2798 4764
83 337 86 340 ⁹
128 342 132 358 ’
221 360 265 428 ω
510 366 641 423 monce
656 371 867 420 munuca
883 349 963 436 (18).

223 531 307 598 helle
321 533 421 606 insto,
442 548 537 614 qnem
557 528 666 593 nidere
687 524 920 592 exhereditatus
939 529 1090 608 cognatos
1110 528 1248 586 nosnos

223 651 256 712 et
269 649 499 710 consenserunt
517 659 628 705 amnes
645 640 721 704 hnic
731 637 889 703 sermoni.
915 635 973 700 filii
986 635 1071 720 regis
1083 653 1164 699 aero
1176 653 1249 698 cnm

223 756 356 822 alumnis
369 752 518 818 inclinato
527 751 628 835 capite
643 751 684 814 ad
696 750 854 815 etaciones
867 767 941 812 snas
954 754 1173 831 perrexerant,
1184 745 1249 810 dax

223 874 328 932 antem
344 884 415 930 cnm
430 864 570 948 palatino
583 883 642 927 sno
655 861 791 925 Setecho
811 859 956 935 nomine,
977 858 1138 923 aduocatis
1155 857 1248 921 mini·

223 975 401 1054 eterialibue
414 975 480 1039 saie
493 974 612 1039 bellum
624 974 736 1057 ingena
750 972 872 1037 indixit.

304 1086 385 1152 Cum
408 1095 515 1152 antem
538 1086 650 1151 inisset
671 1091 881 1169 congregatus
905 1083 1062 1148 exercitus
1083 1085 1195 1167 ingens
1215 1091 1250 1146 et

222 1199 323 1275 tortis,
346 1201 439 1264 tacite
452 1197 669 1282 procedebant
681 1197 813 1282 pedites,
830 1205 863 1261 et
875 1196 1029 1280 sagittarii
1043 1195 1076 1259 in
1088 1202 1173 1258 ante.
1192 1193 1250 1260 atti

200 1345 206 1359 ·
222 1330 302 1378 nero
315 1313 400 1395 regis
413 1330 484 1374 cnm
500 1311 580 1375 dnce
593 1308 754 1384 Boleslao,
774 1315 906 1390 accepte
927 1308 966 1371 ab
981 1307 1054 1373 auia
1074 1325 1132 1371 sna
1151 1305 1250 1371 licen

225 1425 289 1499 cie,
310 1442 382 1488 cnm
396 1443 511 1508 magno
525 1421 659 1496 eiulatu,
678 1421 788 1486 osculo
803 1421 889 1504 pacis
903 1419 1027 1495 tradito,
1043 1427 1115 1502 post
1128 1419 1250 1484 exerci-

221 1545 288 1602 tam
303 1536 488 1619 procedunt
511 1555 582 1598 cnm
596 1542 701 1599 entem
715 1541 823 1598 essent
835 1551 935 1616 prope
949 1532 1084 1595 ciuitatis
1093 1552 1156 1615 qne
1170 1531 1251 1596 dici-

223 1655 274 1717 tur
284 1645 416 1718 Peesth,
425 1645 472 1718 ,ini
488 1646 625 1709 occurrit
638 1645 683 1709 eis
698 1645 762 1707 dax
773 1643 938 1718 Hearicns,
952 1651 985 1706 et
994 1643 1155 1726 congressi
1165 1652 1250 1718 mni,

223 1765 257 1824 et
271 1757 455 1823 ceciderunt
468 1756 626 1821 uulnerati
639 1756 740 1820 multi.
768 1763 800 1820 et
811 1756 890 1820 Alba
903 1757 1086 1820 interiectus
1101 1764 1150 1820 est
1162 1755 1250 1821 iuxta

223 1868 389 1956 paludem,
409 1869 465 1953 qui
479 1869 574 1934 estin
587 1869 692 1934 medic
702 1888 899 1952 camporum,
918 1867 1142 1952 prepel’esth,
1162 1867 1249 1934 unde

223 2000 326 2064 usqae
339 1981 372 2044 in
384 1979 575 2044 hodiernum
589 1980 672 2044 diem
687 1980 861 2063 appellatas
874 1980 965 2062 palus
974 1979 1053 2043 Albe
1067 1980 1159 2061 regis.
1180 1999 1250 2044 cra·

224 2092 307 2156 atina
321 2100 426 2156 autem
441 2091 492 2156 die
507 2091 663 2156 liencicns
677 2091 966 2174 rexiinngarornm
979 2091 1078 2153 mouit
1092 2091 1249 2156 exercitae

224 2222 298 2269 tuns
320 2211 431 2266 contra
451 2201 630 2266 Boleslanm
653 2210 685 2265 et
706 2202 787 2266 filice
808 2202 904 2285 regis,
926 2209 958 2264 et
978 2210 1066 2284 terga
1086 2204 1197 2276 uertit,
1217 2210 1251 2266 et

225 2314 383 2400 persecuti
398 2322 472 2378 sunt
485 2334 569 2389 enm,
590 2320 621 2377 et
634 2313 841 2396 inuestigatns
856 2322 903 2377 est
916 2314 1000 2377 inter
1013 2321 1136 2377 montes
1149 2332 1251 2397 prope

224 2426 382 2490 ciuitatem
396 2425 642 2509 strigoniensem
657 2434 688 2489 et
701 2423 882 2489 interiectas
897 2434 956 2489 est.
977 2426 1086 2509 regina
1100 2445 1178 2489 nero
1193 2444 1251 2489 au·

225 2537 291 2602 dita
305 2545 404 2601 morte
419 2537 524 2601 fratris
544 2557 601 2619 pre
623 2537 719 2601 nimia
732 2538 864 2602 tristicia
876 2538 1040 2603 subitanea
1053 2545 1155 2602 morte
1169 2557 1254 2602 mor·

224 2656 280 2715 tna
293 2659 352 2713 est.

308 2759 383 2823 Post
396 2759 577 2822 conflictum
594 2778 673 2824 nero
688 2761 888 2845 congregatis
907 2760 971 2825 dux
985 2762 1148 2829 Boleslant
1169 2764 1254 2850 epis·

227 2870 315 2954 copie
336 2879 368 2933 et
387 2870 584 2953 magnatibus
599 2871 777 2954 Humatis,
798 2873 962 2938 descendit
979 2873 1012 2938 in
1027 2876 1186 2942 ciuitatem
1200 2896 1253 2942 re·

226 2982 310 3067 giam
324 2980 453 3056 Albam,
472 2989 506 3047 et
518 2983 683 3047 coronanit
695 2982 795 3048 liliam
808 2985 893 3068 regis
905 2985 1059 3069 Stephani
1078 2988 1252 3054 Lenem

226 3093 315 3177 regio
329 3093 522 3168 diademate,
542 3092 670 3157 Petrum
689 3115 767 3158 uero
786 3104 818 3161 et
831 3097 939 3162 Belem
962 3099 1060 3163 duces
1082 3100 1253 3166 constitnit.

227 3205 277 3273 hia
297 3206 404 3289 itaque
426 3205 562 3290 peractis
583 3206 714 3271 recessit
735 3207 770 3271 in
793 3209 945 3274 terminos
965 3231 1041 3276 snos
1061 3211 1093 3275 in
1115 3222 1252 3278 caenum

229 3318 319 3394 Satis,
339 3327 372 3383 et
384 3319 428 3383 ibi
442 3318 658 3383 delectabatur
670 3320 703 3383 in
718 3322 954 3386 uenaciombns.

309 3431 385 3495 Post
403 3451 460 3494 sex
481 3451 607 3499 menses
627 3432 789 3498 nnncianit
808 3433 868 3498 nihi
890 3435 1063 3500 Leuantam
1084 3437 1146 3502 iam
1166 3457 1253 3504 mor·

228 3552 326 3607 wam-
355 3543 404 3607 his
427 3544 540 3609 auditis
562 3545 657 3609 cessit
675 3543 821 3610 lacrimas
840 3549 1066 3624 amarissimae,
1097 3559 1129 3614 et
1150 3550 1252 3618 ueloci

228 3673 322 3745 aaran
342 3655 502 3721 ciuitatem
516 3657 626 3720 Albam
647 3659 803 3741 peruenit.
831 3667 864 3722 et
883 3663 1081 3744 congregetis
1096 3664 1253 3747 episcopis

228 3773 262 3829 et
278 3767 475 3847 magnatibus
495 3775 579 3830 terre
601 3767 701 3832 noluit
722 3787 875 3832 coronare
887 3767 995 3833 Belem
1014 3772 1167 3836 maiorem
1188 3774 1254 3838 ira·

228 3885 332 3952 trem,
364 3877 423 3940 sed
449 3876 518 3959 ipre
547 3885 656 3942 contra
682 3880 823 3944 omnium
852 3879 1046 3946 amenitatem
1072 3881 1168 3967 elegit
1193 3884 1254 3949 Pe·

227 3995 310 4055 num
322 3988 478 4054 iuniorem
490 3989 621 4057 nauem
634 3990 668 4058 in
681 4013 811 4084 regem,
835 3992 910 4083 qnia
922 3994 1004 4072 miro
1016 4015 1089 4061 enm
1103 3977 1257 4089 diligebat

229 4098 345 4175 aiectn
