2798 4764
181 302 183 306 ι
222 336 285 403 att
372 350 635 415 mersores
655 347 791 393 sunonus
811 344 968 392 suususrs.
1010 326 1100 391 tata.

222 506 369 575 edificare
382 506 416 568 iu
429 502 580 567 cimiterio
595 501 788 584 permitatur,
801 519 861 563 nec
874 497 967 562 limus
982 496 1033 560 uel
1045 493 1249 558 immundicie

223 619 284 683 alie
296 619 328 681 in
344 616 502 680 cimiteriis
517 615 704 678 adunentur.
722 611 797 675 talia
810 609 964 674 facientes
977 629 1145 691 quousque
1159 609 1250 672 satis·

223 728 370 803 iecerint,
391 727 432 790 ad
448 724 640 787 uoluntatem
656 721 787 786 rectoris
806 722 847 785 ab
859 721 1005 805 ingressu
1020 719 1152 784 ecclesie
1166 720 1249 783 iliius

221 848 399 905 necamur.

307 948 374 1032 (tt)
394 949 586 1033 Precipimus
613 946 699 1030 quod
727 942 930 1010 ecclesiarum
956 951 1095 1007 rectores
1124 944 1157 1005 in
1183 942 1250 1005 suis

152 1116 155 1125 ,
225 1061 364 1133 ecclesiis
384 1061 506 1145 uigilias
526 1059 596 1123 fieri
616 1077 636 1121 a
655 1057 742 1121 laicis
756 1077 820 1118 non
836 1053 1029 1139 permittant,
1051 1074 1121 1117 cum
1136 1072 1175 1116 ex
1188 1053 1251 1116 hoc

225 1173 373 1239 scandala
388 1172 574 1257 proueniant
587 1179 619 1233 et
631 1173 775 1253 peccata,
787 1168 848 1231 nisi
862 1167 968 1228 forsan
984 1164 1086 1227 inillis
1098 1163 1252 1239 ecclesiis,

226 1283 386 1367 inquibus
401 1303 440 1346 ex
454 1281 628 1345 deuocioue
641 1277 783 1341 fidelium
805 1275 910 1359 uigilie
926 1276 1004 1339 tales
1018 1282 1254 1339 consueuerant

224 1394 294 1460 lieri
307 1397 347 1459 ab
362 1393 501 1476 antiquo.

308 1501 373 1587 ([ιό)
394 1505 442 1567 Ad
465 1502 657 1566 dilatandum
676 1502 709 1564 in
729 1500 844 1565 diuinis
866 1499 978 1565 officiis
999 1498 1133 1563 ecclesie
1155 1499 1254 1563 decus

225 1615 365 1703 presenti
387 1614 614 1679 constitucione
634 1612 778 1676 duximus
799 1613 1015 1684 statuendum,
1038 1611 1123 1692 quod
1138 1631 1253 1693 prepo-

226 1729 294 1805 siti,
315 1727 459 1790 canonici
473 1726 599 1809 plebani
614 1726 712 1788 etalii
726 1725 932 1789 ecclesiarum
949 1733 1088 1787 rectores
1104 1733 1135 1786 et
1149 1723 1253 1786 clerici

228 1837 368 1903 uniuersi
379 1837 411 1899 in
423 1836 640 1919 preposituris,
656 1834 805 1909 canoniis,
820 1844 852 1899 et
862 1836 1089 1919 plebanatibus,
1101 1835 1255 1913 tectoriis,

227 1957 262 2015 et
277 1948 346 2011 aliis
368 1946 521 2022 ecclesiis,
540 1945 701 2029 inquibus
719 1944 896 2009 beneficiati
911 1946 1065 2020 existunt,
1086 1946 1138 2009 uel
1152 1965 1170 2008 a
1185 1947 1255 2029 qui·

151 2142 155 2149 g
227 2059 287 2125 ltus
301 2058 515 2124 ecclesiastica
527 2057 684 2140 recipiunt
693 2057 860 2140 stipendia,
873 2057 1079 2121 residenciam
1092 2057 1256 2131 iacientes,

226 2168 314 2237 horis
324 2168 483 2233 canonicis
496 2169 537 2232 ad
552 2168 654 2231 minus
666 2167 838 2243 matutinis,
851 2169 946 2233 misse
961 2168 1011 2232 uel
1027 2169 1150 2250 uespris
1159 2169 1256 2231 inter·

228 2281 307 2357 rint,
329 2301 401 2345 cum
422 2281 467 2345 cis
487 2280 529 2343 ad
548 2278 609 2343 hoc
622 2279 684 2342 sint
698 2279 907 2344 ecclesiastica
921 2280 1075 2343 beneficia
1088 2280 1255 2363 deputata,

229 2402 265 2461 ut
278 2395 318 2459 de
332 2392 409 2475 ipsis
431 2391 563 2457 honeste
578 2392 716 2456 debeant
735 2391 863 2467 uiuere,
884 2401 916 2456 et
929 2393 991 2455 deo
1005 2401 1036 2457 et
1050 2392 1139 2455 dictis
1153 2393 1257 2457 eccle-

228 2505 282 2570 siis
297 2506 330 2569 in
344 2504 420 2586 ipsis
436 2502 549 2567 diuinis
564 2502 677 2566 olliciis
691 2523 764 2566 cum
777 2503 960 2567 reuerencia
975 2505 1148 2567 deseruire.
1168 2505 1256 2587 quod

229 2614 327 2698 siquis
342 2634 451 2678 eorum
466 2613 498 2675 in
515 2614 662 2695 predictis
677 2622 781 2695 pateat
795 2614 958 2697 negligens
972 2615 1023 2678 uel
1036 2616 1203 2690 remissus,
1225 2624 1258 2679 ct

231 2745 288 2808 per
310 2725 512 2788 diecesanum
530 2723 581 2787 uel
606 2724 776 2805 capitulum
800 2705 854 2787 uel
873 2725 968 2787 alium
981 2727 1175 2808 superiorem
1191 2746 1259 2788 am-

230 2835 367 2898 monitus
387 2853 450 2896 non
474 2834 706 2908 emendauerit,
734 2835 793 2897 sed
814 2836 993 2899 huiusmodi
1013 2837 1258 2921 negligenciam,

230 2964 271 3009 ue
290 2943 430 3006 dicamus
452 2951 683 3025 contemptum,
705 2964 769 3006 non
792 2946 940 3011 uideatur
961 2948 1178 3011 emendacioni
1200 2948 1260 3011 sed

230 3055 449 3119 consuetudini
464 3054 571 3136 pocius
587 3055 755 3137 deputare,
777 3057 966 3139 quotidianis
981 3058 1258 3122 distribucionibus

230 3165 313 3231 illius
334 3166 412 3241 diei,
433 3186 496 3249 quo
518 3167 636 3250 ubsque
657 3167 839 3230 racionabili
857 3187 953 3232 causa
973 3169 1072 3233 abluit
1094 3189 1113 3232 a
1134 3170 1259 3245 diuinis,

230 3276 263 3340 in
285 3277 389 3361 aliqua
412 3278 451 3341 dc
472 3277 572 3340 trihus
590 3277 676 3339 horis
690 3279 850 3361 predictis,
871 3279 940 3361 ipso
954 3280 995 3342 sit
1009 3281 1091 3343 tacto
1106 3283 1259 3363 priuatus,

233 3410 290 3472 per
305 3390 505 3453 diecesanum
527 3390 579 3454 uel
601 3390 694 3452 alium
713 3391 908 3472 superiorem
929 3412 1020 3456 suum
1037 3392 1064 3455 si
1078 3393 1260 3456 huiusmodi

231 3502 483 3586 negligenciam,
516 3502 569 3565 uel
597 3512 810 3584 contemptum
840 3525 904 3567 non
931 3505 1051 3569 studuit
1078 3507 1260 3569 emendare.

231 3612 335 3677 officia
358 3614 569 3675 continuando
597 3614 755 3694 predicta,
789 3615 916 3696 grauius
943 3616 1138 3698 puniendus,
1167 3625 1198 3679 et
1225 3625 1261 3680 ut

232 3721 412 3785 huiusmodi
427 3722 611 3788 constitucio
627 3723 738 3787 melius
752 3725 948 3801 obseruatur,
964 3728 1153 3809 deputentur
1162 3727 1262 3809 aliqui

231 3832 393 3913 asingulis
409 3833 552 3913 capitulis
566 3833 794 3898 cathedralium
813 3845 845 3900 et
859 3837 1095 3921 collegiatarum
1110 3837 1263 3901 ecclesia-

231 3961 300 4005 rum
322 3943 375 4024 qui
397 3943 559 4007 absencias
582 3954 614 4009 et
636 3947 848 4030 negligencias
870 3949 977 4012 talium
996 3957 1118 4025 notent,
1140 3959 1171 4013 ct
1184 3950 1262 4014 scri·

231 4053 317 4119 bant
345 4055 572 4138 parochialium
592 4078 668 4120 uem
689 4060 905 4137 sacerdotum,
927 4071 958 4125 et
979 4062 1111 4127 aliorum
1128 4062 1262 4127 clerico-

230 4186 302 4245 tutu
315 4167 511 4267 negligencia
525 4177 557 4241 et
569 4172 691 4243 utiense
703 4171 738 4241 iu
752 4171 865 4281 rutilus
880 4180 911 4245 at
925 4173 1006 4257 aliis,
1027 4195 1089 4271 quc
1105 4195 1123 4242 a
1137 4194 1214 4245 cum
1229 4137 1271 4258 et,
