2798 4764
218 346 313 405 murt
326 348 466 404 narseum
481 354 552 405 vrrs
568 355 609 405 ss.
621 357 776 407 zorrrmt
789 337 1133 433 erasmoremll-d).
1155 343 1216 415 ldd

189 522 268 588 tum,
291 533 362 577 eum
382 514 441 578 iam
457 515 557 579 dictus
572 517 745 581 monachos
760 517 948 584 Benedictus
969 541 1045 605 sepe
1063 521 1214 601 uenisset,
1231 581 1237 591 ,

187 627 263 691 mibi
284 627 343 692 hee
360 648 421 710 que
442 638 617 711 sequuntur
635 631 674 692 de
697 630 762 694 uita
783 632 850 694 eius
874 633 1043 697 uenerabili
1064 636 1213 701 narrauit.

269 850 313 933 (ἢ)
335 853 504 935 Postquam
520 853 603 916 idem
618 853 807 918 uenerabilis
823 855 872 918 uir
886 856 1027 921 Andreas
1049 858 1147 923 eremi
1161 878 1213 924 so·

186 964 347 1026 litudincm
372 965 482 1046 peciit,
514 986 627 1047 magua
648 966 775 1048 quidem
801 967 941 1048 corporis
966 967 1213 1051 defatigacione,
1335 1002 1348 1020 ·

184 1072 353 1157 spiritualis
374 1084 477 1138 autem
492 1074 556 1137 uite
571 1076 831 1140 corroboracione
851 1077 1002 1141 ieiunium
1018 1099 1144 1162 semper
1157 1080 1214 1143 ob-

184 1186 334 1250 seruauit.
361 1187 459 1249 trssrus
479 1187 589 1250 diebus
611 1190 650 1250 ab
672 1189 756 1251 omni
774 1211 810 1252 re
831 1210 893 1272 que
914 1190 1019 1253 mandi
1039 1196 1145 1272 potest
1158 1190 1214 1254 ab·

184 1298 292 1361 stinuit
308 1318 365 1381 pro
387 1298 554 1360 dilectione
579 1299 683 1381 gracie
706 1300 820 1382 ipsius,
843 1301 897 1382 qui
923 1307 1050 1384 propter
1069 1300 1213 1365 bomiaot

186 1411 280 1472 bomo
300 1410 417 1482 sactus,
449 1412 656 1493 quadraginta
681 1412 792 1475 diebus
818 1412 979 1476 ieiunauit.
1011 1418 1212 1476 comantem

185 1522 457 1605 quadragesimale
490 1530 613 1606 tempus
642 1523 822 1599 adueniret,
853 1524 998 1607 exemplo
1027 1525 1091 1593 uite
1117 1544 1214 1608 regu·

184 1633 274 1706 laris,
299 1634 357 1695 sub
379 1654 441 1716 qua
465 1634 604 1697 Zozimas
628 1635 725 1698 abbas
748 1637 898 1719 degebat,
930 1636 981 1699 ubi
1005 1635 1213 1720 quadraginta

185 1745 322 1827 quinque
348 1744 477 1827 dactylis
502 1747 635 1828 quisque
660 1748 934 1830 quadragesimam
962 1748 1111 1822 deduxit,
1141 1746 1210 1832 ipse

184 1876 202 1919 a
230 1865 318 1939 patre
343 1856 501 1939 Philippo,
533 1878 638 1940 aquo
663 1858 802 1922 habitum
825 1859 988 1943 religionis
1013 1867 1212 1945 perceperat,

184 1969 390 2052 quadraginta
409 1990 504 2032 nuces
526 1971 659 2052 accepit,
681 1981 713 2035 et
727 1991 765 2034 eo
781 1971 918 2036 existens
932 1972 1020 2035 uictu
1034 1980 1210 2048 contentus,

183 2081 266 2143 diem
281 2089 387 2143 sancte
402 2083 641 2145 resurrectionis
657 2102 726 2144 cum
747 2083 861 2166 gaudio
876 2083 1077 2167 exspectauit.
1096 2083 1210 2146 iisdem

183 2212 260 2255 uero
285 2198 316 2254 el
341 2191 409 2255 aliis
434 2192 561 2266 diebus,
589 2191 662 2254 licet
682 2213 755 2256 esus
777 2193 816 2255 ad
839 2213 953 2278 corpus
969 2192 1210 2255 refocillandum

183 2324 245 2366 noo
260 2301 361 2365 solum
376 2323 439 2364 oon
454 2303 630 2377 sufficeret,
651 2324 762 2366 uerum
777 2304 875 2366 eciam
890 2303 1033 2387 spiritum
1052 2301 1155 2383 ipsum
1170 2300 1210 2366 ad

184 2415 342 2478 delectum
357 2415 563 2498 perduceret,
584 2414 651 2498 ipse
666 2422 772 2477 tamen
787 2420 920 2494 excepto
934 2421 1076 2494 tempore
1090 2411 1212 2476 oracio·

183 2526 231 2589 nis
246 2547 416 2608 numquam
434 2546 452 2587 a
467 2525 574 2588 labore
589 2524 739 2598 cessauit,
754 2523 811 2588 sed
826 2530 954 2606 accepta
967 2523 1084 2599 securi,
1101 2541 1212 2605 quem

65 2644 69 2651 '
184 2639 255 2700 dam
277 2637 474 2699 laboraturus
493 2636 572 2698 silu'e
591 2636 695 2698 locum
714 2634 887 2698 solitarium
908 2633 1043 2698 intrauit.
1071 2633 1124 2698 ubi
1139 2632 1211 2698 eom

180 2771 237 2833 pre
259 2750 354 2812 nimio
376 2748 483 2811 labore
507 2755 539 2810 et
557 2747 666 2810 ieiunii
686 2747 881 2811 districtione
896 2766 1029 2829 corpore
1050 2752 1083 2809 et
1099 2744 1211 2828 spiritu

182 2859 361 2933 deficiente,
383 2859 517 2941 quadam
534 2858 583 2922 die
600 2867 800 2941 premortuus
822 2859 953 2934 iaceret,
975 2859 1104 2941 quidam
1120 2857 1211 2922 iuue-

181 2971 229 3034 nis
249 2969 477 3051 puleberrimus
500 2977 627 3050 aspectu
648 2979 679 3032 et
701 2969 831 3032 uisioois
852 2969 992 3052 angelice
1013 2968 1157 3042 aduenit,
1178 2972 1211 3032 et

181 3081 359 3164 inpositum
381 3080 528 3144 uebiculo
550 3079 589 3142 ad
613 3079 723 3141 cellam
744 3080 811 3142 eius
835 3078 974 3142 adduxit.
1005 3085 1037 3140 at
1057 3076 1158 3141 extasi
1176 3076 1210 3141 in

182 3213 243 3276 qua
259 3199 327 3256 erat
340 3193 531 3265 decedente,
552 3199 718 3274 postquam
740 3192 779 3252 ad
799 3213 833 3253 se
852 3210 1015 3263 reuersus,
1037 3189 1114 3273 quid
1134 3207 1210 3273 erga

184 3305 285 3385 ipsum
299 3303 513 3366 misericordia
534 3302 584 3365 dei
608 3303 724 3384 egisset
746 3301 891 3383 agnouit,
912 3318 1006 3381 supra
1021 3299 1104 3361 dicto
1119 3295 1212 3359 disci·

185 3416 256 3497 pulo
270 3436 328 3480 suo
343 3417 527 3488 Benedicta,
548 3415 601 3497 qui
623 3414 699 3476 mibi
717 3412 776 3475 bec
793 3412 950 3485 narrauit,
970 3409 1134 3472 consessus
1148 3415 1212 3483 est,

185 3531 400 3611 constringens
422 3548 491 3590 cum
507 3528 700 3600 iuramento,
727 3545 767 3587 ne
789 3533 861 3587 ante
877 3522 960 3585 diem
974 3520 1078 3584 obitus
1091 3519 1140 3583 soi
1152 3539 1216 3582 oo·-

184 3648 248 3704 tum
264 3642 410 3724 cuiquam
425 3640 551 3702 laceret.

264 3862 309 3947 (3)
330 3864 403 3928 Post
417 3863 557 3926 laborem
569 3869 672 3925 autem
686 3859 831 3923 diurnum
847 3858 969 3942 corpori
980 3855 1119 3941 quietem
1133 3876 1210 3920 noe·

183 3983 308 4042 turoam
322 3974 415 4039 talem
429 3974 586 4048 adhibuit,
608 3992 669 4056 que
691 3970 790 4055 magis
810 3970 958 4034 tormenti
976 3976 1008 4034 et
1021 3967 1211 4044 afflictionis,

183 4109 278 4175 quam
288 4088 410 4172 requiei
420 4105 537 4150 nomen
550 4091 715 4148 mereatur.
736 4082 895 4167 planatum
906 4078 1054 4164 equidem
1064 4087 1210 4143 truncum

183 4198 369 4293 quercinum
381 4217 459 4285 sepe
471 4194 697 4277 circumdedit,
718 4201 751 4262 et
769 4214 827 4283 per
839 4193 941 4282 ipsam
955 4209 1065 4279 sepem
1084 4182 1218 4255 smum·
