2798 4764
179 287 221 357 72
473 304 602 357 crossen
622 307 833 357 msonsonms
853 287 908 377 (7).

179 472 315 528 casuum
333 462 430 539 Salis,
451 464 557 549 ibique
576 464 660 529 inter
673 465 855 548 ilungaros,
875 463 1037 545 linthenos
1059 472 1093 529 et
1111 463 1205 533 Polo.-

179 595 236 639 nos
249 575 345 639 linem
360 577 487 641 dabant.

260 686 402 751 Crastina
420 696 526 751 autem
547 688 597 752 die
619 689 658 752 da
680 695 749 752 orto
764 688 826 751 iam
846 688 913 752 sole
928 697 1145 751 conuenerunt
1160 688 1205 751 si·

178 798 242 863 mul
257 808 290 862 et
304 799 444 862 osculum
458 801 542 882 pacis
556 807 761 882 acceperunt,
783 799 938 883 simulque
953 796 1123 882 complexis
1138 817 1205 862 ma·

177 911 270 973 nibas
290 911 329 973 ad
350 909 561 975 cathedralem
583 912 746 975 ecclesiam
761 911 1024 996 strigoniensem,
1045 931 1107 994 que
1128 919 1204 975 tunc

177 1024 210 1085 in
225 1021 377 1086 honorem
392 1023 490 1086 sancti
504 1023 649 1104 martyris
659 1023 818 1087 Adalberti
831 1024 1020 1087 Polonorum
1035 1032 1067 1086 et
1076 1023 1205 1106 llungs-

176 1152 283 1197 rorum
304 1152 388 1197 nouo
402 1153 500 1217 opera
514 1134 735 1208 fabricabatur,
758 1142 978 1216 peruenerunt.
1007 1133 1202 1197 sanctissimo

177 1264 254 1307 uero
270 1243 415 1326 pontifice
429 1245 471 1309 ad
486 1244 622 1308 officium
641 1245 736 1310 misse
755 1246 863 1310 induto
879 1265 950 1309 cum
964 1245 1111 1310 ministris
1124 1242 1205 1309 sacri

177 1354 281 1419 altaris
301 1355 431 1439 aliisque
452 1356 680 1439 pontificalibus
699 1357 805 1440 cappis
828 1365 861 1423 et
879 1356 985 1421 infulis
1006 1357 1141 1431 ornatis,
1170 1363 1206 1421 ut

176 1467 273 1533 stellis
293 1469 326 1531 in
346 1471 413 1533 calo
429 1469 600 1533 nitentibus
620 1469 792 1552 fulgebant.
822 1489 960 1552 regeque
975 1469 1134 1552 Stephano
1153 1489 1206 1533 cr·

176 1586 252 1641 natu
266 1597 355 1642 sacro
370 1581 484 1643 uestita
500 1587 532 1643 et
546 1580 720 1643 diademate
735 1580 822 1663 regio
833 1589 982 1644 coronato
997 1589 1030 1643 ut
1043 1580 1109 1643 sole
1122 1580 1208 1649 inter,

176 1689 281 1753 stellas
305 1689 510 1774 perfulgenti,
536 1700 609 1774 post
628 1711 748 1754 sacram
775 1693 1008 1774 processionem
1032 1690 1206 1776 gradienti,

176 1823 272 1884 super
288 1822 412 1865 omnem
428 1803 577 1886 populum
592 1804 631 1866 sb
644 1804 777 1867 humero
793 1812 825 1869 et
837 1825 961 1868 sursum
975 1805 1134 1867 eminenti.
1158 1802 1207 1868 ef·

176 1915 257 1979 fecta
279 1923 382 1978 autern
403 1916 605 1997 processione
626 1917 757 1981 uerbum
780 1918 830 1981 slei
845 1917 1021 2000 predicant,
1041 1916 1206 2001 priuilegia

177 2036 282 2090 sancte
303 2046 433 2091 romane
453 2027 538 2090 curie
559 2028 740 2110 opperiunt,
761 2029 898 2092 audienti
920 2029 1004 2091 omni
1027 2029 1143 2112 populo
1158 2028 1206 2091 (li-
1260 2108 1267 2117 ἱ

179 2137 288 2201 stincte
311 2136 435 2221 legunt,
456 2139 579 2222 utrique
596 2139 712 2222 populo
728 2160 836 2223 pacem
856 2150 889 2204 et
909 2140 1081 2205 amiciciam
1095 2157 1206 2205 corrn-

176 2251 318 2314 boratam
345 2251 481 2315 edicunt.
519 2252 633 2334 placuit
653 2253 797 2318 omnibus
819 2263 851 2319 ot
871 2253 1047 2317 iuramento
1071 2252 1204 2335 propriis

177 2364 321 2426 manibus
336 2363 610 2428 confirmauerunt.
642 2374 713 2448 post
726 2365 864 2430 officium
877 2374 984 2428 sancte
1000 2364 1142 2427 trinitatis
1156 2363 1205 2427 in·

179 2475 307 2559 cipitur:
335 2475 500 2540 benedicta
522 2477 562 2540 sit
584 2485 689 2540 sancta
712 2478 841 2541 trinitas.
873 2476 976 2540 hostia
998 2496 1075 2538 uero
1096 2483 1205 2539 sancta

178 2607 235 2668 pro
255 2605 329 2668 rege
353 2594 384 2649 et
405 2588 545 2668 principe
566 2596 598 2649 ct
617 2608 674 2671 pro
693 2596 804 2651 cuncto
829 2589 944 2670 populo
965 2607 1022 2670 per
1044 2586 1204 2669 presulem

176 2696 332 2759 Astricum
352 2697 480 2770 offertis,
501 2717 576 2779 pace
597 2709 740 2781 accepta,
762 2700 855 2762 missa
870 2698 957 2761 finita
976 2698 1015 2760 acl
1030 2717 1088 2760 sua
1101 2705 1204 2761 tento·

177 2807 224 2870 ria
243 2807 392 2881 redeunt,
413 2807 518 2889 ibique
540 2809 572 2869 in
593 2809 710 2891 gaudio
729 2819 760 2872 et
780 2808 883 2873 leticia
904 2808 1004 2891 epulis
1019 2816 1051 2871 et
1068 2808 1204 2891 potibus,

177 2919 208 2981 in
225 2919 349 2981 chordis
364 2927 395 2981 et
408 2919 551 3003 organis,
571 2920 604 2982 in
619 2920 774 3002 tympanis
787 2930 818 2984 et
832 2920 951 2995 choris,
972 2920 1005 2983 in
1019 2919 1157 3002 cytharis
1171 2927 1205 2991 at
1242 2972 1246 2981 .

177 3030 298 3112 pleialis
313 3030 391 3095 letos
406 3030 475 3092 Vlll
490 3031 739 3095 duxeruntalies.

259 3140 316 3204 His
334 3141 439 3224 ltaque
459 3141 594 3205 feliciter
608 3143 770 3224 completis
786 3144 888 3207 omnis
902 3145 1092 3209 Polonorum
1113 3163 1204 3209 exer*

178 3252 256 3317 citus
281 3274 298 3317 a
322 3253 434 3317 maiori
459 3273 558 3337 usqua
583 3255 623 3316 nd
648 3254 803 3318 macram
826 3256 1009 3319 muneribus
1033 3255 1204 3338 replentur.

179 3365 249 3427 duci
264 3384 340 3428 uero
357 3366 438 3428 dona
453 3369 635 3429 offeruntur.
662 3374 733 3450 post
747 3365 807 3430 hec
822 3387 899 3431 uero
914 3376 1107 3451 separantur.
1138 3365 1203 3433 dux

177 3475 366 3541 Polonorum
385 3479 417 3541 in
440 3488 575 3542 castrum
596 3477 675 3541 Salis
698 3479 850 3561 perrexit,
871 3499 928 3543 rar
948 3499 1024 3543 uero
1038 3479 1203 3562 ilungaro-

54 3591 67 3605 '
178 3607 246 3649 rum
261 3590 292 3651 in
306 3588 417 3653 Albam
432 3590 587 3655 ciuitatem
606 3610 695 3653 snam
710 3591 854 3654 dilectam
868 3574 1059 3675 properauit.

259 3699 335 3764 Erat
353 3700 470 3763 interea
491 3720 547 3763 rex
568 3701 650 3764 idom
664 3701 767 3766 fidelis
788 3703 821 3765 in
835 3703 979 3766 omnibus
993 3703 1112 3767 actibus
1127 3703 1204 3777 suis,

178 3809 239 3871 deo
255 3809 393 3891 perfecte
408 3811 557 3887 deuotus,
578 3832 636 3895 per
651 3822 759 3876 uotum
774 3822 805 3877 et
818 3813 1016 3878 oblacionem
1033 3824 1134 3879 semet
1153 3815 1202 3898 ip·

177 3938 248 3983 sum
262 3939 332 3983 cum
351 3940 450 4002 regno
463 3940 522 3984 suo
543 3921 600 3983 sub
615 3923 710 3985 tulela
728 3931 880 4006 perpetuo
902 3924 1031 4009 uirginis
1049 3925 1100 3988 (lei
1114 3923 1203 4006 geni·

177 4030 262 4094 tricis
276 4031 372 4093 llarle
393 4032 537 4115 precibus
558 4032 691 4097 assiduis
712 4036 859 4108 offerens,
879 4034 969 4100 cuius
982 4036 1081 4119 gloria
1095 4044 1127 4103 at
1141 4035 1201 4101 bo·

180 4163 238 4209 nor
258 4152 319 4208 nm
340 4142 471 4231 celebris
491 4144 571 4210 inter
584 4145 750 4232 Hungaros
770 4148 912 4213 habetur.
940 4156 972 4213 et
993 4157 1028 4213 ut
1048 4149 1202 4223 maiorem
