2798 4764
230 356 297 423 581
382 364 645 420 condrrrnrrcrnrs
665 373 800 420 arnonas
819 372 974 420 rmssrs.
1020 356 1111 419 till.

230 529 312 593 adeo
326 546 492 610 pauperes,
513 527 650 602 uento,
670 525 867 601 celindrrni,
889 534 945 590 aut
956 525 1032 589 alias
1046 526 1203 590 inhabiles
1217 528 1259 591 ad

228 640 430 714 studendum,
451 640 538 722 quod
549 640 687 702 studium
702 639 841 721 incipere
855 647 1014 721 nequeant
1029 639 1080 702 uel
1094 639 1259 720 perticere,

228 758 284 817 arrt
295 751 465 814 terminare
480 751 648 833 inceptum.
677 750 790 831 quibus
808 748 1043 831 impedimentis
1061 750 1258 814 cessantibus

226 869 394 926 teneantur
416 863 575 942 incipere,
606 870 637 926 et
661 861 822 942 inceptum
853 859 1004 942 perficere
1030 860 1186 934 stadium,
1221 870 1257 925 ut

227 973 373 1056 seperius
401 979 450 1035 est
476 991 670 1054 expressum.
705 972 745 1034 ad
775 971 914 1053 predicta
939 990 1068 1054 qnoque
1097 973 1257 1054 implenda

229 1081 442 1148 archidiaconi
461 1082 632 1164 supradicti
655 1083 757 1144 asnis
776 1082 951 1145 diecesanis
972 1085 1258 1163 peramoenum,

229 1201 263 1259 et
281 1193 494 1276 priuacionern
514 1201 699 1275 perpetuam
724 1193 825 1258 esuis
844 1193 1149 1257 archidiaconatibus
1170 1214 1257 1257 corn-

228 1305 392 1390 pellantur.
402 1305 602 1387 indulgemus
611 1312 715 1368 autem
727 1303 952 1369 archidiaconis
964 1304 1254 1390 supradictis,qaod

228 1416 312 1483 inira
329 1417 498 1481 triennium
519 1435 583 1498 quo
602 1417 707 1479 studio
730 1416 852 1498 prelato
871 1417 1043 1491 necabunt,
1063 1418 1258 1481 archidiaco-

229 1539 373 1604 natuum,
395 1537 428 1592 et
447 1528 580 1592 allorum
601 1527 828 1592 beneficiorum
849 1547 978 1591 suorum
1000 1528 1119 1609 fructas
1136 1538 1169 1593 et
1182 1548 1257 1613 pro-

230 1650 344 1705 uentus
359 1661 430 1704 cum
444 1660 484 1703 ea
495 1639 674 1723 integritate
690 1639 881 1721 percipiant,
903 1658 974 1702 curn
994 1659 1056 1721 qua
1077 1641 1163 1721 ipsos
1185 1661 1258 1721 per-

231 1752 372 1835 ciperent
390 1752 416 1812 si
430 1750 462 1812 in
476 1751 566 1813 dictis
581 1750 883 1813 archidiaconatibus
899 1749 951 1813 uel
965 1750 1128 1814 beneficiis
1147 1771 1257 1834 perso·

229 1862 342 1928 naliter
360 1870 575 1936 morarentur,
602 1863 794 1945 quotidianis
817 1861 1108 1937 distribucionibus,
1136 1882 1197 1946 qne
1221 1864 1255 1927 ia

229 1993 313 2060 pane
336 1983 367 2038 et
387 1974 475 2047 aino,
497 1973 627 2057 singulis
648 1975 700 2037 acl
723 1975 816 2037 certis
831 1975 941 2038 diebus
963 1974 1152 2038 exhibentur
1165 1976 1256 2038 darn-

228 2094 317 2152 taxat
340 2087 498 2169 exceptis,
529 2085 590 2148 nisi
612 2086 646 2147 in
669 2085 813 2149 fraudem
841 2086 997 2168 presentis
1020 2085 1255 2150 constitucion'rs

228 2199 372 2265 redditus
400 2199 453 2282 qai
483 2207 717 2265 consueuerant
743 2199 777 2260 in
805 2199 939 2281 pecunia
965 2199 1098 2282 percipi,
1128 2201 1256 2265 ordina-

228 2318 340 2375 rentur
353 2328 412 2392 pro
426 2308 702 2373 distribucionibus
716 2310 807 2391 panis
820 2317 854 2373 et
865 2307 943 2372 uini.

312 2420 382 2502 (39)
405 2421 608 2484 Prohibemas
622 2440 665 2484 ne
674 2440 768 2484 cause
783 2421 1029 2485 matrimoniales
1043 2423 1102 2486 nisi
1114 2423 1257 2487 discretis

231 2539 263 2597 et
283 2533 429 2616 gradihus
451 2541 484 2596 et
502 2533 641 2596 honestis
660 2534 892 2597 committantur
906 2535 1049 2616 personis
1070 2544 1101 2598 et
1114 2536 1259 2599 habenti·

230 2645 289 2708 lras
302 2645 379 2706 iaris
393 2644 534 2709 canonici
550 2646 712 2726 periciam,
732 2645 783 2706 uel
798 2665 962 2708 causarum
976 2647 1209 2728 experienciam
1224 2648 1257 2710 in

230 2756 344 2818 talibus
364 2764 584 2838 opportunam.
611 2756 775 2819 statuimus
798 2765 832 2818 ut
856 2758 952 2820 iudex
976 2758 1008 2819 in
1030 2759 1131 2822 causis
1151 2761 1258 2822 matri·

231 2863 416 2928 monialibus
437 2872 533 2927 testes
552 2885 611 2946 per
624 2886 659 2927 se
674 2866 775 2948 ipsum
791 2867 843 2928 uel
858 2866 951 2929 aliurn
970 2869 1138 2932 discretum
1153 2879 1184 2933 et
1198 2869 1258 2932 ho·

146 2950 155 2961 ⁵
231 2983 369 3048 nestum,
395 2976 470 3038 iuris
485 2977 634 3058 periciam
648 2977 701 3040 uel
715 2977 830 3040 bonam
845 2979 1074 3061 experiendam
1090 2999 1257 3044 causarum

229 3085 398 3150 amentem
415 3087 580 3150 examinet.

311 3197 377 3281 (ὅθ)
399 3199 481 3275 Quia
495 3218 558 3261 non
575 3199 651 3262 nulli
665 3200 776 3283 prelati
790 3201 950 3265 seculares
964 3211 995 3266 et
1008 3203 1168 3287 regulares
1181 3206 1257 3267 sub·

230 3313 301 3379 dtis
316 3313 380 3378 suis
395 3312 536 3375 inhibent
550 3333 591 3375 ne
607 3312 807 3376 ecclesiarum
823 3313 890 3377 siue
905 3317 1166 3379 monasteriorum
1181 3336 1256 3380 suo-

229 3444 299 3488 rnm
312 3432 427 3487 statam
444 3444 664 3505 personarum,
686 3432 716 3486 et
730 3444 835 3487 rerum
851 3426 1024 3488 eorundem
1039 3427 1255 3509 superioribas

229 3536 296 3599 suis
308 3555 364 3597 sea
380 3534 458 3608 aliis,
479 3554 538 3617 per
551 3556 631 3618 qnos
645 3537 686 3598 ad
699 3535 848 3598 noticiam
863 3555 971 3600 corum
987 3537 1188 3619 perueniant,
1207 3539 1257 3599 in·

229 3646 355 3708 cinam
369 3646 421 3709 ael
435 3655 601 3728 exponant,
612 3649 741 3710 eosdem
755 3648 899 3711 subditos¹
911 3650 968 3711 sub
979 3649 1145 3712 iuramenti
1159 3649 1255 3712 inter·

230 3757 405 3837 poncione,
427 3766 458 3820 et
472 3757 541 3822 aliis
555 3758 687 3821 uinculis
702 3759 926 3842 astringentes,
948 3760 1000 3822 uel
1018 3760 1050 3821 in
1064 3760 1150 3842 ipsos
1163 3761 1189 3823 si
1204 3781 1256 3823 se-

229 3867 455 3942 confecerint,
480 3870 815 3934 excommunicacionis
834 3870 1026 3935 sentenciam
1047 3872 1257 3953 proterentes.

228 3977 370 4042 nonnulli
391 3979 489 4043 eciam
513 4000 553 4044 ex
574 3982 620 4045 eis
641 3983 782 4045 subditos
803 3983 889 4065 ipsos
904 3982 1089 4065 plerumque
1105 3983 1182 4045 alios
1196 3983 1257 4046 sibi

230 4090 384 4175 obligant,
406 4111 449 4153 nc
470 4093 509 4156 de
529 4101 635 4156 cetero
654 4093 760 4158 dicam
778 4095 847 4158 siue
866 4094 1042 4174 deponant,
1064 4094 1258 4159 denuncient

229 4210 284 4270 aar
302 4203 425 4270 iacimt
438 4202 557 4290 utque
573 4213 688 4271 watra
705 4224 775 4283 cos,
796 4224 855 4290 per
868 4205 955 4290 quod
968 4205 1085 4271 malum
1099 4205 1152 4270 uel
1166 4206 1258 4270 dam-
