2798 4764
201 331 263 403 ddi
305 350 495 403 ssrsmrn
509 347 599 398 mors
613 349 654 396 un
674 349 785 396 uonna
805 347 1022 395 msrrrurross
1042 347 1145 397 cmc.
1166 325 1235 418 (rr.)

201 507 426 593 sempiternum
446 505 554 569 statuit
577 506 655 568 deus
670 503 729 569 illis
745 523 864 587 eosque
884 503 1066 587 segregauit
1080 505 1119 568 ub
1131 504 1236 568 homi·

201 622 312 695 nibus,
337 629 368 684 et
388 619 434 683 sui
457 617 592 683 nominis
611 626 704 700 atque
724 616 894 681 sanctitatis
909 617 984 680 tecit
999 618 1183 699 participes,
1205 626 1238 682 ct

202 733 242 796 ab
262 732 399 795 hnmano
421 731 472 794 die
494 728 655 795 interdixit
675 729 955 811 reprehendendos
970 749 1041 792 esse
1063 749 1120 810 per
1135 729 1236 792 Dauid

203 844 349 909 deificum
370 864 496 927 regem:
518 843 760 924 nolitetangere
778 841 918 904 Christos
939 860 1038 904 meos.
1063 842 1115 904 ille
1130 850 1236 906 autem

202 957 301 1039 tangit
316 956 456 1019 Christos
478 956 546 1029 dei,
567 955 620 1037 qui
635 955 901 1018 contra'diuinum
923 961 955 1017 et
976 973 1131 1017 canonum
1147 955 1237 1017 insti-

204 1076 314 1142 tutum,
327 1068 406 1131 sacri
422 1066 541 1130 ordinis
556 1068 641 1130 uiros
656 1067 743 1129 falsis
754 1066 1026 1134 criminosioribus
1041 1066 1127 1131 ledat
1141 1075 1236 1149 atque

204 1179 237 1243 in
253 1179 411 1261 publicum
428 1178 589 1261 protrahit.
615 1179 700 1261 quod
719 1187 749 1243 te
764 1180 891 1244 omnino
905 1178 950 1240 fili
965 1179 1006 1240 mi
1021 1198 1115 1261 agere
1129 1179 1237 1260 prohi-

206 1289 284 1365 beo,
306 1291 331 1353 si
346 1291 394 1353 uis
410 1292 521 1354 beatus
535 1291 645 1353 uiuere
661 1298 692 1352 et
706 1298 793 1353 tuum
809 1310 942 1373 regnum
957 1290 1141 1363 honestare,
1163 1289 1237 1371 quia

205 1401 239 1466 in
251 1402 311 1466 'his
333 1403 428 1466 rebus
446 1402 599 1484 imprimis
615 1404 783 1466 offenditur
796 1404 886 1466 deus.
913 1403 938 1464 si
953 1403 1116 1467 accidente
1131 1410 1236 1466 autem

208 1515 299 1597 culpa
319 1515 567 1597 reprehensione
588 1515 696 1597 digna,
716 1534 906 1598 quemquam
927 1514 1039 1576 horum
1060 1515 1100 1576 de
1121 1513 1235 1596 quihus

207 1645 311 1689 sermo
335 1634 384 1689 est
404 1625 570 1700 ceciderit,
592 1626 677 1708 quod
692 1625 790 1699 absit,
812 1625 934 1708 corripe
949 1646 1020 1689 eum
1036 1634 1093 1698 ter,
1114 1634 1236 1708 qunter,

207 1734 290 1799 inter
305 1745 334 1799 te
356 1736 459 1817 ipsum
481 1736 600 1811 solum,
621 1737 706 1800 iuxta
725 1746 910 1818 preceptum
934 1736 1100 1819 euangelii.
1121 1739 1147 1800 si
1163 1747 1236 1801 tunc

207 1855 331 1910 secreta
344 1846 449 1909 renuit
463 1846 573 1910 audire
588 1848 723 1922 monita,
744 1848 925 1911 adhihenda
939 1858 1012 1911 sunt
1026 1849 1079 1911 tihi
1095 1850 1236 1931 publica,

206 1960 379 2022 secundum
393 1958 452 2021 hec
468 1977 475 2019 τ
498 1959 524 2021 si
543 1966 573 2022 te
588 1980 652 2021 non
667 1960 813 2033 audierit,
834 1960 883 2022 dic
899 1961 1041 2023 ecclesie.
1075 1981 1147 2024 nam
1162 1963 1188 2024 si
1203 1972 1236 2026 tu

207 2070 351 2133 ordinem
371 2070 530 2146 seruabis,
560 2079 644 2136 tuam
668 2071 837 2153 gloriosum
860 2072 986 2155 penitus
1010 2070 1163 2138 exaltabis
1184 2093 1236 2136 co-

206 2201 327 2246 ronam.

291 2407 473 2470 Carrrucusr
490 2406 541 2469 tv.
568 2408 611 2469 Ile
624 2410 733 2470 bonore
744 2410 914 2491 principum
927 2421 953 2471 ct
967 2412 1103 2472 milium.
1133 2409 1236 2484 Quar-

206 2525 257 2583 tus
278 2519 375 2582 decor
394 2518 483 2602 regni
507 2527 554 2582 est
575 2519 725 2594 fidelitas,
746 2520 910 2595 tortitudo,
937 2523 1074 2604 agilitas,
1096 2523 1236 2595 comitas,

208 2631 430 2713 prouidencia,
452 2631 642 2712 principum,
661 2634 826 2707 comitum,
846 2635 988 2696 militum.
1010 2634 1052 2696 illi
1067 2636 1150 2697 enim
1164 2643 1236 2697 sunt

206 2743 294 2824 regui
319 2741 587 2825 repugnaculum,
615 2744 801 2808 defensores
825 2746 1045 2821 imbecillium,
1075 2765 1235 2827 expugna·

205 2862 291 2916 tores
306 2855 569 2927 aduersariorum,
584 2866 838 2937 augmentatores
853 2858 1072 2921 marchiarum.
1092 2858 1136 2920 illi
1152 2858 1234 2919 enim

205 2962 250 3026 lili
264 2965 321 3025 mil
343 2972 416 3026 sunt
431 2972 536 3047 patres
551 2973 582 3027 et
595 2966 719 3030 fratres.
740 2989 779 3031 ex
792 2968 842 3031 his
859 2989 936 3032 uero
949 2970 1106 3032 neminem
1122 2969 1153 3031 in
1169 2990 1235 3031 ser·

206 3073 337 3136 uitntem
357 3075 481 3157 redigas
497 3075 549 3138 uel
569 3098 698 3140 seruum
717 3079 870 3142 nomines.
896 3080 940 3142 illi
955 3081 1009 3142 tibi
1026 3082 1157 3143 militent
1172 3100 1235 3141 non

205 3185 354 3247 seruiant.
375 3207 485 3248 corum
499 3188 644 3251 omnibus
658 3191 725 3253 sine
739 3191 787 3253 ira
802 3200 833 3253 et
847 3191 995 3272 superbia
1009 3200 1102 3273 atque
1118 3189 1236 3251 inuidia

204 3294 353 3376 pacifice,
374 3296 542 3372 humiliter,
565 3310 727 3364 mansuete
742 3301 921 3377 dominare,
942 3303 1093 3365 memoria
1112 3321 1236 3382 semper

205 3406 362 3481 retinens,
384 3411 470 3491 quod
485 3431 594 3473 omnes
615 3411 761 3473 homines
781 3412 874 3475 unius
893 3413 955 3475 sint
974 3410 1184 3483 condicionis,
1206 3416 1238 3471 et

205 3518 289 3599 quod
313 3518 389 3580 nihil
412 3520 517 3584 eleuat
538 3520 597 3584 nisi
619 3520 794 3594 humilitas,
816 3532 848 3586 et
862 3523 947 3605 quod
969 3523 1046 3584 nihil
1061 3519 1156 3582 deicit
1176 3518 1236 3580 nisi

203 3628 353 3709 superbia
375 3639 407 3693 et
427 3631 556 3694 inuidia.
582 3631 609 3695 si
629 3633 692 3695 eris
714 3632 862 3713 pacificus
883 3642 958 3695 tunc
972 3632 1087 3696 diceris
1109 3649 1182 3700 rex,
1204 3635 1236 3689 et

203 3739 287 3821 regis
299 3740 391 3814 lilius,
405 3749 499 3823 atque
514 3742 668 3805 amaberis
679 3762 697 3804 a
708 3743 830 3805 cunctis
841 3741 1000 3804 militibus.
1021 3740 1047 3802 si
1058 3738 1235 3810 iracundus,

203 3851 369 3931 superbus,
390 3850 525 3924 inuidos,
546 3851 745 3933 inpacificus,
765 3872 861 3934 super
881 3851 1011 3915 comites
1033 3860 1064 3914 et
1078 3849 1235 3932 principes

203 3963 358 4024 ceruicem
381 3961 534 4034 erexeris,
555 3964 623 4026 sine
642 3964 738 4027 dubio
755 3963 906 4028 fortitudo
921 3963 1054 4026 militum
1074 3964 1235 4026 hebetudo

203 4068 263 4132 erit
276 4067 428 4150 regalium
443 4068 645 4151 dignitatum,
663 4082 694 4136 et
707 4073 818 4139 alienis
833 4072 972 4135 tradetur
986 4095 1119 4158 regnum
1136 4083 1235 4139 tuum.

201 4176 264 4245 hcc
277 4177 391 4244 timens
405 4200 479 4248 cum
493 4181 604 4268 regula
617 4182 768 4252 uirtutum
783 4185 884 4274 dirige
899 4183 997 4251 uitam
1011 4189 1180 4264 comitum,
1201 4194 1236 4252 ut
