2798 4764
208 302 270 409 Rs
534 323 607 370 rrrr
628 321 652 406 s.
669 321 805 370 censam
826 303 906 389 (17].

211 475 418 558 despicietur,
439 484 471 540 ct
485 476 619 540 uerbum
634 477 685 541 dei
698 496 762 540 non
776 478 956 560 recipietur.
980 477 1084 541 clerus
1106 479 1241 561 despec-

209 588 254 653 tui
268 588 451 662 habebitur,
472 589 617 652 monachi
632 596 726 652 erunt
738 590 819 653 uarii
834 571 953 652 coloris
965 588 997 652 iu
1013 589 1139 665 habitu,
1160 591 1240 654 etin

210 700 343 765 diuersis
363 700 592 764 conuenticulis
614 702 831 775 morabuntur,
855 702 980 765 deserta
1001 701 1123 783 fugient
1140 711 1172 765 et
1192 702 1240 765 ui·

209 818 273 875 tam
295 810 464 873 solitariam
486 831 551 874 non
571 813 729 875 amabunt.
761 812 849 875 multi
873 813 974 875 eciam
993 813 1135 895 appetitu
1155 832 1239 875 nane

211 920 309 1004 glorie
330 919 440 985 laudes
461 921 616 985 humanas
637 932 787 1005 querant,
809 933 841 986 et
855 931 947 986 eruut
961 923 1078 1006 populo
1092 924 1124 987 in
1146 942 1240 1006 para-

209 1031 314 1097 bolam
335 1032 417 1095 etin
439 1034 578 1096 derisum
601 1031 730 1117 propter
753 1054 842 1097 snam
861 1033 1092 1098 instabilitatem
1115 1043 1145 1096 et
1166 1054 1240 1117 pre-

209 1145 437 1227 sumpcionem.
469 1145 529 1208 hec
551 1130 582 1209 et
603 1145 663 1209 alia
688 1165 749 1228 quc
774 1154 901 1210 sanctus
926 1147 975 1209 uir
998 1147 1179 1228 predixerat
1199 1146 1239 1210 de

211 1255 314 1339 gladio
325 1255 459 1321 ulcionis
473 1258 505 1322 iu
514 1258 623 1320 Albam
638 1278 757 1340 regem,
770 1257 856 1323 iuxta
872 1234 1074 1341 propheciam
1088 1257 1157 1320 cius
1171 1278 1239 1322 om-

210 1370 262 1435 nia
277 1380 460 1435 euenerunt.

293 1593 358 1678 (17)
378 1596 506 1660 Factum
528 1605 576 1660 est
597 1604 700 1660 autem
723 1605 889 1680 postquam
904 1597 1013 1660 heatus
1035 1617 1091 1660 rex
1105 1596 1239 1679 Stepha-

210 1724 269 1766 nus
285 1705 323 1768 ad
338 1703 441 1767 lucem
454 1704 528 1768 fidei
541 1705 707 1769 christiane
719 1706 912 1770 Pannoniam
927 1709 1152 1784 conuertissct,
1168 1728 1238 1772 cam

210 1815 269 1905 sub
284 1816 455 1898 patrocinio
475 1817 566 1880 beate
587 1818 718 1901 uirginis
738 1820 911 1902 resignans,
932 1821 964 1882 in
980 1821 1032 1885 die
1047 1820 1240 1903 assumpcic·

209 1926 260 1990 nis
276 1928 418 1991 eiusdem
440 1930 546 1992 matris
570 1930 687 1992 domini
709 1951 804 1995 carne
825 1931 946 1995 solutus
967 1932 1006 1995 ad
1026 1941 1167 1996 eternam
1187 1953 1239 1996 re-

209 2040 316 2123 quiem
332 2040 500 2104 translatus
516 2050 573 2105 est.
594 2050 771 2126 postquem
783 2042 895 2106 Petrus
908 2043 939 2105 in
951 2064 1058 2127 regem
1071 2053 1238 2108 coronatus

105 2180 113 2189 ·
210 2159 274 2228 est,
296 2152 347 2216 cui
362 2173 433 2216 cum
448 2173 558 2217 omnes
573 2155 661 2238 regni
674 2156 834 2238 principes
851 2154 1032 2219 fidelitatem
1048 2156 1107 2218 sub
1121 2157 1239 2220 iureiu-

208 2266 307 2331 tundo
328 2266 588 2349 spopondissent,
618 2267 697 2330 Alba
719 2286 823 2332 comes
842 2268 972 2351 palacii,
998 2268 1120 2333 deiecto
1145 2269 1237 2334 Petro

208 2379 347 2464 regalem
364 2398 513 2442 coronam
527 2388 558 2442 et
572 2379 674 2443 aulam
689 2381 809 2463 regiam
823 2379 882 2444 sibi
896 2381 1068 2464 usurpauit
1093 2402 1156 2466 quo
1166 2402 1239 2466 reg·

208 2499 305 2555 nante
327 2499 362 2553 ut
385 2490 428 2552 ait
447 2490 619 2572 propheta,
640 2493 767 2574 sanguis
782 2491 966 2574 sangninem
980 2491 1096 2574 tetigit,
1119 2502 1150 2556 et
1165 2514 1238 2573 pec·

209 2609 312 2665 catum
333 2609 462 2683 peccato
482 2601 662 2664 adiunctum
682 2610 741 2664 cst.
771 2621 843 2664 nam
862 2603 976 2666 sanctis
996 2602 1236 2685 quadragesima

209 2710 319 2774 diebus
334 2710 571 2774 honestissimos
586 2732 730 2795 quosque
752 2712 801 2774 sui
817 2713 938 2774 consilii
958 2714 1042 2775 uiros
1057 2713 1192 2776 fustibus
1205 2721 1237 2776 et

208 2822 298 2905 palis,
317 2822 405 2885 uetur
424 2822 565 2886 iumenta
581 2843 637 2886 seu
661 2823 753 2887 bruta
773 2822 918 2888 animalia
940 2845 1035 2888 ausus
1050 2834 1098 2889 est
1118 2824 1237 2888 interii·

208 2952 291 2998 cere.
312 2934 450 3016 quicum
467 2934 629 2997 adsedem
643 2934 851 3009 Morisenam,
873 2935 913 2998 ad
934 2934 1040 2998 locum
1059 2934 1144 2999 beati
1159 2934 1237 3000 Ger-

206 3046 297 3111 hardi
311 3045 467 3129 pontificis
479 3045 617 3110 uenisset
630 3045 791 3130 paschalia
802 3055 999 3112 sacramenta
1010 3049 1236 3121 celebratumt,

208 3158 258 3223 die
272 3178 350 3223 uero
366 3159 522 3222 dominice
537 3159 778 3222 resurrectionis
792 3160 919 3223 mittens
936 3162 1093 3245 principes
1109 3171 1140 3225 et
1153 3163 1236 3244 epis-

206 3292 303 3357 copos
315 3272 355 3335 ad
369 3273 494 3335 beatum
505 3271 686 3355 pontificem
703 3279 737 3334 ut
749 3291 806 3354 per
820 3292 931 3335 manus
945 3274 1043 3357 ipsius
1058 3275 1235 3357 imponatur

119 3454 121 3458 Α
206 3382 351 3449 diadema
365 3385 453 3468 regni
469 3403 565 3466 super
579 3390 672 3467 capot
685 3384 765 3460 eius,
776 3384 880 3468 ipsum
894 3386 1020 3451 beatum
1037 3385 1234 3449 Gerhardum

206 3496 292 3578 cepit
310 3496 455 3560 inuitare.
485 3515 549 3580 quo
568 3504 721 3560 renuente
741 3503 772 3559 et
791 3497 903 3560 uenire
923 3497 1068 3570 notente,
1095 3495 1235 3577 episcopi

205 3606 261 3689 qui
281 3609 411 3670 aderant
425 3609 528 3690 ipsum
544 3615 732 3671 coronantes
747 3626 817 3671 cum
833 3625 948 3690 magno
963 3613 1075 3670 ornatu
1094 3612 1126 3667 et
1140 3604 1236 3666 corni·

204 3723 271 3779 tatu
286 3714 360 3779 cieri
375 3725 407 3780 ct
422 3717 529 3799 popuii
545 3719 576 3781 in
591 3718 754 3783 ecclesiam
769 3718 982 3781 introducunt.
1010 3723 1043 3778 at
1056 3714 1105 3776 uir
1121 3713 1171 3777 dei
1185 3733 1235 3776 rc-

203 3824 307 3910 pietus
325 3828 437 3909 spiritu
458 3839 587 3904 sancto,
607 3830 689 3894 stola
709 3827 842 3893 candida
859 3835 1047 3921 coopertus,
1061 3824 1235 3888 ascendens

203 3936 359 4023 pulpitum
381 3940 464 4021 cepit
484 3959 592 4023 regem
608 3942 647 4005 de
662 3961 719 4006 sua
732 3938 915 4004 crudelitate
937 3936 1112 4020 intrepidus
1127 3938 1237 4002 redar-

204 4066 318 4136 guere,
340 4049 463 4114 dicens:
485 4058 593 4114 sancte
607 4052 847 4145 quadragesima
862 4050 1071 4116 obseruancia
1092 4057 1237 4134 peccato·

202 4160 292 4228 ribus
306 4163 379 4228 data
392 4162 496 4227 estad
509 4161 653 4239 ueniam,
674 4171 707 4229 et
725 4160 815 4231 iustis
833 4163 873 4228 ad
886 4162 1061 4248 premium,
1082 4172 1236 4230 tuentem
