2798 4764
322 910 559 993 obtunsior}
585 909 707 993 nnsis
734 905 975 991 SGLAWNIAE

481 1096 800 1185 LIBERTAS

134 1283 395 1346 nosnrsunr
420 1282 473 1342 ur
498 1281 681 1342 niseus
702 1280 859 1341 vrnns
880 1245 1159 1341 rvnndczn.

532 1419 758 1480 nrccxxxrr.

445 1577 467 1626 Ε
486 1591 548 1625 mss·
568 1574 692 1639 Stephani
710 1573 843 1638 Kuprinei.

215 1835 425 1896 Coiomunnus
447 1831 497 1894 dei
523 1830 627 1912 gracia
651 1852 706 1892 rex
729 1839 759 1892 et
781 1831 843 1892 dux
862 1831 961 1892 tocius
982 1829 1159 1904 Sciuuonie‚

135 1945 289 2006 uniuersis
315 1963 444 2025 presens
469 1943 617 2023 scriptum
643 1942 827 2022 inspecturis
855 1942 985 2004 sulutem
1010 1951 1041 2004 et
1066 1961 1158 2004 omne

134 2057 260 2118 bonurn.

218 2171 288 2242 Qne
310 2178 444 2248 aguntur
465 2187 534 2227 eum
555 2175 713 2245 ternpore,
736 2186 775 2226 ne
790 2166 934 2226 labantur
949 2185 1020 2227 cum
1036 2167 1159 2239 eodem,

136 2281 323 2362 prudentum
344 2278 492 2341 stubiiiuit
514 2278 717 2359 prouidenrin
741 2296 778 2339 eu
801 2275 960 2338 literarum
980 2277 1160 2339 testimonio

135 2393 294 2453 roborare.
316 2399 423 2452 noscat
444 2389 537 2470 igitur
559 2398 621 2451 tum
645 2408 776 2470 presens
797 2388 988 2450 uniuersitus
1003 2407 1096 2469 quum
1112 2388 1161 2450 fu·

136 2511 220 2575 turn,
242 2504 326 2584 quod
342 2522 399 2563 nos
415 2502 588 2581 hospitibus
605 2501 718 2562 nostris
734 2502 772 2562 de
788 2519 901 2581 magna
915 2499 988 2563 uilla
1004 2501 1161 2564 i'ereucze

135 2613 252 2673 ternod
268 2632 398 2693 presens
415 2612 617 2673 existentibus
632 2630 726 2693 quam
749 2611 1045 2693 supemenientibus
1068 2611 1161 2674 talem

137 2723 353 2784 constituimus
367 2724 553 2785 libertatem

220 2831 264 2913 (i)
287 2834 323 2894 tt
338 2844 369 2895 et
383 2834 480 2895 libere
502 2836 613 2896 uenire
634 2836 755 2916 possint
770 2856 839 2898 cnm
856 2837 1001 2898 omuibus
1021 2837 1163 2918 pecuniis

137 2944 200 3006 suis
225 2953 256 3006 et
278 2945 426 3006 recedere
447 2965 509 3027 qno
532 2946 703 3020 noluerint,
726 2949 844 3028 ubsque
866 2948 1075 3009 diminucione
1096 2969 1164 3010 om-

138 3055 224 3115 nium
244 3075 349 3116 rerum
372 3075 516 3128 suorum,
538 3064 599 3117 tam
619 3057 762 3119 domibus
783 3058 848 3120 suis
869 3059 1046 3129 diuenditis,
1068 3077 1162 3138 qnam

139 3165 205 3226 aliis
221 3167 284 3226 suis
300 3167 493 3227 necessariis.

220 3274 266 3356 (2)
288 3277 436 3338 Preterea
460 3278 671 3341 concessimus
697 3279 815 3341 eisdem
839 3279 923 3360 quod
952 3280 976 3341 si
1001 3279 1071 3359 qnis
1095 3278 1162 3341 sine

138 3388 306 3448 heredibus
332 3388 510 3448 discesserit
535 3408 574 3449 ex
596 3389 682 3470 ipsis,
708 3390 806 3468 possit
826 3389 993 3469 pecuniam
1019 3407 1106 3449 suam
1132 3398 1164 3451 et

138 3500 243 3560 omnia
257 3518 447 3580 quecunque
466 3498 625 3571 babuerit,
648 3500 824 3581 cuicunque
841 3499 985 3573 uoluerit,
1006 3500 1073 3562 siue
1090 3519 1164 3583 cog·

137 3610 218 3670 natis
234 3611 308 3682 suis,
329 3609 397 3670 sinc
414 3629 470 3689 pro
486 3609 626 3670 remedio
642 3611 743 3671 anime
760 3611 937 3690 disponere.

220 3718 268 3799 (3)
290 3723 366 3782 ltem
382 3720 597 3783 constituimus
618 3720 662 3783 eis
678 3722 762 3803 quod
778 3723 866 3784 nobis
882 3724 921 3785 de
937 3725 1075 3804 qualibet
1089 3726 1162 3788 uilio

136 3841 228 3914 portu
248 3842 382 3915 quatuor
401 3834 543 3915 pondera
565 3852 635 3895 cum
656 3840 773 3897 statera
795 3834 853 3896 ioci
868 3835 1051 3916 persoluere
1074 3844 1163 3900 tene-

139 3951 239 4018 antur,
261 3945 327 4007 siue
342 3943 476 4027 plurime
492 3946 553 4008 sint
567 3945 746 4008 mansiones
760 3947 794 4008 in
808 3967 871 4008 una
886 3945 984 4010 curin

220 4055 270 4134 (i)
293 4057 441 4119 Preterca
455 4057 671 4120 constituimus
686 4059 771 4139 quod
785 4057 887 4120 nuilus
904 4058 999 4122 iudex
1012 4061 1044 4121 in
1060 4062 1162 4123 causis

137 4186 247 4229 eorum
263 4167 349 4247 ipsos
363 4168 464 4248 possit
475 4168 628 4242 iudicare,
650 4169 709 4232 nisi
723 4170 824 4233 solum
839 4170 963 4234 uillicus
977 4190 1089 4234 eorum
1103 4189 1161 4252 pro
