2798 4764
349 343 501 391 amenas
521 343 678 390 nosmrmr
698 344 731 389 nr
751 341 857 390 cosra.
898 324 989 391 lm
1120 325 1180 393 tat

237 494 286 579 (b)
309 496 335 561 si
357 517 434 560 uero
456 496 585 559 ulterius
608 496 702 559 faerit
722 515 852 559 necesse
874 495 906 557 in
926 496 992 578 ipsa
1007 494 1082 559 nilla
1095 514 1183 559 com-

156 610 288 683 morari,
310 610 420 671 domos
441 607 532 669 nobis
554 617 585 671 et
599 610 713 671 nostris
728 608 922 680 concedent,
942 607 999 670 sed
1014 627 1076 690 que
1090 606 1182 673 nobis

157 718 209 784 uel
227 720 341 782 nostris
354 719 430 782 lient
446 721 638 793 necessaria,
660 722 742 783 iusto
757 719 863 801 precio
879 719 1140 800 comparabimus.

239 828 283 911 (5)
304 830 365 893 hoc
388 831 488 893 eciam
508 832 681 893 eorundem
702 849 886 892 concessum
907 838 955 892 est
976 829 1126 903 libertati,
1147 838 1183 895 ut

157 943 195 1007 ad
207 944 393 1007 resecandas
408 953 532 1026 segetes
547 951 669 1005 nostras
685 942 787 1005 nullus
802 943 941 1025 ipsorum
956 942 1053 1005 inuite
1068 940 1184 1024 poterit

156 1052 316 1138 compelli,
339 1053 397 1115 nisi
412 1055 481 1136 quis
498 1053 623 1135 propria
638 1054 720 1115 bona
735 1053 895 1117 uoluntate
909 1053 1110 1116 concesserit.

241 1163 285 1246 (6)
306 1164 366 1226 hoc
389 1165 487 1226 oriam
507 1164 624 1238 addito,
646 1166 731 1247 quod
753 1185 845 1228 nemo
861 1164 973 1228 exiliis
995 1164 1026 1227 in
1041 1173 1181 1229 nostram

155 1277 349 1362 legacionem
374 1277 541 1339 mittendus
563 1275 637 1349 erit,
658 1276 717 1338 nisi
737 1296 794 1358 per
814 1284 930 1338 tantam
951 1295 1050 1360 usque
1070 1276 1181 1341 horam

156 1388 278 1472 prandii
293 1389 406 1468 poterit
420 1387 587 1469 perueniri.

239 1497 285 1580 (7)
308 1519 367 1561 noc
380 1500 441 1560 boc
460 1499 748 1580 pretermittendum
764 1507 827 1572 est,
848 1506 883 1561 ut
897 1500 923 1561 si
938 1500 1008 1583 quis
1021 1499 1180 1580 hospitum

157 1612 418 1692 supradictorum
440 1611 507 1672 sine
530 1610 648 1672 herede
663 1610 852 1684 decesserit,
874 1631 983 1673 omncs
997 1631 1068 1673 suas
1084 1609 1181 1674 lacul-

157 1732 235 1785 tates
259 1722 390 1784 liberum
419 1721 547 1784 babebit
571 1722 731 1784 arbitrium
755 1743 944 1805 quocunqne
966 1724 1051 1786 uolet
1075 1725 1181 1806 dispo-

156 1834 261 1897 nendi.

239 1941 284 2027 (8)
305 1945 332 2007 si
347 1945 416 2028 quis
431 1947 529 2008 eciam
542 1946 667 2010 illorum
683 1967 717 2010 se
732 1966 752 2011 a
765 1947 856 2010 nobis
869 1947 1006 2011 uoluerit
1016 1948 1180 2014 absentare

158 2067 188 2120 et
210 2059 249 2120 de
269 2057 339 2120 loco
356 2058 438 2121 dicto
454 2058 623 2130 recedere,
646 2058 751 2120 omnia
770 2078 827 2120 sua
842 2057 974 2131 edificia,
991 2058 1109 2122 scilicet
1124 2060 1181 2125 do-

157 2188 225 2231 mos
239 2179 270 2232 et
284 2169 401 2232 curiam
416 2168 596 2241 uendendo,
614 2169 709 2232 saltus
722 2169 817 2231 rebus
831 2168 977 2230 omnibus
990 2167 1042 2231 dis
1055 2167 1180 2234 lucente

152 2281 347 2353 licenciatus,
376 2281 494 2362 absque
517 2278 579 2341 ullo
601 2278 788 2362 impeditore
810 2278 937 2341 liberam
958 2277 1074 2340 babeat
1092 2298 1180 2343 rece·

154 2393 247 2456 dendi
262 2392 450 2455 facultatem.

236 2503 280 2586 (9)
302 2513 446 2587 preterea
466 2505 493 2565 si
514 2503 583 2585 quis
606 2503 639 2565 in
659 2502 809 2565 iudicium
828 2500 989 2576 inciderit,
1016 2502 1180 2585 sexaginta

154 2617 299 2682 denarios
313 2614 430 2690 soluat,
451 2623 483 2677 et
498 2635 560 2678 non
575 2614 693 2699 plures.

235 2726 300 2810 (10)
331 2728 358 2790 si
382 2747 459 2790 uero
485 2726 597 2810 aliquis
624 2747 663 2790 ex
686 2726 764 2810 ipsis
787 2725 965 2809 hospitibus
989 2725 1181 2791 discordiam

153 2841 286 2904 mouerit
306 2859 377 2902 cum
397 2838 582 2920 conbospite
605 2857 673 2911 suo,
694 2836 863 2900 ctirruens
882 2835 1017 2901 inillam
1031 2837 1181 2901 uerbera·

152 2952 251 3026 uerit,
273 2958 351 3032 quot
372 2969 482 3031 passus
503 2949 621 3033 pedum
643 2957 718 3011 sunt
736 2948 776 3012 de
798 2948 892 3011 domo
912 2947 1058 3011 irruentis
1077 2966 1179 3033 usqua

154 3066 193 3129 ad
215 3064 342 3127 domum
365 3061 536 3133 uerberati,
558 3060 689 3123 totidem
703 3058 865 3140 sexaginta
879 3057 1081 3121 denariorum
1095 3075 1180 3140 pena

153 3174 310 3257 punietur.

236 3283 301 3365 (11)
322 3285 349 3347 si
370 3284 440 3368 quis
460 3293 563 3346 autem
587 3281 692 3365 gladio
714 3280 846 3346 altarum
869 3280 1076 3355 ulnerauerit,
1102 3284 1181 3362 quot

155 3395 284 3475 pollices
304 3396 336 3458 in
357 3373 482 3458 uulnus·
494 3393 612 3456 illatum
630 3393 826 3475 impriment,
846 3396 893 3454 tot
906 3389 1068 3470 sexaginta
1082 3389 1180 3452 dena'·

155 3507 219 3570 rios
233 3507 300 3591 ipse
316 3507 475 3571 ulnerator
489 3505 614 3568 soluere
630 3502 766 3567 debebit.

237 3616 302 3700 (12)
324 3619 350 3682 si
371 3638 447 3683 uero
462 3637 533 3680 cum
549 3615 673 3680 cultello
688 3614 759 3699 quis
779 3615 900 3678 socium
920 3632 1012 3676 suum
1031 3610 1180 3677 uulnera·

153 3732 249 3806 uerit,
272 3751 381 3794 manos
402 3730 544 3793 eiusdem
565 3725 747 3790 sauciatoris
767 3725 800 3788 in
817 3723 950 3790 macello
965 3743 1036 3787 cum
1054 3722 1179 3790 cultello

154 3845 269 3907 debeat
284 3842 451 3926 penetrari.

235 3955 309 4036 (13)
330 3957 356 4017 si
371 3956 443 4038 quis
455 3965 561 4020 autem
575 3953 711 4038 aliquem
726 3950 885 4027 occiderit,
905 3951 973 4035 ipse
988 3949 1089 4016 eciam
1103 3968 1180 4013 con·

153 4075 201 4133 tra
214 4066 385 4130 occidetur.

890 4172 932 4241 ‘di
