2798 4764
178 348 240 420 0111
503 358 686 420 naamon
708 370 749 419 on
770 364 882 419 11111.

175 524 271 591 Gaius
291 527 332 590 de
354 524 429 590 uilia
442 527 588 590 Domiun.
617 526 763 590 Uaradini
786 536 849 590 tres
867 547 907 590 ex
922 525 983 589 iilis
998 524 1119 588 iuribus
1137 544 1221 608 por·

176 644 241 702 tato
252 639 336 702 ierro
348 646 421 701 sunt
431 637 602 712 iustificati,
616 638 750 701 scilicet:
767 638 927 712 ntodoros,
942 636 1060 711 Chebc,
1075 636 1219 719 Chymp.

176 748 245 813 Bud
260 769 337 812 uero
352 750 385 810 in
400 751 473 812 dato
489 747 623 811 termino
639 768 704 811 non
719 747 905 829 comparuit.

259 859 360 935 (fla)
384 860 490 922 Unuca
517 860 557 921 de
582 858 656 921 uilia
681 861 810 920 Zamtou
835 858 973 939 impeciit
997 859 1221 922 conuillanum

178 990 269 1034 suum
289 970 408 1032 scilicet
422 969 553 1031 Paulum
573 969 611 1031 de
628 970 729 1042 sarto,
749 968 852 1031 iudice
870 969 1007 1051 Quiiged
1030 969 1143 1031 curiali
1159 989 1223 1031 co-

177 1079 253 1144 mite
276 1080 316 1143 de
336 1079 460 1152 Bichor,
483 1078 632 1160 pristaido
647 1080 752 1162 Agard
773 1079 812 1141 de
835 1080 946 1142 eadem
971 1079 1046 1141 uilia
1069 1081 1221 1142 Zamtou.

179 1189 294 1253 Paulus
311 1179 433 1272 portato
447 1188 551 1264 ferro,
574 1190 648 1251 dum
664 1189 715 1252 die
730 1189 886 1251 dominica
901 1191 941 1252 da
958 1209 1066 1271 pacem
1082 1208 1222 1253 manum

178 1318 266 1365 suam
282 1298 465 1362 soluendam
480 1300 669 1382 porrigeret,
685 1300 882 1382 supradictus
894 1300 1000 1362 Unuca
1015 1301 1225 1364 renunciauit

179 1410 295 1475 iudicio
315 1411 390 1474 scrri
413 1412 587 1486 candentis,
609 1411 715 1474 dicens
731 1433 764 1473 se
781 1411 858 1473 iaisa
872 1410 1020 1492 opinione
1035 1411 1224 1488 inductum,

172 1543 276 1605 'supra
291 1525 485 1588 nominatum
498 1524 629 1586 Paulum
645 1524 684 1586 de
699 1523 783 1585 furto
799 1522 989 1603 impeciisse.

214 1640 235 1655 ⁹·
265 1635 367 1709 (115)
388 1633 630 1697 Bartholomeus
645 1635 684 1696 de
700 1633 774 1696 uilia
790 1634 962 1696 Naduduor
976 1632 1113 1715 impeciit
1127 1634 1226 1697 Hen-

180 1743 280 1807 ricum
304 1742 401 1805 filium
422 1743 506 1804 Pous
532 1744 571 1805 de
594 1744 704 1806 eadem
726 1743 819 1819 uitia,
848 1744 954 1806 dicens
978 1745 1062 1825 quod
1084 1763 1225 1808 seruum

180 1872 273 1918 snum
296 1853 423 1916 nomine
444 1855 552 1916 Fatam
585 1853 740 1917 uiolenter
761 1855 790 1916 ei
813 1855 1006 1928 abstulisset,
1034 1853 1141 1918 atilio
1168 1877 1227 1920 re·

183 1963 328 2048 spondit,
350 1965 423 2048 quia
443 1984 523 2038 uon,
544 1965 601 2028 sed
615 1983 685 2027 cum
701 1974 792 2046 pater
806 1965 872 2027 eius
888 1963 1015 2027 nominc
1031 1964 1227 2030 Saturninus

182 2082 343 2141 teneretur
364 2075 392 2139 ei
407 2075 440 2138 in
454 2076 593 2158 quinque
609 2076 736 2150 marcis,
758 2076 879 2138 duabus
895 2077 1019 2149 solutis,
1041 2096 1099 2158 pro
1115 2079 1227 2142 tribas

180 2186 321 2251 dedisset
336 2187 365 2249 ci
379 2207 506 2249 seruum
522 2185 791 2268 prenominatum,
809 2194 840 2249 et
851 2206 948 2269 snper
958 2187 1018 2247 hoc
1032 2187 1227 2252 adduxisset

180 2304 288 2363 testes.
323 2299 381 2363 sed
405 2298 488 2361 Mica
513 2318 619 2361 comes
645 2296 866 2371 Bichoriensis,
899 2298 1030 2360 testibus
1053 2297 1226 2379 prodactis

181 2428 247 2472 non
266 2417 443 2483 contentus,
464 2410 547 2473 misit
562 2417 726 2491 utramque
742 2416 861 2490 partem
877 2409 1068 2472 Uaradinum
1083 2408 1124 2471 ad
1142 2428 1226 2472 exa·

181 2540 255 2583 men
275 2520 350 2584 ierri
373 2521 547 2595 candentis,
570 2541 625 2603 per
644 2520 828 2603 pristalduru
852 2521 979 2582 nomine
1000 2521 1153 2583 ioannem
1181 2525 1225 2586 de

180 2631 378 2715 uiliaApaty,
400 2632 453 2695 ubi
469 2635 705 2714 prenominatus
719 2632 874 2695 chricus
890 2633 1027 2714 seipsum
1043 2651 1228 2715 recognos-

183 2760 268 2816 cens,
288 2744 426 2806 reddidit
440 2764 565 2805 seruum
580 2744 812 2806 Bartholorueo.

266 2854 366 2926 (116)
387 2852 506 2932 Regiae
527 2853 668 2934 hospitus
691 2854 730 2914 dc
756 2854 918 2935 prouincia
937 2855 1011 2915 noui
1026 2853 1135 2928 castri,
1160 2859 1229 2918 sei-

183 2960 258 3024 licet
268 2961 434 3024 Teutonici
449 2963 488 3024 dc
506 2964 542 3023 X.
558 2962 650 3036 uitiis,
666 2984 727 3044 quo
743 2964 890 3026 dicuntur
903 2963 1079 3037 Fcincmet,
1096 2965 1228 3051 Cttzep-

186 3079 308 3147 nemci,
335 3073 539 3155 Oiugudmet,
567 3074 707 3147 Puruen,
728 3074 846 3155 (lancy,
873 3075 1006 3149 Urnzca,
1037 3075 1116 3148 Uist,
1151 3078 1227 3161 igy-

185 3185 355 3260 hdzasuisi,
378 3184 663 3268 Ccce,1)ubucya‚
685 3187 893 3267 irnpecicrunt
908 3186 1029 3248 uiliicos
1043 3207 1137 3259 suos,
1161 3189 1230 3251 sci·

184 3292 275 3361 licet:
299 3297 455 3359 Sibretum
476 3303 507 3358 et
521 3294 704 3359 Michaatem
728 3296 767 3358 dc
783 3295 861 3357 falsa
877 3295 1087 3369 uitiicacione,
1110 3299 1229 3361 dicen·

185 3416 244 3485 tes,
264 3410 350 3492 quod
365 3427 569 3491 oppressores
584 3418 690 3470 essent
704 3407 811 3489 populi
826 3417 857 3470 et
872 3408 1094 3489 dilapidatores
1108 3430 1228 3475 rerum

185 3521 336 3605 ipsorum.
358 3540 492 3604 quorum
508 3540 634 3582 cansam
647 3520 865 3601 OcyusBanus
881 3539 920 3581 ex
936 3527 1083 3600 precepto
1098 3530 1133 3583 et
1146 3541 1230 3584 auc-

187 3633 313 3694 toritate
341 3632 422 3711 regis
448 3630 634 3702 discuciens,
665 3631 876 3711 computando
901 3641 1025 3692 centurn
1051 3639 1082 3693 et
1104 3632 1229 3695 decem

189 3762 309 3804 marcas
327 3743 446 3824 argenti
468 3743 499 3804 in
521 3743 647 3815 damno,
668 3749 700 3803 et
719 3741 802 3803 misit
823 3761 877 3803 eos
894 3741 1083 3803 Uaradiunm
1102 3743 1145 3804 ad
1166 3762 1232 3806 ex·

188 3870 278 3915 amen
298 3850 373 3912 ferri
392 3852 571 3926 candentis,
593 3871 649 3935 per
663 3851 846 3934 pristaidum
867 3852 993 3914 nomino
1007 3855 1232 3934 Augustinum

189 3961 229 4025 de
250 3959 326 4024 uilia
341 3958 405 4022 rot.
432 3961 485 4022 ubi
509 3962 641 4044 predicti
666 3972 788 4026 actores
810 3964 850 4026 de
864 3957 1007 4026 X.'uiliis
1027 3963 1233 4032 remiserunt

189 4073 314 4138 Sibreto
338 4079 370 4134 et
383 4070 527 4135 Michoui
550 4083 669 4157 partem
684 4095 772 4138 suom
788 4075 827 4138 dc
843 4075 958 4138 damno
972 4076 1057 4157 quod
1074 4076 1233 4158 require·

190 4186 280 4262 bont,
300 4184 344 4249 ito
362 4190 469 4249 111111
483 4185 567 4268 qnod
589 4185 649 4270 ipsi
663 4184 852 4252 eiicerentur
869 4187 909 4250 de
925 4184 1168 4252 cohabitacione
1184 4189 1234 4256 Χ.
