2798 4764
202 300 244 368 56

204 473 303 539 utu.

204 1481 362 1549 uuxxu.

204 1593 390 1661 uuxxuu.

204 1924 364 1990 mcxxv.

206 2037 382 2101 MLXXXL

206 2374 409 2441 ldLXXlllll.

516 316 691 367 canonicor«
712 317 912 367 auscultatu.

490 475 575 538 Inter
588 473 746 537 Andream
762 482 794 539 et
807 473 936 537 tratrem
952 472 1019 537 eiua
1039 471 1110 536 bela
1123 471 1230 556 grauia

490 585 648 649 discordia
661 585 770 649 oritur.
801 592 833 649 et
852 605 911 649 rex
924 585 1065 648 Andreas
1086 584 1228 647 moritur.

492 696 607 761 Ciuitas
622 697 822 780 bulgarorum
840 717 948 780 aroge
963 696 1129 760 Salomone
1145 697 1231 778 capi-

489 819 551 873 tur.
566 828 753 892 rursumque
769 808 808 873 ab
822 808 921 873 isdem
937 808 1075 893 bulgaria
1087 817 1118 872 et
1128 808 1230 893 grecis

491 904 565 986 doto
578 921 736 1004 recipitur.
1048 898 1051 903 ’

491 1032 637 1117 Salomon
659 1052 715 1098 rex
734 1053 805 1097 cum
827 1033 906 1097 duce
928 1051 1042 1117 magno
1058 1052 1153 1121 geyza
1168 1031 1230 1097 Uo·

491 1165 636 1230 garorum
658 1147 829 1210 exercitum
846 1145 1031 1210 debellatur.
1063 1153 1156 1229 atque
1172 1166 1231 1229 po·

492 1259 557 1341 puli
571 1256 604 1322 in
619 1257 829 1341 captiuitatem
843 1257 1046 1321 reducuntur.
1077 1265 1109 1320 et
1123 1256 1230 1321 besee

493 1390 605 1435 uorum
621 1372 775 1435 exercitus
790 1370 974 1454 percutitur.

492 1482 640 1547 Salomon
653 1504 710 1547 rex
724 1482 911 1566 bulgarense
927 1501 1059 1565 regnum
1074 1481 1200 1546 inuasit.

489 1594 574 1659 inter
595 1615 701 1680 regem
724 1595 935 1658 Salomonem.
959 1600 991 1657 at
1012 1593 1125 1657 ducem
1144 1613 1230 1679 map-

491 1725 567 1769 uum
588 1707 694 1790 grauis
716 1705 872 1770 discordia
893 1706 1001 1769 oritur.
1032 1713 1062 1768 et
1084 1707 1232 1770 Salomon

491 1837 590 1901 regno
604 1817 755 1901 priualur.

494 1926 625 2012 Magnus
639 1948 694 1991 rex
709 1939 886 1993 coronatur.

494 2038 659 2105 Ladizlaue
674 2059 742 2104 rex.
766 2049 798 2104 et
812 2039 959 2106 Salomon
982 2039 1079 2104 irater
1093 2040 1160 2103 eius
1175 2056 1231 2123 pa·

496 2171 566 2217 cem
581 2150 734 2218 lecerunt.
751 2160 783 2217 ot
797 2172 874 2217 crux
889 2152 1007 2218 domini
1022 2152 1145 2236 fulgure
1159 2172 1232 2237 per·

493 2283 584 2329 cuma
598 2273 657 2329 est.

492 2375 528 2440 ln
544 2396 672 2441 carcere
687 2377 811 2442 missus.
836 2385 867 2442 et
877 2377 1022 2441 dominus
1032 2397 1089 2443 rex
1100 2375 1232 2461 Stepha-

493 2510 565 2553 nus.
594 2499 626 2555 et
645 2489 799 2555 Henricua
827 2488 909 2554 filius
934 2490 1000 2553 eius
1022 2498 1053 2552 et
1074 2487 1231 2552 Gerardus

495 2602 661 2683 episcopus
670 2601 861 2665 reoelaotur.
874 2611 906 2665 et
914 2603 1060 2664 Salomon
1073 2620 1129 2665 rex
1140 2600 1230 2683 fugit.

206 2709 453 2774 uLxxxxvu.
496 2711 659 2774 ladislaus
676 2732 733 2774 rex
748 2712 824 2775 obiit
845 2720 876 2774 et
889 2711 985 2775 irater
1000 2713 1066 2774 eius
1082 2713 1232 2777 Lamber-

495 2831 543 2886 tus
559 2823 633 2885 dux.
656 2825 768 2906 quibua
783 2823 992 2887 colomannus
1008 2833 1038 2887 et
1052 2824 1149 2888 irater
1163 2822 1232 2888 eiuu

495 2935 602 2997 Almus
617 2936 788 3000 succedunt
799 2937 831 2998 in
846 2956 989 3021 reguum.

205 3046 467 3113 mcxxxxvnl.
492 3045 702 3111 Colomannua
721 3067 779 3112 rex
800 3057 979 3114 coronatur.
1009 3057 1038 3112 et
1054 3049 1151 3115 trater
1164 3049 1231 3115 eiua

207 3269 276 3337 uc.

206 3494 345 3560 ltcvm.

207 3607 363 3673 uexilli.

208 3802 363 3896 ucrivu.

211 4164 398 4234 ucxxvu.

494 3158 602 3222 Almus
618 3160 764 3225 diadema
776 3160 925 3224 induitur.

487 3258 643 3356 ¹Cupanus
658 3273 824 3357 episcopus
839 3272 1023 3339 interficitur
1033 3294 1051 3338 a
1062 3274 1184 3340 chunia.
1200 3284 1233 3341 et

496 3382 688 3449 Laurencius
702 3386 867 3471 episcopus
881 3386 969 3450 obiit.

494 3497 704 3563 Colomanous
718 3519 774 3564 rex
789 3501 911 3584 accepit
924 3501 1082 3564 ciuitatem
1096 3501 1207 3565 Zader.

493 3610 685 3675 Laurencius
709 3612 962 3697 archiepiscopus
989 3613 1077 3677 obiit.
1113 3613 1232 3679 Alonua

495 3719 559 3783 dux
573 3741 643 3783 cum
658 3742 733 3808 rego
750 3722 930 3807 pacificatus
945 3732 1004 3787 est.

496 3831 602 3895 lllmus
617 3832 680 3896 dux
695 3843 727 3896 et
739 3834 810 3897 bela
824 3832 906 3897 filius
917 3834 985 3897 eius
998 3835 1189 3899 obcecamur
1201 3845 1233 3899 ot

497 3941 699 4009 colomannus
713 3965 770 4008 rex
785 3953 926 4009 mortum
939 3930 1006 4009 ests
1022 3955 1053 4010 et
1067 3944 1148 4008 filim
1163 3945 1231 4010 eiua

498 4052 673 4138 Stephanus
687 4055 720 4118 iu
734 4075 842 4139 regem
856 4055 997 4119 eleuator
1008 4064 1040 4120 et
1050 4064 1230 4125 coronatur.

499 4165 673 4253 Stephanus
688 4186 746 4233 rex
759 4166 881 4259 accepit
894 4167 1052 4239 ciuitatem
1066 4169 1126 4236 uie.
1217 4160 1221 4167 ’
