2798 4764
283 1118 323 1198 s.
341 1117 610 1195 STEPHANI
634 1115 792 1193 nudis
819 1112 1183 1192 DECRETORUM

651 1274 757 1335 nunu
777 1272 814 1335 11.

216 1418 240 1471 Ε
255 1417 342 1469 codice
354 1415 546 1467 membranaceo
560 1414 648 1466 seculi
660 1415 721 1467 x11.
737 1412 888 1465 monasterii
904 1411 1088 1465 Admontcnsls
1105 1411 1132 1463 ln
1145 1413 1247 1481 scyris,

238 1514 264 1562 ot
274 1526 287 1561 e
299 1509 387 1562 codice
397 1510 534 1560 chortaoeo
545 1506 636 1558 seculi
647 1507 706 1558 XV.
716 1504 875 1557 bibliothecen
886 1505 1005 1574 palatino
1011 1505 1224 1558 vindobonensis.

435 1804 631 1868 PREFACIO
653 1803 822 1867 REGALlS
847 1804 1030 1867 DECRETl.

299 2043 479 2146 Regnantc
495 2062 602 2126 diuina
617 2062 789 2125 clemencia
803 2082 882 2145 opus
897 2062 1009 2145 regalis
1021 2062 1179 2145 dignitatis
1191 2062 1248 2125 ali·

217 2179 326 2245 monia
338 2178 493 2242 katholico
507 2176 581 2240 fidei
597 2180 760 2252 ellectum,
775 2177 907 2259 amplius
921 2196 958 2239 ac
972 2177 1103 2241 solidius
1118 2177 1245 2241 alterius

217 2293 374 2377 dignitatis
393 2291 542 2374 operibus
563 2290 645 2354 solet
663 2291 784 2355 adesse.
816 2298 847 2352 et
868 2290 1015 2372 quoniam
1037 2309 1099 2352 una
1120 2310 1246 2373 queque

216 2424 295 2489 gens
316 2402 452 2486 propriis
472 2403 568 2466 utitur
580 2403 721 2485 legibus,
743 2402 861 2464 idcirco
875 2421 933 2462 nos
948 2420 1074 2484 quoque
1098 2402 1148 2464 dei
1169 2410 1247 2465 nutu

216 2526 357 2580 nostram
379 2516 589 2597 gubernantes
612 2514 843 2587 monarchiam,
864 2512 1010 2596 antiquos
1033 2522 1063 2577 ct
1078 2516 1246 2578 modernos

215 2626 373 2690 imitantes
388 2634 548 2707 augustos,
569 2626 720 2688 decretali
735 2625 944 2689 meditncione
962 2633 1067 2688 nostre
1084 2627 1246 2690 statuimus

218 2736 318 2819 genti,
346 2737 614 2817 quemadmodum
641 2737 807 2798 honestum
830 2744 862 2799 et
882 2735 1069 2799 inoffensam
1095 2738 1247 2799 ducerent

217 2847 324 2909 nium.
354 2854 388 2909 ut
408 2847 489 2909 sicut
503 2846 618 2907 diuinis
635 2847 757 2928 legibus
772 2857 845 2911 sunt
858 2848 964 2922 ditati,
990 2848 1132 2912 similiter
1145 2850 1247 2912 eciam

217 2958 412 3021 secularibus
435 2956 565 3031 addicti,
588 2965 621 3019 ut
636 2966 786 3039 quantum
808 2960 882 3021 boni
904 2960 935 3021 in
954 2958 1003 3023 nis
1018 2958 1167 3023 diuinitus
1182 2980 1247 3023 am-

217 3069 363 3153 pliantur,
384 3078 503 3133 tantum
525 3069 571 3132 rei
592 3070 623 3130 in
646 3069 712 3135 istis
735 3070 913 3135 multentur.
939 3091 1002 3155 que
1016 3079 1120 3137 autem
1135 3073 1246 3135 docre-

216 3181 331 3256 uimus‚
351 3182 383 3243 in
398 3182 602 3263 sequentibus
617 3181 855 3245 subnotauimus
869 3182 969 3245 lineis.

526 3548 699 3602 caninum
716 3550 823 3603 lllllliS
839 3550 944 3605 Linttl.

218 3674 241 3727 l·
314 3675 352 3725 llo
365 3680 435 3725 statu
450 3688 535 3725 rerum
547 3672 791 3726 ecclesiasticarum.

217 3766 253 3819 ll.
311 3767 350 3817 lle
361 3770 487 3833 potcstatc
502 3764 679 3833 opiscoporum
691 3781 768 3834 snper
776 3780 818 3819 rcs
830 3763 1025 3818 ecclesiasticas
1036 3778 1171 3833 corumque
1182 3779 1246 3816 con·

347 3856 481 3909 ucnicucio
493 3873 550 3908 cum
562 3858 645 3909 laicis.

218 3952 268 4006 lll.
314 3951 408 4015 orales
422 3968 481 4003 esse
496 3950 603 4003 debeant
614 3958 779 4005 accusatores
790 3956 815 4003 ct
826 3956 908 4004 testes
920 3949 1083 4004 clericorum.

218 4046 266 4100 W.
314 4046 533 4098 ltemdecodcm.

220 4140 253 4197 V·
316 4140 355 4195 nc
366 4139 453 4193 labore
465 4140 636 4193 secerdotum.
