2798 4764
482 353 667 413 nomnen
692 353 735 401 on
756 354 868 417 vum
1126 336 1199 419 effl-

31 567 38 574 .
159 508 244 582 stab,
273 507 480 591 impeciorunt
502 507 566 569 iam
591 506 710 575 dictum
733 472 839 583 buituk
863 506 903 570 de
929 473 1069 572 uiolento
1093 513 1190 590 raptu

160 619 277 701 puetis,
298 626 332 685 et
350 618 512 682 dominum
525 617 651 700 figmoz
674 616 713 680 de
733 617 861 701 indiguo
884 618 1052 692 connubio,
1081 637 1190 703 coram

159 733 251 794 Petro
266 728 399 801 comite,
413 728 531 793 scilieet
544 728 648 791 iudice
664 747 682 790 a
696 748 773 811 rege
788 728 943 810 delegato.
964 729 1067 791 Uutuk
1082 738 1188 795 auten

160 840 322 924 respondit
335 861 370 904 se
385 839 446 902 iam
461 839 580 903 dietum
593 838 720 921 Figmoz
741 840 960 904 manumisisse
975 841 1077 922 prius,
1097 847 1130 906 et
1140 840 1189 907 sin

158 953 245 1019 iilum
258 971 389 1015 uorem
403 951 535 1015 liberam
557 949 697 1033 legitime
718 951 888 1033 accepisse.
913 953 971 1015 sed
985 973 1058 1016 cum
1073 972 1190 1036 pronc-

159 1064 267 1129 miuati
279 1063 452 1137 aduersarii
467 1082 532 1127 nou
543 1071 650 1127 essent
661 1062 721 1125 hac
732 1061 911 1127 transitoria
922 1063 1103 1128 assercioue
1113 1083 1190 1145 coe.-

159 1177 253 1250 teuti,
273 1175 473 1259 supradictus
494 1173 605 1248 iudex,
626 1193 684 1257 per
697 1173 882 1256 pristaldum
903 1174 1031 1239 nomine
1051 1178 1189 1253 Leuem,
1304 1236 1305 1240 ,

161 1295 324 1371 utramque
349 1294 471 1369 portem
496 1283 633 1367 capitulo
657 1284 841 1349 Uaradiensi
865 1285 941 1349 iecit
964 1286 1122 1362 exbiberi,
1155 1293 1189 1367 et

159 1398 314 1482 prefatum
329 1397 462 1479 Fygmoz
478 1414 534 1475 per
547 1393 783 1458 attestacionem
794 1395 887 1459 Uituk
902 1395 1020 1459 domini
1032 1397 1082 1461 sui
1097 1396 1202 1475 titulo.

160 1507 413 1575 manumissionis
434 1507 571 1579 iiberum
589 1526 662 1571 cum
683 1508 769 1583 omni
789 1508 989 1589 successione
1013 1509 1111 1591 prolis
1129 1488 1187 1575 sue

160 1621 323 1705 assignari.

242 1730 327 1814 (163)
350 1731 444 1798 Uetea
464 1730 605 1812 impeciit
622 1729 838 1805 Solomonem,
867 1732 1003 1805 Kebam,
1028 1733 1136 1807 Potor,
1154 1739 1189 1813 et

159 1851 264 1912 isoum
283 1846 323 1911 de
338 1845 496 1910 occisione
510 1841 565 1908 filii
580 1842 629 1906 sui
643 1843 736 1924 Eccy,
758 1842 863 1906 iudice
877 1844 977 1907 Aibeo
999 1844 1195 1911 uice-erebi*

159 1961 303 2031 diacono,
330 1955 481 2039 prisntdo
504 1955 677 2018 Hadriano.
705 1953 872 2031 Salomon,
903 1956 1009 2033 beka,
1037 1957 1133 2021 Potor
1152 1963 1201 2033 et,

159 2075 229 2137 {sou
246 2077 369 2152 portato
384 2067 471 2130 ferro
485 2066 640 2130 iustificati
653 2077 736 2131 sunt.
1111 2046 1114 2051 ⁸

242 2177 326 2259 1161)
349 2178 428 2239 Cum
447 2178 531 2239 Ereu
553 2175 675 2241 uiilicus
696 2177 738 2241 de
751 2178 859 2241 lanust
880 2177 1073 2257 impeciisset
1087 2197 1188 2260 quien·

159 2293 231 2355 dam
253 2291 294 2355 de
316 2288 391 2351 uitia
411 2288 526 2350 b'osian
546 2288 673 2351 nomine
688 2290 814 2353 Zotmoz
837 2310 894 2371 pro
917 2290 1021 2370 porois
1035 2290 1118 2365 sunto
1131 2308 1188 2359 u«

31 2454 36 2463 ,
159 2401 251 2465 blatis
271 2407 335 2462 uss
354 2417 475 2461 marcas
496 2398 684 2472 ualentibus,
708 2408 740 2464 et
760 2400 934 2464 inuenisset
953 2420 1065 2464 curiles
1083 2399 1187 2484 porci·

159 2532 215 2574 iias
236 2511 267 2572 iu
289 2511 382 2573 domo
397 2512 524 2571 Zotmoz
542 2509 575 2571 in
593 2509 758 2591 presencia
778 2511 1027 2575 conuiiiauorum
1040 2514 1186 2593 Zotmoza

159 2625 216 2688 sed
231 2626 358 2685 Zotmoz
380 2621 567 2684 constitutus
582 2629 653 2683 ante
668 2619 798 2683 Paulum
819 2622 968 2685 curialem
983 2625 1131 2687 comitem
1145 2625 1185 2688 de

159 2733 272 2796 Biehor
291 2740 322 2796 et
336 2732 451 2793 Forcus
472 2731 623 2804 biiocum,
644 2738 791 2813 negasset
804 2751 915 2797 carnes
929 2735 1074 2798 inuentos
1088 2734 1198 2815 fuisse,

159 2845 191 2905 iu
205 2844 300 2906 domo
315 2862 388 2916 sun,
411 2841 578 2902 couuiiioni
599 2849 701 2903 autem
725 2841 793 2905 eius
811 2852 1061 2909 contestarentur
1075 2865 1187 2911 carm

158 2954 226 3018 iiius
250 2955 394 3017 inuentos
420 2953 535 3025 tuisse,
561 2951 769 3034 prenominati
789 2953 910 3019 iudices
930 2977 988 3038 per
1008 2958 1187 3039 pristaldos,

158 3066 276 3129 scilicet
291 3066 381 3127 Titan
401 3074 435 3144 et
445 3066 615 3136 Percustu,
636 3065 790 3127 miserunt
811 3066 973 3129 domiuum
987 3070 1113 3131 Zotmoz
1127 3066 1187 3133 Ua·

159 3179 319 3250 rodinum,
339 3178 394 3240 ubi
409 3178 553 3239 dominus
567 3179 694 3238 Zotmoz
709 3177 891 3240 combustus
906 3185 965 3239 est.

241 3287 328 3369 (165)
350 3287 463 3349 Pacilus
478 3285 585 3368 opilio,
602 3287 673 3350 uice
687 3305 793 3349 comes
807 3286 840 3349 in
854 3285 929 3350 uilla
941 3289 1027 3368 Apa,
1046 3286 1187 3371 impeciit

160 3399 321 3467 dominum
336 3398 484 3481 Tenguni
504 3398 543 3459 tte
561 3396 634 3459 uitia
647 3395 793 3480 Pisuqui,
813 3397 1034 3480 ioubagionem
1048 3400 1186 3475 lacincti,

160 3512 200 3575 de
225 3511 321 3584 feru,
342 3511 445 3575 iudice
460 3505 611 3573 Nueciem
634 3507 743 3569 curiali
767 3507 881 3571 comite
902 3509 942 3572 dc
961 3510 1098 3584 tarano,
1122 3510 1187 3594 pri·

158 3623 259 3687 staldo
274 3624 349 3685 iuan
366 3624 404 3684 de
418 3620 494 3686 uilia
509 3621 658 3702 Gyorooz.
679 3620 825 3683 dominus
839 3621 989 3704 Tengurti
1001 3621 1187 3697 iustificatos

158 3747 216 3802 est.

239 3842 329 3927 1166)
351 3845 454 3911 butha
474 3844 513 3907 de
532 3844 720 3927 Borucbyon
743 3843 883 3926 impeeiit
907 3845 1069 3911 dominnm
1089 3845 1187 3921 Goobi

160 3958 202 4021 de
214 3955 291 4021 utta
302 3959 421 4040 begust
441 3976 499 4041 pro
515 3957 627 4020 decem
643 3956 767 4031 marcis,
786 3956 891 4021 iudico
906 3958 995 4023 Tebu
1017 3959 1131 4041 abbate
1143 3959 1186 4041 do

159 4067 364 4153 Berucbyon,
385 4069 535 4153 pristaldo
550 4071 659 4132 Terea.
679 4068 733 4154 qui
748 4069 894 4139 unatim
907 4069 1012 4139 sititor
1025 4089 1195 4153 cuonem
