2798 4764
502 331 685 389 eudemon
712 333 752 390 os
773 332 884 390 true·
1143 316 1204 395 bib

181 494 314 573 Rasum,
341 497 455 561 Banius
470 507 502 561 et
515 497 603 561 Meri
623 506 746 580 portato
760 497 847 562 ferro
861 495 1016 563 iustificati
1032 505 1114 564 suut.
1145 497 1205 564 bii·

181 609 271 674 chael
291 628 378 683 uero,
399 610 486 672 Budu
506 620 537 672 et
552 610 642 672 biiius
664 609 818 672 combusti
836 617 918 671 sunt.
946 606 1064 673 Boldus
1082 618 1205 687 autem,

181 720 290 783 Obusk
314 729 346 783 ct
365 721 469 802 Herye
495 720 567 784 doto
593 720 726 783 termino
750 740 814 782 non
840 738 1055 801 comparuere.
1085 720 1204 784 iudices

162 853 258 895 »uero
273 832 411 895 habuere
426 822 496 894 ilios
510 851 569 912 pro
583 831 808 895 condemnatis.

169 964 171 975 ’
265 941 335 1025 (to)
358 945 471 1005 Tomas
486 943 525 1006 de
540 941 614 1004 uilio
629 943 718 1004 Toka
736 942 876 1023 impeciit
889 944 1056 1006 Martiuum
1076 942 1116 1007 de
1132 941 1206 1006 uilia

180 1052 283 1119 thara
304 1075 362 1137 pro
378 1053 471 1116 furto.
500 1053 655 1117 iudicibus
677 1054 764 1116 Banu
788 1063 819 1116 et
840 1053 1010 1117 Benedicto
1031 1053 1207 1129 comitibus,

183 1166 334 1249 pristaido
345 1165 420 1226 Sota
432 1165 472 1226 de
487 1162 559 1226 uilia
569 1163 667 1226 Cbeb.
684 1163 839 1251 ‘Martinus
853 1165 885 1226 in
901 1165 1073 1245 septimana
1085 1164 1207 1247 respice

183 1274 309 1339 domine
328 1295 391 1337 non
408 1274 597 1354 comparuit,
624 1281 655 1336 et
675 1274 809 1355 predicti
830 1275 963 1347 iudices,
985 1282 1020 1337 ut
1038 1272 1207 1355 pristaldos

184 1385 274 1459 dicit,
295 1384 436 1449 habuere
450 1404 523 1447 eom
537 1403 595 1466 pro
609 1384 827 1447 condemnato.

268 1493 333 1577 (50)
354 1495 486 1559 Basilius
508 1496 604 1559 abbas
627 1496 666 1559 de
689 1494 792 1559 Curru
814 1505 845 1560 et
866 1497 990 1560 curiatis
1011 1516 1118 1560 comes
1138 1496 1208 1560 eius

184 1608 286 1670 Lucas
307 1606 516 1690 impecierunt
535 1607 685 1670 loannem
711 1607 807 1670 tilium
829 1607 1002 1671 Salomonis
1027 1609 1066 1670 de
1091 1627 1208 1690 genere

184 1718 356 1801 Giedgutb,
384 1739 443 1803 pro
465 1718 675 1783 destructione
699 1719 801 1801 predii
825 1718 975 1795 ecclesie,
1003 1718 1071 1780 siue
1094 1719 1209 1780 damno

184 1830 224 1892 ad
238 1829 472 1893 estimacionem
488 1829 596 1911 uiginti
610 1827 749 1914 quiaque
762 1848 946 1894 marcarum.
967 1829 1070 1891 iudice
1080 1827 1210 1891 Nicoieo

184 1940 320 2023 palatino
341 1941 472 2015 comite,
493 1938 644 2021 pristaido
659 1939 788 2023 Cbepan
811 1941 851 2003 de
874 1939 947 2002 uilia
961 1940 1067 2001 Ladan
1087 1939 1119 2001 in
1139 1958 1212 2020 pro·

184 2050 287 2113 uincia
310 2050 435 2133 Heug-i.
473 2050 620 2132 quicum
646 2051 787 2115 uenisset
810 2049 1017 2124 Uarndinum,
1050 2047 1210 2130 predictus

183 2161 318 2222 ioannes
342 2160 490 2233 conuenit
512 2159 589 2223 dare
613 2180 670 2222 sex
693 2181 813 2224 marcas
835 2161 955 2234 abbati,
977 2167 1007 2222 et
1029 2156 1211 2222 satisfacere

184 2270 289 2333 iudii.
310 2270 407 2332 abbas
421 2289 500 2332 uero
514 2270 666 2352 pristutdo
681 2270 859 2334 satisfacere
873 2270 1031 2333 conuenit.
1238 2350 1241 2356 Δ

268 2378 334 2462 (51)
355 2379 489 2443 Basilius
503 2382 599 2444 abbas
615 2390 646 2444 et
661 2380 784 2444 curialis
799 2402 905 2447 comes
921 2383 988 2444 eius
1002 2381 1100 2444 Lucas
1114 2379 1214 2461 impe·

187 2492 308 2555 cierunt
322 2492 440 2554 indiam
466 2492 505 2554 de
527 2491 602 2554 uitta
617 2490 717 2565 Peles,
739 2493 778 2554 de
800 2493 922 2557 occulta
944 2491 1126 2555 retcncioue
1140 2509 1214 2571 pos·

185 2604 361 2668 sessionum
375 2603 424 2664 sui
441 2601 554 2664 fratris.
582 2601 703 2665 scilicet
717 2602 834 2665 Partub
853 2602 990 2666 defucto
1005 2602 1216 2681 condemnati,

188 2715 306 2780 ssiiicet
327 2712 493 2777 duodecim
515 2713 668 2797 capitibus
691 2713 870 2792 homiuum,
892 2714 992 2777 tribus
1005 2712 1103 2796 cquis,
1124 2713 1217 2795 quio-

189 2827 337 2909 quaginta
359 2824 487 2897 ouibus,
509 2823 676 2886 duodecim
697 2824 814 2898 bobus,
844 2843 900 2887 sex
920 2825 1043 2887 aceruis
1063 2833 1217 2907 segetum.

188 2937 292 2998 iudice
308 2932 435 2997 Nicoiao
458 2933 596 3016 palatino
619 2933 748 3009 comite,
771 2920 924 3015 pristaido
939 2935 1068 3016 Cbepan
1089 2935 1129 2998 de
1143 2931 1218 2996 uilla

187 3045 307 3108 Ladan.
331 3045 425 3107 homo
439 3043 608 3126 supradicti
622 3043 709 3108 indie
726 3044 871 3108 Uaradiui
893 3053 1018 3129 porteto
1033 3043 1117 3108 ierro
1133 3061 1218 3105 com·

188 3155 298 3217 boetus
313 3163 370 3218 est.

271 3265 339 3346 (52)
361 3264 453 3327 Uitun
477 3264 516 3326 de
531 3263 606 3325 uilia
620 3265 716 3326 Potor
729 3263 866 3345 impeciit
888 3261 1099 3326 conuitianum
1116 3278 1217 3335 suum,

190 3374 307 3437 scilicet
322 3374 455 3437 Crisium
470 3394 529 3456 pro
544 3373 637 3436 furto.
665 3373 767 3436 iudice
783 3373 880 3437 Paulo
895 3373 1009 3436 comite
1023 3373 1062 3435 de
1077 3370 1217 3454 Ogoeba,

190 3484 340 3568 pristuido
353 3486 460 3551 biarco
474 3486 514 3547 de
529 3482 602 3547 uilla
617 3484 738 3546 Loueu.
759 3483 875 3547 Crisius
891 3491 1013 3565 portato
1028 3482 1112 3546 ferro
1127 3501 1218 3545 mun·

191 3597 283 3663 datos
296 3605 354 3660 est.

274 3705 340 3789 (5³)
361 3709 457 3771 Petur
482 3707 522 3769 de
546 3706 620 3769 uitia
642 3705 704 3788 Uys
730 3705 868 3787 impeciit
891 3704 1101 3769 conuillanum
1125 3725 1216 3770 suum

191 3820 319 3883 nomine
334 3818 431 3902 Cuqt‚
460 3838 517 3899 pro
531 3817 693 3899 sexaginta
707 3815 909 3899 ponderibus.
939 3816 1044 3880 iudice
1058 3815 1217 3900 Stepbano

193 3929 324 4003 comite,
349 3926 502 4013 pristaido
517 3929 617 3992 Dema
630 3928 670 3992 dc
684 3928 796 3993 cadem
809 3926 885 3992 uitis
899 3927 971 4014 Uys.
1002 3927 1083 4016 Cuqt
1095 3936 1218 4014 porteto

194 4037 279 4105 ierro
293 4041 472 4108 combustos
487 4047 544 4108 est
649 4110 652 4116 ,
