2798 4764
240 323 301 388 53⁶
432 338 583 386 narraui
603 339 676 384 nrm
696 339 768 383 mar
791 338 937 383 nastros.
982 319 1071 384 tara.

240 494 372 558 formam
394 494 629 576 priuilegiorum
651 514 797 569 suorum,
819 514 880 576 que
903 502 966 557 tam
989 494 1064 576 ipsis
1082 492 1269 566 saxonibus,

242 627 335 691 quam
344 606 460 668 Latinis
473 607 654 688 prenotatis,
662 606 771 688 priscis
779 608 972 689 temporibus
981 605 1187 667 communiter
1194 623 1271 666 con-

241 737 329 782 cessa
341 718 479 790 luerunt,
490 718 693 799 gratulantur,
704 717 765 780 boc
777 717 977 779 nibilominus
989 717 1076 778 saluo
1088 725 1119 777 et
1128 714 1272 798 speciali-

242 841 290 895 ter
305 829 472 902 declarato,
484 829 568 911 quod
584 829 624 891 ad
640 828 803 891 ecclesiam
818 850 937 902 eorum,
953 829 1005 890 ubi
1019 836 1067 891 est
1079 827 1194 908 regalis
1203 826 1272 909 ple-

240 940 350 1014 bauia,
371 940 539 1021 plebanum
562 960 617 1021 per
633 941 797 1002 uniuersos
816 939 1023 1011 concorditer,
1045 938 1193 1000 uidelicet
1214 959 1271 1019 per

241 1053 392 1116 maiorem
409 1059 440 1113 et
454 1050 613 1113 saniorem
633 1059 752 1133 partem
766 1050 917 1125 electum,
939 1050 1175 1132 archiepiscopo
1192 1049 1272 1112 Stri-

241 1163 384 1246 goniensi
410 1162 461 1224 uel
484 1162 551 1224 eius
575 1162 662 1223 uices
686 1162 877 1244 gerentibus,
899 1172 930 1225 et
954 1181 1018 1224 non
1042 1161 1203 1243 preposito
1230 1163 1270 1223 de

240 1276 357 1357 Scepes
367 1273 640 1354 nomineipsorum
649 1273 806 1335 Saxonum
817 1281 1000 1356 presentent
1011 1271 1271 1345 confirmandum,

241 1407 312 1452 cum
328 1387 438 1449 eadem
453 1386 587 1447 ecclesia
607 1393 640 1448 et
653 1384 792 1467 bospitcs
811 1386 851 1446 de
865 1387 974 1447 Latina
996 1384 1070 1445 uilla
1092 1383 1231 1466 predicta
1250 1404 1269 1444 a

241 1496 453 1560 iurisdictione
474 1505 506 1559 ct
527 1504 682 1578 potestate
703 1495 854 1578 prepositi
876 1497 915 1557 de
936 1497 1053 1576 Scepes
1075 1495 1114 1555 ab
1129 1495 1268 1575 ipsorum

241 1609 394 1692 principio
409 1610 471 1671 sint
485 1610 629 1689 exempti.

326 1721 363 1782 Ut
376 1720 470 1801 igitur
483 1719 663 1782 huiusmodi
685 1720 813 1782 libertas
835 1720 933 1781 robur
947 1727 1100 1800 perpetue
1116 1717 1270 1780 firmitatis

242 1832 396 1905 obtineat,
422 1839 585 1914 presentes
613 1833 824 1894 concessimus
851 1830 989 1903 litteras,
1016 1829 1149 1912 duplicis
1176 1828 1272 1910 sigilli

241 1943 342 2007 nostri
369 1942 541 2006 munimine
569 1944 744 2007 roboratas.
781 1943 887 2006 datum
911 1962 969 2025 per
991 1961 1102 2002 manus
1130 1939 1271 2023 magistri

240 2054 401 2118 llencdicti
416 2054 600 2118 Orodiensis
623 2055 753 2118 ecclesie
777 2054 945 2137 prepositi,
967 2052 1037 2115 aule
1059 2061 1164 2114 nostre
1184 2051 1271 2112 uice·

242 2166 431 2240 cancellarii,
454 2165 558 2230 dilecti
574 2175 606 2229 ct
619 2166 720 2230 fidelis
735 2166 845 2229 nostri.
872 2184 955 2229 anuo
971 2163 1089 2226 domini
1104 2160 1269 2225 millesimo

243 2279 459 2344 ducentesimo
480 2279 712 2361 septuagesimo
734 2279 786 2340 Ill.
808 2277 977 2340 indictione
997 2276 1115 2358 prima,
1138 2273 1185 2336 lli.
1207 2273 1271 2336 lral.

242 2390 386 2455 lanuarii.
407 2391 495 2474 regni
510 2398 616 2456 autem
630 2389 728 2453 nostri
743 2409 825 2452 anno
839 2388 991 2452 secundo.

459 2850 659 2933 natant
684 2850 783 2933 atttl
809 2849 1050 2933 stttvtrtttt

385 3015 515 3090 wan
554 3013 717 3089 REGM
752 3014 823 3087 ΕΤ
859 3010 1122 3091 BANATUS.

645 3168 866 3230 nccnxxru.

428 3339 450 3391 ll
467 3343 610 3390 tmusumto
628 3336 733 3404 capituli
750 3336 918 3388 Gbasmensis
934 3353 993 3389 nnn.
1010 3336 1080 3390 1³50.

324 3617 386 3676 Nos
400 3614 545 3677 Matbeus
560 3614 662 3675 Itanos
677 3614 777 3677 tocius
791 3614 957 3677 Solanonie
976 3614 1187 3697 significamus
1202 3638 1273 3680 om-

240 3726 334 3788 nibus
360 3724 560 3805 presencium
583 3742 639 3805 per
663 3731 805 3788 tenorem
831 3770 1028 3788 .........
1052 3728 1142 3809 regni
1169 3728 1272 3791 tocius

218 3833 408 3909 ,Solanonie
429 3833 585 3915 generali,
605 3833 728 3898 nobiles
750 3843 782 3898 et
801 3836 1006 3919 iobbagiones
1020 3826 1194 3900 castrorum
1209 3838 1272 3900 bec

238 3945 308 4009 iura
328 3944 418 4026 regni
438 3953 470 4007 et
489 3945 621 4008 banatus
635 3947 832 4030 infrascripta
846 3949 976 4011 redacta
992 3949 1160 4032 inscriptis
1175 3950 1268 4013 nobis

242 4056 466 4140 esbibuerunt,
487 4067 629 4139 petentes
653 4060 740 4142 quod
761 4060 872 4124 cadem
893 4060 926 4122 in
945 4061 1069 4126 iudiciis
1084 4060 1272 4125 exercendis

242 4176 274 4241 et
295 4168 428 4234 bonatus
451 4169 570 4237 iuribus
585 4213 696 4236 .....
715 4191 774 4260 per
795 4180 921 4237 nostros
943 4171 1064 4240 iudices
1089 4174 1272 4242 obseruare.
