2798 4764
366 370 487 421 sraosrs
508 372 549 421 us
571 374 650 425 anza
672 379 772 427 sasra
792 362 1001 432 mesaneos
1015 356 1080 453 lli.
1174 364 1234 438 ns

204 527 258 590 ubi
282 527 409 591 undem
433 530 477 592 sic
502 531 620 595 uiribus
643 541 675 597 et
698 535 844 616 potencia
869 535 983 601 dicitur
1006 538 1177 617 defecisse,
1198 552 1233 608 ut

202 638 302 723 ipsius
316 641 481 704 Teutonici
500 650 531 705 et
544 640 646 706 latini
665 645 697 706 in
719 646 784 708 suis
806 649 947 711 tentoriis
969 652 1069 715 noctis
1089 661 1231 737 tempore

203 771 238 816 se
257 752 351 815 uiuos
372 753 551 836 sepelirent.
591 772 663 820 nam
685 758 827 841 Hungari
851 761 883 822 in
906 761 1046 825 obscuris
1067 764 1099 826 in
1121 784 1231 829 eornm

201 872 302 927 castra
318 862 556 940 descendentes,
571 887 626 930 eos
641 869 811 932 crudeliter
825 872 944 954 sagittis
960 872 1141 940 enecabant
1161 884 1230 941 tan-

202 975 273 1040 dem
290 995 368 1039 uero
392 974 488 1039 Cesar
510 977 562 1041 iiie
584 979 694 1043 ductus
715 982 893 1065 penitencia
913 1002 931 1046 a
953 1003 1028 1068 rege
1048 985 1175 1051 Andrea
1198 990 1231 1054 e't

200 1089 356 1172 Hungaris
376 1090 500 1152 ueniam
521 1093 604 1174 cepit
625 1093 802 1174 postulare,
830 1097 915 1177 quod
938 1097 1040 1160 omnia
1062 1094 1230 1164 dimitteret

197 1201 230 1264 in
255 1200 416 1284 ilungaria
445 1212 551 1284 preter
577 1224 694 1286 equos,
721 1204 903 1288 laceretque
930 1207 1166 1285 iusiurandum,
1194 1218 1228 1275 ut

199 1312 347 1396 deinceps
368 1333 428 1377 nec
448 1314 515 1398 ipse
538 1334 597 1380 nec
619 1316 716 1399 ipsius
737 1336 937 1382 successores
960 1328 1070 1385 contra
1092 1330 1225 1406 regnum

198 1424 357 1511 ilungarie
371 1424 476 1489 hostili
491 1444 586 1491 manu
600 1427 633 1490 in
643 1426 837 1513 ilungarlam
851 1430 1031 1507 introirent,
1052 1451 1111 1498 nec
1126 1435 1226 1499 eciam

198 1534 236 1599 de
259 1536 378 1602 Bodoct
400 1546 544 1601 moueret
567 1537 689 1602 interea
713 1560 787 1603 snos
812 1541 921 1623 pedes,
948 1544 1049 1606 donec
1070 1544 1221 1629 Sopbiam

195 1666 283 1713 snam
303 1648 399 1712 filiam
414 1650 572 1713 Salomoni
587 1652 664 1735 ilegi
686 1652 724 1716 de
739 1650 921 1716 Alamannia
942 1655 1065 1719 ductam
1086 1658 1225 1723 traderet

194 1761 389 1835 innantem,
410 1779 503 1845 quam
518 1762 662 1845 primitus
676 1762 740 1825 illio
750 1763 844 1846 Regis
855 1757 984 1830 Francis
1000 1785 1071 1830 cnm
1086 1762 1222 1833 maximo

192 1870 323 1936 dederat
345 1881 551 1937 sacramento.
580 1895 635 1938 rex
651 1895 729 1938 uero
743 1875 849 1941 babito
865 1874 995 1940 consilio
1010 1879 1223 1944 misericordi·

192 1992 240 2049 ter
254 1984 358 2047 eidem
374 1984 487 2048 dicitnr
500 1984 676 2050 indulsisse.
707 1989 761 2072 qui
776 1996 879 2052 amoto
894 2010 952 2052 sno
968 1997 1071 2053 castro
1084 1990 1220 2075 primum

192 2095 378 2160 descensum
397 2097 429 2159 in
452 2106 559 2160 monte
574 2099 731 2163 Barsunus
752 2101 870 2164 secisse
886 2100 1118 2184 comprobatur.
1145 2102 1221 2184 quia

189 2229 268 2272 uero
283 2209 366 2272 ianae
381 2229 418 2272 ac
433 2211 482 2273 siti
497 2211 680 2274 deiecerant
693 2213 725 2273 in
742 2213 855 2275 eodem
870 2213 955 2286 loco,
977 2219 1119 2294 exparte
1135 2211 1219 2295 regis

189 2329 281 2403 potus
303 2329 335 2384 et
355 2321 443 2382 cibus
465 2320 497 2382 in
519 2322 654 2384 maxima
675 2323 767 2405 copia
788 2322 847 2385 luit
860 2323 1061 2396 ministratus,
1082 2322 1218 2403 indeque

189 2431 576 2517 crapulatiqnarnplurimi,
587 2452 658 2496 cum
668 2433 793 2496 Cesaris
801 2432 912 2516 uigiles
920 2432 1219 2495 incautisobtntibus

187 2542 354 2627 ilungaros
375 2544 530 2607 uidissent
544 2544 618 2607 binc
632 2543 705 2608 inde
721 2544 898 2627 equitantes
912 2545 944 2607 in
959 2544 1058 2628 pactis
1073 2543 1217 2607 iraudem

186 2655 338 2719 interesse
353 2656 571 2732 crediderunt,
594 2657 680 2740 quod
691 2656 845 2720 exercitui
859 2656 1054 2721 declarantes
1071 2656 1219 2720 dixerunt

186 2776 220 2832 ut
235 2768 274 2832 ad
292 2769 546 2852 persequendum
567 2790 622 2832 eos
645 2769 834 2833 aduenisset.
857 2778 888 2833 et
902 2767 1045 2854 quamuis
1059 2766 1166 2853 piures
1183 2767 1217 2831 in

184 2878 292 2944 ieratis
316 2880 470 2944 babentes
494 2901 653 2966 purpurea
679 2881 869 2945 lectisternia
893 2880 1069 2967 egritudine
1093 2878 1214 2964 fatigati

185 2992 386 3067 ducerentur,
399 2992 534 3058 dimissis
550 2992 656 3056 teretis
668 3003 699 3058 ct
711 2992 801 3056 lectis
817 2992 982 3075 purpureis
995 3012 1094 3075 equos
1106 3010 1215 3055 ascen-

185 3104 315 3179 derunt,
336 3112 406 3167 orto
421 3104 488 3167 sole
503 3102 608 3166 uillam
625 3104 680 3167 Urs
703 3105 940 3189 coniungentes.
968 3113 1087 3167 etcum
1103 3101 1215 3166 castel-

183 3213 285 3290 lanns,
307 3214 361 3298 qni
380 3215 414 3278 in
432 3223 524 3298 porta
544 3223 627 3288 erut,
649 3212 867 3297 cognouisset,
889 3211 975 3297 qnod
995 3232 1072 3296 gens
1094 3219 1214 3274 armata

182 3346 242 3411 per
256 3341 385 3411 asperas
400 3335 431 3390 et
445 3323 638 3390 immeabiles
652 3325 815 3410 indagines
834 3324 961 3387 dimissa
975 3324 1027 3386 uia
1041 3323 1126 3405 regia
1140 3340 1215 3406 per·

184 3437 349 3512 transiret,
371 3439 522 3502 cumanis
538 3458 571 3501 se
587 3437 731 3502 armauit.
769 3435 907 3518 dumque
922 3440 1134 3497 transeuntem
1147 3439 1213 3496 tur-

182 3665 222 3728 tis
237 3671 268 3728 et
281 3661 479 3728 lectisterniis
497 3664 530 3725 in
545 3671 652 3726 monte
668 3662 811 3724 Basunus
832 3659 864 3720 in
880 3657 969 3741 equis
984 3658 1212 3740 equitauerant,

182 3775 323 3841 allocatis
337 3776 480 3840 curribus
496 3795 553 3859 per
566 3775 731 3858 indagines
754 3771 954 3837 transiebant
984 3760 1118 3855 qnorum
1139 3790 1212 3835 scn-

179 3888 263 3955 tiieri
278 3897 311 3952 nt
325 3897 411 3953 retro
427 3888 574 3977 uiderunt
588 3886 688 3950 aciem
704 3882 879 3959 castellani,
900 3880 1058 3946 derelictis
1070 3880 1211 3944 curribus

182 4008 213 4067 et
224 4000 597 4085 dominissnpercnrrns,
617 3997 699 4062 sicut
710 3995 820 4062 melim
830 4001 1002 4081 potnerunt
1013 3993 1211 4077 abfugcrnnt.

179 4120 254 4178 tunc
266 4110 375 4177 rustici
388 4113 554 4177 uenientes
569 4130 681 4174 cnrrtu
696 4108 870 4175 auterendo
878 4153 888 4184 ,
909 4107 1052 4171 dominos
1069 4105 1102 4167 in
1117 4122 1211 4168 curru

180 4225 380 4301 seems,
399 4222 558 4291 anne·
575 4222 611 4290 u
630 4222 720 4309 equs
740 4221 941 4288 meeum.
961 4220 996 4284 n
1009 4216 1124 4302 retu
1138 4211 1214 4298 ut·
