2798 4764
182 352 271 405 m
284 353 326 400 rr.
338 353 429 400 arara
443 353 591 400 ernanus
605 354 761 422 aosrrrru
776 353 806 397 n
819 350 982 397 znumu.
1014 330 1104 394 tm
1145 328 1206 394 tat

182 508 333 580 tisfaciat,
356 517 386 569 et
400 507 467 569 lesu
481 508 592 588 uiginti
608 506 746 588 quinque
762 525 890 586 pensas,
911 504 1049 584 quinque
1071 521 1147 562 uero
1165 500 1206 564 atl

184 640 258 681 usus
274 618 408 680 ciuitatis
424 620 592 699 persoluat.

265 728 309 810 (6)
332 731 363 791 Si
387 752 463 791 uero
487 730 519 790 in
544 731 647 811 aliquo
671 731 880 792 membrarum
905 728 1080 789 debilitatus
1099 725 1208 799 fucrit,

184 843 307 904 medico
328 842 385 904 lesi
407 842 592 913 satisfaciat,
615 851 645 903 et
663 841 730 903 lesu
750 843 858 903 decem
879 859 1013 912 marcas,
1034 839 1117 899 etad
1134 858 1208 900 risus

185 953 318 1014 ciuitatis
334 953 442 1014 decem
459 972 571 1033 pensas
586 953 710 1014 soluere
726 960 877 1012 teneatur.

268 1062 312 1142 (7)
335 1063 365 1121 Si
383 1082 460 1123 uero
476 1071 614 1123 mortuus
636 1062 746 1134 fuerit,
768 1063 828 1122 due
845 1071 947 1142 partes
963 1082 1066 1122 rerum
1081 1079 1208 1121 suarum

186 1175 297 1235 cedant
313 1174 492 1252 parentibus
509 1173 620 1245 occisi,
643 1174 737 1233 tercia
759 1192 831 1252 pars
852 1172 977 1233 ciuitati.
1001 1172 1027 1231 si
1044 1191 1120 1231 uero
1136 1189 1209 1250 cap·

186 1297 235 1351 tus
249 1286 357 1358 fuerit,
378 1285 825 1347 secundumconsuetudinem
848 1285 887 1344 cle
909 1284 977 1363 ipsu
1000 1284 1137 1345 uindicta
1156 1302 1208 1343 su·

187 1407 298 1470 matur,
320 1398 378 1458 nisi
393 1397 463 1477 quis
483 1397 514 1456 iu
536 1396 609 1456 ludo
624 1396 690 1455 sine
706 1394 911 1474 premeditata
930 1394 1052 1456 malicia
1073 1393 1208 1474 aliquem

187 1509 388 1570 interfecerit.
410 1509 440 1568 iu
456 1508 517 1568 hoc
532 1508 614 1567 euim
631 1525 703 1567 casu
719 1517 842 1568 centum
858 1525 969 1586 pensas
984 1507 1102 1585 agnatis
1114 1505 1210 1567 inter·

189 1623 279 1693 fecti,
302 1621 411 1701 uiginti
432 1640 508 1680 uero
525 1638 637 1698 pensas
652 1619 691 1679 ad
707 1637 890 1679 communes
913 1637 986 1678 usus
1005 1616 1149 1677 refundat
1162 1616 1211 1677 in·

189 1733 345 1795 terfectur.
375 1732 423 1791 cui
440 1732 465 1793 si
480 1730 642 1791 facultates
657 1749 719 1789 nau
735 1728 933 1800 suffecerint,
955 1728 1068 1789 ciuium
1085 1727 1211 1789 arbitrio

188 1843 391 1924 relinquatur.

270 1953 314 2034 (7(
336 1955 411 2014 ltem
427 1954 452 2013 si
469 1954 537 2033 quis
553 1953 591 2013 de
607 1953 762 2013 extraneis
779 1952 896 2011 intrans
911 1951 1165 2024 ciuitatem,·siue
1180 1951 1213 2013 iu

191 2065 271 2137 iiico,
293 2064 360 2125 siue
377 2064 408 2123 in
424 2064 533 2133 dum0,
555 2063 622 2123 siue
637 2064 668 2122 in
684 2062 765 2133 furo,
788 2061 900 2121 similia
916 2071 948 2122 ut
962 2082 1057 2141 supra
1072 2071 1211 2124 notatum

190 2185 238 2237 est
258 2174 501 2254 perpetrauerit,
523 2193 579 2252 per
598 2172 734 2233 iudicem
759 2172 891 2232 ciuitatis
915 2173 1078 2243 iudicetur,
1101 2181 1132 2234 et
1152 2173 1213 2234 eis-

191 2287 262 2347 dem
279 2285 367 2366 pcnis
382 2284 542 2345 subiaceat
556 2284 790 2344 condemnatus.

274 2396 317 2476 (8)
340 2397 372 2456 Si
392 2415 468 2457 uero
485 2416 524 2456 ex
538 2392 646 2455 incolis
662 2394 795 2454 ciuitatis
811 2394 937 2476 aliquis,
958 2396 1024 2455 siue
1047 2404 1214 2458 extraneus

191 2510 271 2570 infra
287 2507 436 2569 terminos
453 2507 584 2567 ciuitatis
599 2506 630 2565 iu
653 2505 735 2566 furto
752 2507 802 2566 uel
822 2504 983 2567 latrocinio
999 2507 1213 2586 deprehensus

191 2621 300 2691 fuerit,
323 2639 377 2698 per
392 2619 510 2678 iudices
526 2617 658 2677 ciuitatis
674 2616 829 2696 puniatur.

273 2729 318 2810 (9(
339 2731 414 2790 Item
431 2728 457 2788 si
472 2729 541 2808 quis
554 2738 720 2789 extraneus
737 2728 870 2808 aliquem
888 2729 926 2788 de
939 2730 1063 2791 ciuitate
1078 2731 1109 2790 in
1120 2748 1214 2793 causa

191 2839 371 2922 pecuniaria
392 2837 442 2899 uel
461 2836 544 2899 illata
566 2837 677 2899 iniuria
693 2839 825 2900 uoluerit
841 2841 1025 2913 conuenire,
1048 2861 1152 2902 ceram
1167 2843 1214 2904 iu·

193 2954 263 3013 dice
279 2951 412 3011 ciuitatis
426 2951 641 3021 conueniatur,
664 2958 694 3011 et
714 2948 795 3010 nulla
818 2971 912 3012 causa
932 2953 971 3013 ad
986 2952 1122 3014 duellum
1137 2954 1217 3015 iudi-

193 3072 289 3133 cetur,
310 3060 365 3120 sed
381 3080 437 3138 per·
451 3068 545 3120 testes
561 3068 592 3121 et
606 3061 779 3121 iuramenta
793 3061 987 3133 terminetur,
1008 3063 1075 3122 siue
1090 3063 1129 3122 sit
1143 3081 1214 3123 cum

194 3170 350 3233 extraneis
371 3171 437 3230 siue
462 3189 532 3230 cum
556 3170 721 3249 indigenis.
751 3178 846 3231 testes
868 3179 971 3230 autem
987 3170 1127 3231 eiusdem
1143 3190 1216 3230 cuu-

194 3280 325 3344 dicionis
344 3288 374 3340 et
388 3279 550 3351 libertatis,
572 3280 660 3339 cuius
675 3279 741 3350 isti,
763 3288 968 3340 assumantur.

278 3389 341 3471 (10)
363 3391 483 3451 Eodem
499 3391 592 3450 triade
608 3390 675 3450 siue
691 3399 858 3451 extraneus
879 3390 1018 3450 inueniat
1033 3391 1115 3469 apud
1130 3390 1217 3453 iuco-

196 3503 258 3574 las,
285 3501 351 3562 siue
373 3501 475 3562 incole
498 3500 580 3579 apud
605 3509 770 3560 extraneus
794 3519 907 3581 equum
935 3508 987 3559 aut
1007 3502 1139 3573 bouem,
1164 3509 1219 3564 aut

196 3612 315 3693 aliquas
333 3633 384 3672 res
406 3611 553 3681 furtiuas‚
581 3629 706 3689 semper
728 3618 839 3681 testes,
869 3619 902 3670 ut
921 3630 1016 3689 supra
1035 3611 1150 3672 dictum
1170 3620 1220 3677 est

197 3724 419 3804 producantur.

278 3832 343 3915 (11)
367 3836 443 3896 ltcm
459 3834 543 3894 ciues
560 3834 599 3894 de
615 3833 754 3913 predicta
769 3833 912 3906 ciuitate,
933 3833 984 3896 uel
1005 3835 1218 3917 iobbagyonea

198 3947 236 4007 de
252 3945 344 4017 uillis,
365 3946 450 4007 etad
465 3946 565 4026 ipsam
580 3943 817 4026 pertinentibus,
839 3965 900 4025 que
915 3964 1013 4026 prope
1027 3947 1219 4008 territorium

197 4056 296 4137 ipsius
311 4055 443 4119 ciuitatis
458 4057 574 4120 fuerint
588 4057 661 4127 site,
683 4053 797 4118 nullius
819 4056 951 4132 iudicio,
971 4056 1031 4119 nisi
1045 4055 1161 4120 iudicio
1176 4055 1221 4125 ci·

198 4168 301 4235 uitatis
316 4168 439 4234 adstare
453 4176 627 4239 teneantur.
