2798 4764
185 340 249 415 01
307 330 507 415 Meu
521 332 1088 409 mummunommum

197 522 389 581 msssntue
403 534 460 598 per
471 513 602 599 Doregh
619 514 676 592 uel
688 534 750 598 per
761 512 921 588 Burbida,
941 511 1029 596 quod
1042 519 1130 576 certo
1145 530 1218 577 oar·
1308 598 1313 607 1

185 625 255 691 cies
273 624 343 689 lieri
363 644 489 708 sempm
502 625 724 708 presumimus,
743 624 818 689 dieti
832 624 994 708 uectigalis
1008 623 1041 687 in
1053 622 1218 697 fraudem,

186 758 213 803 s.
228 736 437 821 strigoniensi
457 737 589 802 ecclesie
607 738 758 802 tributum
776 737 936 810 debitum,
956 756 1014 799 seu
1033 733 1217 810 limitatum,

186 868 225 915 sc
236 848 265 913 si
277 848 378 932 ipssm
390 848 559 914 transirent
572 869 629 933 per
641 848 778 914 mediam
792 847 950 913 ciuitatem
964 844 1130 930 strigonii,
1149 844 1217 909 sol-

185 978 263 1025 uere
276 960 398 1045 integre
413 960 514 1025 eciem
528 961 613 1045 apud
626 960 786 1025 larerinum
806 958 910 1024 modis
924 959 1069 1022 omnibus
1082 965 1218 1023 tenean-

184 1082 246 1149 mr,
266 1072 375 1156 sicque
393 1072 542 1138 fraudare
563 1080 713 1137 cenantes
735 1074 850 1136 dietum
870 1080 976 1136 tamen
990 1071 1140 1136 tributum
1161 1070 1218 1133 uel

185 1186 337 1253 telonium
355 1204 396 1250 ne
410 1185 561 1261 suadent,
581 1186 679 1249 immo
693 1204 807 1251 reuera
821 1203 903 1267 pene
918 1192 1049 1269 propter
1062 1182 1123 1245 hoc
1136 1180 1218 1265 legi-

184 1298 275 1372 tima,
296 1296 387 1361 sicuti
401 1297 455 1381 qui
469 1317 534 1360 non
547 1296 650 1361 soluto
664 1294 810 1379 uectigali
824 1295 1021 1368 transierint,
1034 1294 1217 1377 puniantur.

184 1408 335 1475 Uolumus
354 1409 498 1474 similiter
511 1406 710 1474 tributarium
730 1428 756 1471 s.
767 1405 991 1491 strigoniensis
1013 1404 1147 1469 ecclesie
1167 1404 1218 1468 lo·

185 1538 256 1585 cnm
271 1540 363 1585 suum
377 1527 409 1585 et
421 1520 620 1585 mensionem
632 1520 752 1586 habere
769 1520 804 1583 in
816 1518 935 1584 telonio
948 1518 1133 1582 taurinensi.

267 1627 315 1713 (s)
334 1631 372 1703 ln
388 1631 532 1697 menete
552 1650 630 1696 nero
652 1631 862 1697 dubitacionis
882 1630 1032 1704 articulo,
1059 1628 1219 1694 consimili

183 1742 546 1809 tutissimsnostrorum
569 1743 835 1827 interpretacione
858 1744 1031 1814 lrsronum,
1062 1761 1100 1807 ae
1123 1742 1217 1825 regni

68 1882 76 1891 ⁶
184 1852 339 1917 nobilium
358 1852 555 1933 optimatum,
573 1854 607 1917 in
621 1852 823 1919 exsolncione
843 1853 950 1920 tributi
970 1875 996 1918 s.
1007 1850 1218 1936 strigoniensi

184 1964 319 2029 ecclesie
342 1963 456 2041 debiti,
487 1984 584 2049 quum
608 1965 694 2031 rseio
720 1963 983 2030 dissimilitudinis
1009 1963 1095 2029 uulta
1116 1962 1217 2042 sbsit,

182 2075 384 2159 periscsmns
403 2096 462 2160 per
477 2077 585 2141 omnis
603 2084 796 2142 mercatores
813 2074 989 2151 lustrales,
1009 2076 1219 2151 Uiennenses,

185 2187 441 2264 listislronenses,
462 2188 600 2253 Bsuams
613 2206 735 2263 omnes,
756 2188 909 2263 Saxones,
928 2188 1101 2261 llolremos,
1121 2185 1219 2250 Polo-

184 2316 242 2367 ποι
254 2308 288 2365 et
301 2318 412 2364 omues
425 2297 566 2365 breuiter
580 2298 825 2365 circellionum
846 2299 879 2361 in
895 2298 1039 2382 predicta
1051 2297 1217 2362 solucione

182 2410 308 2486 tributi,
335 2412 376 2476 de
400 2410 512 2494 pannis
535 2410 636 2475 eciam
659 2409 819 2485 eolorstis,
841 2408 939 2494 regie'
952 2409 1148 2475 liberalitatis
1171 2409 1217 2473 de

182 2522 403 2587 munificencia
424 2521 571 2606 speciali,
591 2521 843 2605 redintegrentes
856 2521 925 2585 siue
939 2519 1120 2604 supplentes
1135 2520 1217 2584 ube

183 2636 299 2701 riorem
314 2645 346 2699 et
359 2633 531 2704 cautelam,
552 2654 609 2697 ssu
622 2635 663 2699 de
678 2654 764 2698 nouo
778 2632 877 2699 eclam
892 2635 1113 2707 concedentes,
1128 2640 1159 2696 et
1173 2650 1216 2696 ex

180 2756 288 2812 nostra
308 2754 393 2810 certe
413 2745 549 2809 sciencie
569 2745 751 2829 largientes,
770 2745 887 2827 siquid
908 2744 990 2807 torte
1005 2745 1131 2808 deesset
1150 2743 1215 2807 iuri

181 2857 323 2940 ipsorum
342 2856 449 2920 telonii
467 2876 526 2921 sou
546 2855 672 2930 tributi,
692 2858 788 2919 modo
802 2876 860 2939 per
874 2856 978 2920 omnia
997 2855 1049 2918 nel
1064 2853 1216 2918 solemni·

181 2974 244 3031 tate
266 2967 453 3050 supradictis
472 2969 611 3031 omnium
635 2948 814 3031 nostrorum
838 2969 991 3031 baronum
1019 2969 1059 3031 de
1080 2967 1214 3029 consilio

183 3086 216 3143 et
234 3098 392 3144 consensu
412 3100 449 3144 ao
464 3064 715 3164 approbscione,
735 3088 821 3155 reta,
840 3080 932 3144 firme
952 3087 984 3144 st
998 3080 1148 3143 inuiolata
1163 3079 1215 3143 in·

181 3191 412 3272 terpretacione
432 3212 491 3257 seu
510 3191 717 3256 concessione
735 3193 877 3275 presenti
895 3200 1049 3275 perpetuo
1065 3212 1214 3276 permen-

180 3319 265 3365 sura.

262 3414 308 3478 Ne
330 3423 437 3479 entem
461 3416 614 3480 uarietate
637 3423 670 3479 et
689 3413 917 3499 longinquitate
938 3424 1115 3501 temporum
1134 3436 1214 3500 pre·

179 3523 276 3591 misse
299 3527 347 3590 rei
371 3527 471 3590 series
495 3536 667 3609 nostreque
690 3527 904 3593 concessionis
927 3538 959 3593 et
983 3529 1213 3593 deelarecionis

179 3640 309 3701 edoctus
331 3636 436 3703 ualent
458 3639 655 3722 aliquetenus
674 3640 847 3715 immutari,
868 3660 965 3725 quum
980 3641 1145 3725 priuilegia
1159 3660 1215 3706 re·

181 3769 256 3832 gum
278 3758 311 3813 et
324 3751 514 3833 principum,
535 3752 701 3834 presertim
714 3772 792 3836 erga
804 3763 945 3817 sanctem
960 3764 1092 3817 matrem
1106 3756 1215 3819 escle·

178 3861 257 3923 siem
286 3859 397 3924 deceat
421 3881 493 3926 esse
520 3882 684 3937 masura,
718 3864 871 3946 nulloque
899 3885 1036 3947 nnqsrsm
1064 3870 1214 3945 tempore

179 3969 343 4045 uiolanda,
364 3970 397 4034 in
410 3980 553 4036 eternsm
566 3977 613 4039 rei
627 3975 810 4039 memoriam
825 3982 857 4038 et
870 3984 1074 4059 perpetuam,
1087 3975 1215 4041 eisdem

175 4078 323 4145 lidelilrns
341 4081 468 4156 nostris,
487 4083 624 4166 capitulo
637 4084 864 4168 strigoniensi,
882 4094 1064 4169 presentem
1077 4105 1217 4153 conces·

175 4190 274 4257 simus
291 4191 459 4277 μείω,
478 4194 638 4279 dupplicis
653 4195 749 4281 sigilli
767 4195 870 4263 nostri
884 4199 1059 4265 munimiae
1076 4199 1216 4267 robore·
