2798 4764
242 338 378 407 ,uuus
391 341 433 387 ns
447 340 527 387 saza
542 340 583 385 on
598 340 759 386 uorturus
772 340 902 389 mmsis
916 320 1053 407 (340),
1100 326 1170 390 ¹¹26

124 547 126 551 .
142 515 215 560 nam
226 515 303 580 gens
316 496 385 578 ipsa
400 496 458 559 sub
468 495 650 577 paganismo
662 496 829 559 constituta
840 496 975 560 crudelis
985 498 1169 580 persecucio

142 609 242 671 luerat
256 607 451 670 Christianis.

226 717 270 799 (3)
293 720 380 781 Tune
395 738 434 780 eo
450 726 590 801 tempore
606 719 647 780 ad
661 719 772 780 ducem
788 718 939 780 Geicbam
959 720 1046 782 uenit
1061 740 1169 785 eomes

142 830 291 892 Tiboldus
306 830 346 894 du
359 830 383 891 F
384 831 513 913 anherg,
534 831 588 912 qui
602 829 708 893 Grauu
724 829 837 892 Tibold
851 839 899 892 est
913 838 1063 905 nocuus,
1084 833 1168 899 unde

143 943 182 1007 de
197 944 308 1007 eadem
322 944 474 1025 progenie
489 944 595 1007 Graun
616 945 742 1027 quidam
764 966 865 1027 nsque
880 945 974 1008 bodie
989 946 1169 1028 simpliciter

142 1056 351 1118 nominantur.
383 1076 422 1117 ex
443 1057 503 1117 isto
523 1055 566 1117 illi
590 1057 630 1118 de
645 1057 794 1119 boboeba
816 1057 1092 1121 ortideriuantur.
1118 1060 1169 1125 isti

142 1167 256 1230 etenim
270 1177 344 1231 sunt
357 1168 397 1229 de
412 1167 639 1230 Deucbunlaut.
731 1193 734 1196 ’
830 1192 832 1196 ’

225 1277 272 1359 (b)
294 1280 370 1343 Post
382 1279 443 1342 heo
457 1280 544 1342 uenit
556 1280 643 1342 Hunt
657 1288 689 1344 et
701 1281 834 1344 Pazman
856 1282 919 1345 duo
933 1282 1046 1346 lratres
1060 1303 1170 1349 carna·

141 1388 199 1465 les,
226 1390 339 1454 milites
358 1391 504 1465 eoridati,
535 1392 595 1455 orti
615 1392 656 1454 de
676 1392 802 1457 Saenia.
832 1392 865 1455 hi
887 1394 969 1455 enim
990 1395 1170 1478 passagium

143 1524 201 1586 per
213 1503 406 1586 Hungariam
426 1524 496 1566 eum
517 1505 583 1567 suis
598 1504 745 1567 militibus
760 1504 912 1569 iacientes
925 1505 1008 1570 ultra
1023 1526 1108 1572 mare
1123 1508 1169 1572 ire

144 1616 360 1688 intendebant,
372 1616 424 1696 qui
440 1616 557 1678 detenti
572 1637 629 1698 per
640 1616 750 1679 ducem
762 1617 921 1690 Geiebam,
938 1619 1065 1682 taudem
1079 1639 1169 1685 sauo-

143 1736 208 1790 tum
228 1746 338 1808 regem
359 1726 553 1808 Stephanum
572 1726 604 1788 in
624 1727 753 1790 llumine
772 1728 879 1790 Gorou
898 1730 1056 1793 teutonico
1080 1750 1168 1795 more

143 1838 245 1920 gladio
261 1837 384 1901 militari
401 1838 613 1901 accinxerunt.
1089 1902 1091 1906 .

224 1949 270 2031 (ὃ)
290 1949 493 2013 Postmodum
508 1950 602 2012 intrat
610 1951 650 2013 de
657 1949 848 2013 Wastuburo
862 1972 967 2015 eomes
976 1952 1168 2019 Weoeliuus.

142 2062 193 2125 hio
206 2062 318 2143 liupan
333 2061 446 2123 ducem
459 2060 492 2124 iu
506 2060 634 2142 Simigio
647 2061 814 2125 interiecit.
843 2063 932 2127 istius
946 2066 1113 2145 generacio
1127 2066 1168 2129 da

142 2173 207 2236 tato·
222 2173 295 2236 uiui
310 2180 392 2235 sunt.

224 2283 270 2367 (6)
291 2285 405 2348 Postea
418 2285 542 2349 Woller
556 2304 627 2348 eum
639 2285 778 2348 Hedrieo
792 2285 888 2348 fratre
901 2305 959 2349 suo
973 2287 1114 2351 introiuit
1130 2287 1171 2351 de

143 2397 275 2462 Uiltonia
300 2417 370 2460 eum
396 2397 452 2458 XL
476 2396 624 2460 militibus
649 2397 831 2479 phaleratis.
869 2397 942 2459 huic
964 2397 1056 2467 datur
1079 2413 1171 2461 mons

143 2511 269 2594 Kyseen
283 2529 340 2590 per
351 2508 555 2580 descensum,
576 2508 607 2568 iu
625 2527 687 2590 quo
702 2514 837 2570 castrum
852 2505 922 2569 lieri
936 2507 1010 2570 lauit
1023 2507 1172 2589 lignenm,

143 2623 270 2685 mndem
292 2628 324 2682 et
344 2620 511 2684 cenobium
531 2619 777 2691 monachorum,
807 2619 838 2681 io
861 2638 924 2700 quo
944 2626 1171 2700 postmortem

144 2731 304 2816 sepelitur.
325 2732 437 2794 existo
450 2748 586 2813 namque
601 2729 730 2792 Hedrici
745 2731 833 2812 origo
848 2750 918 2793 esse
932 2730 1039 2794 habet

226 2841 273 2924 (7)
294 2844 371 2905 Post
381 2842 466 2904 buno
480 2841 621 2905 introiuit
634 2842 693 2905 Pot
708 2841 748 2905 de
757 2841 881 2924 Lebpu,
903 2842 958 2925 qui
969 2842 1095 2906 nomine
1108 2842 1171 2905 alio

144 2955 286 3019 Ernistus
301 2965 350 3018 est
362 2961 502 3017 uocatus.
523 2953 576 3016 bio
588 2972 659 3015 cum
673 2952 779 3015 multis
790 2953 944 3016 nobilibus
955 2954 1030 3017 adiit
1040 2955 1072 3016 iu
1083 2955 1172 3019 tton-

146 3069 274 3151 gariom.
303 3067 344 3129 de
362 3066 422 3129 isto
437 3065 565 3129 Comitis
581 3064 716 3128 Conradi
738 3065 778 3127 de
792 3065 968 3147 Altunburg
990 3066 1079 3148 origo
1099 3085 1171 3129 esse

145 3181 249 3246 babet.

225 3291 273 3377 (S)
294 3293 358 3357 Sed
373 3300 484 3376 postea
501 3300 643 3374 tempore
657 3291 742 3355 Petri
758 3291 841 3374 regis
856 3290 957 3353 ltelad
977 3297 1010 3354 et
1022 3289 1105 3352 Gutb
1124 3289 1173 3353 in·

145 3415 229 3472 bant
240 3416 306 3471 tres
320 3407 433 3469 iratres
455 3424 495 3470 ex
516 3413 609 3487 geute
623 3405 801 3467 Sueuorum
820 3403 861 3466 da
876 3400 1004 3465 castalio
1018 3400 1091 3463 stol
1099 3407 1174 3467 suu

146 3521 252 3585 natiui-

225 3629 271 3714 (ttl
295 3632 374 3695 Post
392 3630 463 3694 illos
477 3628 624 3693 ditmann
644 3627 737 3690 intrat
758 3626 799 3689 de
813 3623 966 3687 Fridburo
985 3623 1077 3731 miles
1090 3624 1174 3689 curi·

147 3744 251 3818 datus,
261 3763 313 3806 ex
327 3742 429 3825 patria
442 3741 664 3822 Turingorum.
694 3739 733 3801 de
747 3736 808 3801 isto
822 3736 868 3798 illi
882 3737 922 3801 ds
936 3736 1048 3819 llolugi
1065 3738 1174 3803 oriun-

147 3863 206 3919 lttr.

224 3965 294 4050 tto)
322 3967 398 4035 Post
416 3966 476 4032 bos
495 3967 612 4033 intrant
631 3962 789 4029 Oliuerius
810 3970 843 4027 et
859 3962 1008 4029 liutoldus
1030 3967 1173 4045 tempore

145 4080 228 4165 rogis
240 4078 598 4164 Kotomannido-rsgno
613 4076 785 4167 tprdomtn
799 4076 840 4145 do
855 4074 984 4149 Cusus
999 4082 1102 4145 attunt
1115 4072 1174 4144 bas
