2798 4764
258 1584 468 1659 Postremum
476 1594 1001 1678 uorementommarpadianomm
1012 1592 1209 1659 rerumhun·

183 1737 361 1822 garioarum
383 1753 513 1818 aoapum
533 1733 703 1799 lectoribus
722 1734 923 1810 exhibentee,
950 1755 1009 1798 nos
1030 1735 1122 1799 decet
1142 1734 1209 1798 edi·

181 1877 263 1942 torio
284 1877 467 1940 memoriam
488 1877 592 1939 animo
613 1875 774 1939 celebrare
796 1872 985 1960 gratissimo.

267 2014 328 2080 Vir
347 2017 377 2079 ei
397 2013 515 2080 iioitum
534 2022 602 2081 erat
621 2017 790 2082 novissima
807 2016 900 2081 huiue
914 2017 1039 2101 optima
1063 2017 1208 2081 editionis

185 2158 284 2224 rerba
309 2158 448 2222 seribere
471 2165 503 2221 et
524 2175 596 2221 oum
617 2157 762 2222 omnibns
786 2177 889 2222 rerum
917 2167 1076 2242 gestarum
1102 2159 1208 2241 peritia

184 2307 252 2363 tum
272 2298 492 2383 aequorum
515 2297 707 2378 nobilissimo
730 2297 848 2382 populo
870 2298 1006 2363 maxime
1027 2317 1153 2381 semper
1171 2297 1211 2360 ab

186 2458 227 2503 eo
241 2446 346 2503 amato
362 2448 597 2503 monumentum
613 2438 885 2522 praeclarissimum
903 2438 1093 2522 relinquere,
1114 2456 1211 2522 quum

185 2601 226 2646 ex
248 2581 418 2644 amicornm
439 2579 683 2656 consuetudine,
711 2601 752 2643 ex
772 2580 974 2644 universitate
995 2579 1150 2654 literaria,
1164 2599 1212 2665 ex

185 2724 303 2806 petria,
329 2722 381 2787 eni
401 2742 420 2787 e
440 2741 499 2786 aun
520 2729 647 2805 aumptu
668 2740 797 2806 operam
818 2722 1009 2806 prebuerat,
1033 2721 1097 2788 fato
1119 2741 1210 2808 erep-

184 2873 236 2932 tm
257 2872 314 2929 eet.

136 3019 144 3028 ·
268 3005 435 3090 Stephanae
454 3004 609 3069 motae·
626 3004 782 3068 Eedtioior
807 3004 837 3068 d.
851 3003 892 3070 28
906 3024 1008 3068 mena.
1023 3003 1113 3068 Mart
1130 3002 1210 3069 tata

183 3150 249 3216 rite
267 3151 404 3218 deeeaoit
424 3149 528 3218 eubito
547 3157 640 3236 etque
660 3148 846 3235 improuiso,
867 3149 899 3214 in
919 3148 989 3234 ipso
1012 3147 1111 3214 atatis
1132 3146 1209 3213 flore

184 3291 370 3360 entinetua.

268 3432 378 3520 Neque
392 3439 499 3500 temen
511 3437 653 3500 noenum
670 3430 728 3500 aed
746 3431 815 3498 eine
830 3428 884 3518 qui
899 3428 1028 3497 editoris
1041 3426 1211 3516 imaginem

186 3576 360 3660 exprimet,
381 3584 579 3663 quantopere
602 3573 642 3642 de
663 3571 764 3642 litorio
784 3572 937 3661 augendis
957 3573 1089 3642 meritur
1110 3573 1151 3642 ait
1163 3573 1212 3640 vir

184 3717 241 3786 iile
262 3718 412 3804 singulari
433 3725 528 3804 atque
552 3715 684 3784 mirifico
705 3716 833 3804 iugenio
855 3717 915 3783 erit
939 3715 1154 3785 domomum
1180 3724 1212 3782 et

183 3859 367 3947 diligentius
382 3859 563 3945 explorare,
584 3865 689 3926 utrum
708 3854 886 3945 linguarum
907 3856 1057 3934 scientiis,
1078 3875 1120 3923 an
1138 3855 1214 3923 luer-

183 4004 298 4072 eoum
312 4003 474 4082 doctrine,
486 4022 527 4069 an
541 4001 734 4087 antiquitatis
753 4009 786 4068 et
803 4000 941 4068 historia
954 4000 1076 4076 studiis,
1096 3998 1212 4064 deinde

183 4154 294 4214 nuum
306 4145 421 4234 quiana
435 4145 621 4233 proponitur
636 4153 704 4214 eret
715 4144 880 4222 institutio,
901 4163 942 4210 an
955 4141 1139 4230 imperatori
1152 4155 1211 4202 auo
