2798 4764
225 321 247 392 Ξ
656 339 826 389 euonoous

224 515 391 584 egressus,
417 515 475 580 per
500 495 617 560 idioma
641 495 889 579 alienigenarum
910 494 1064 580 Hungarii
1089 501 1121 560 et
1144 496 1176 560 in
1197 515 1257 560 sua

222 609 332 693 lingua¹
349 609 480 693 propria
498 608 630 692 blogerii
651 615 806 671 uocantur
826 608 881 670 tibi
905 608 1095 670 scriberem:
1124 609 1255 692 promisi

225 722 310 786 enim
324 741 375 785 me
391 720 568 795 facturum,
589 721 646 783 sed
661 720 729 782 aliis
744 718 884 802 negociis
905 719 1085 802 impeditus,
1105 726 1159 782 tue
1174 720 1255 802 peti-

225 833 324 898 cionis
340 841 372 896 et
385 852 456 896 mee
472 831 690 915 promissionis
705 831 766 893 iam
785 850 865 914 pene
881 849 967 894 eram
983 830 1109 904 oblitus,
1130 831 1190 893 nisi
1204 851 1254 895 me

224 965 283 1029 per
292 944 398 1007 literas
414 952 469 1033 tua
484 943 612 1006 dilectio
625 942 765 1006 debitum
780 943 915 1005 reddere
928 942 1112 1021 monuisset.
1133 961 1256 1005 memor

223 1055 319 1139 igitur
336 1063 390 1118 tue
410 1051 596 1127 dilectionis,
617 1053 761 1135 quamuis
783 1050 887 1116 multis
902 1061 934 1116 et
948 1052 1082 1116 diuersis
1095 1052 1189 1115 buius
1210 1053 1255 1115 la·

223 1165 341 1231 boriosi
355 1164 454 1229 seculi
468 1164 639 1247 impeditus
655 1166 713 1228 sim
728 1166 880 1247 negociis,
891 1164 996 1227 iacere
1011 1172 1117 1227 tumen
1128 1183 1256 1247 aggres-

224 1297 379 1351 sussum,
400 1297 462 1360 que
477 1275 582 1340 facere
597 1275 732 1349 iussisti,
753 1284 785 1339 et
805 1276 980 1339 secundum
1002 1275 1192 1339 tradiciones
1207 1277 1254 1339 di-

223 1406 392 1453 uersorum
404 1384 756 1470 bioodogrrpborum„
771 1386 878 1451 diuine
891 1387 997 1470 gracie
1016 1384 1115 1455 fultus
1127 1384 1255 1462 anxilio,

225 1500 378 1583 optimum
401 1499 567 1573 estimans,
588 1507 684 1563 utne
706 1498 842 1581 posteris
863 1499 896 1559 in
917 1497 1058 1560 ultimam
1071 1498 1255 1581 generacio-

224 1628 298 1673 nem
318 1607 470 1672 obliuioni
490 1609 643 1672 tradatur.
678 1609 830 1693 optimum
853 1628 929 1691 ergo
953 1608 1046 1682 duxi,
1073 1617 1108 1673 ut
1124 1629 1200 1673 uere
1224 1616 1256 1673 et

224 1721 408 1804 simpliciter
429 1721 486 1784 tibi
507 1721 696 1795 scriberem,
725 1721 811 1802 quod
832 1719 974 1803 legentes
999 1719 1121 1803 possint
1141 1740 1256 1804 agnos·

225 1850 297 1896 cere
319 1831 480 1914 quomodo
502 1851 553 1895 res
576 1838 662 1914 geste
688 1839 812 1905 essent,
833 1831 860 1894 si
882 1838 946 1894 tam
968 1831 1164 1895 nobilissima
1177 1851 1255 1915 gens

224 1941 386 2026 ilungarie
409 1941 582 2026 primordia
605 1962 662 2005 sue
688 1942 925 2026 generacionis,
956 1950 988 2006 et
1013 1942 1106 2006 fortia
1129 1963 1255 2027 queque

224 2053 307 2118 facta
328 2071 388 2118 suu
408 2074 452 2117 ex·
469 2054 555 2118 salsis
579 2053 692 2117 tubulis
706 2053 916 2130 rusticorum,
936 2052 989 2118 vel
1003 2072 1022 2118 r
1035 2052 1147 2138 gerulo
1161 2063 1255 2118 cantu

223 2164 433 2229 ioculatorum
454 2165 545 2248 quasi
568 2165 755 2228 somniando
785 2166 923 2239 audiret,
951 2164 1045 2229 ualde
1068 2166 1256 2229 indecorum

226 2285 258 2342 et
271 2276 347 2340 satis
362 2275 513 2339 indecens
528 2284 623 2352 esset,
640 2296 717 2361 ergo
733 2277 842 2359 pocius
857 2278 985 2340 amodo
1000 2277 1040 2340 de
1056 2286 1141 2341 certa
1155 2277 1255 2360 scrip·

223 2394 368 2453 turarum
383 2387 688 2472 explanacione,'et
712 2397 820 2473 aperta
841 2388 1045 2452 historiarum
1068 2389 1256 2472 interpreta-

225 2499 317 2564 cione
331 2518 438 2564 rerum
452 2502 619 2564 ueritatem
634 2501 781 2565 nobiliter
790 2501 953 2584 percipiat.
974 2496 1049 2563 felix
1063 2498 1256 2584 igiturllun·

226 2612 330 2696 geria,
350 2611 400 2673 cui
413 2619 487 2673 sunt
501 2612 585 2673 dona
600 2612 673 2673 datu
687 2613 792 2684 numa,
807 2611 953 2674 omnibus
968 2612 1053 2674 enim
1066 2611 1164 2686 boris,
1178 2630 1257 2694 guu-

228 2721 302 2785 deat
316 2722 354 2784 de
375 2740 507 2784 munere
529 2722 577 2783 sui
592 2721 779 2795 literatoris,
801 2721 876 2803 quia
890 2720 1055 2783 exordium
1069 2719 1255 2805 genealogie

226 2851 338 2916 regum
361 2848 492 2894 suorum
514 2836 547 2894 et
567 2829 720 2895 nobilium
738 2830 845 2895 babet.
876 2830 1045 2914 dequibus
1066 2832 1196 2916 regibus
1217 2835 1257 2898 sit

226 2941 297 3008 irus
316 2950 349 3006 et
369 2942 472 3006 bonor
492 2942 561 3027 regi
583 2949 692 3006 eterno
708 2949 740 3006 et
752 2940 974 3009 sanoteblarle
989 2942 1082 3006 matri
1095 2943 1178 3018 eius,
1198 2963 1256 3026 per

227 3053 365 3139 graciam
381 3053 470 3118 cuius
483 3072 576 3139 reges
590 3052 753 3138 ilungarie
774 3059 806 3118 et
826 3052 948 3119 nobiles
965 3072 1099 3138 regnum
1118 3054 1258 3121 babeant

228 3164 313 3232 lelici
327 3165 410 3242 tine,
430 3164 529 3231 hicet
545 3166 578 3231 in
592 3172 747 3231 eternum.
788 3166 899 3231 Amen.
