2798 4764
338 1098 460 1183 PEl'lll
492 1101 802 1189 mtflffirlsttrt
827 1104 1102 1191 tremamus

251 1288 736 1380 CONSTITUTIO
779 1294 1192 1382 SYNODALIS.

615 1475 829 1537 dccxxxv.

471 1644 494 1694 E
512 1643 610 1695 llarlati
629 1645 733 1710 lllp'rioo
750 1661 826 1696 sacro
844 1646 890 1697 ΙΙΙ.
909 1646 966 1700 213.

601 1797 846 1808 ⁸¹-—

289 1929 323 1990 ln
339 1929 465 1991 nomine
485 1940 592 1993 sancte
615 1939 646 1994 ct
667 1932 827 1995 indiuidue
851 1933 1005 1995 trinitatis.
1035 1952 1117 1995 anno
1133 1933 1172 1995 ab
1186 1933 1234 1996 in·
1325 1940 1329 1945 '

206 2042 391 2104 earnacione
424 2042 542 2105 domini
570 2044 783 2105 llCLXXXV.
823 2045 991 2106 indictione
1023 2045 1072 2106 lll.
1105 2045 1232 2106 domiuo

206 2152 303 2214 Lucio
334 2172 413 2233 papa
438 2154 488 2215 ΙΙΙ.
514 2154 684 2235 apostolice
713 2155 779 2216 sedi
805 2155 1003 2237 presidente,
1042 2174 1078 2216 ac
1105 2154 1232 2216 domino

205 2264 279 2327 Bela
300 2266 349 2325 lll.
372 2265 532 2346 Hungarie
555 2285 685 2347 reguum
710 2266 924 2346 gubernante,
947 2274 978 2327 et
999 2266 1125 2327 domino
1146 2265 1232 2327 Hen-

205 2376 269 2437 rico
283 2375 348 2436 lilio
365 2377 441 2449 eius,
464 2395 502 2438 eo
518 2376 592 2436 uiuo
608 2384 767 2448 coronato,
789 2376 849 2436 boc
864 2383 967 2436 actum
983 2382 1040 2437 est.

197 2524 199 2529 =
250 2528 264 2543 .
286 2489 444 2563 Quoniam
467 2488 629 2570 pastoralis
657 2487 751 2549 officii
774 2505 862 2561 cura,
892 2488 1005 2569 quibus
1025 2485 1230 2569 spiritualium

204 2621 309 2665 rerum
325 2622 445 2663 summa
462 2600 675 2672 committitur,
696 2599 844 2661 admonet
863 2599 1027 2661 uniuersos
1047 2619 1084 2660 ac
1098 2608 1231 2681 paterna

203 2711 378 2773 sollicitudo
404 2711 531 2785 inuitat,
563 2719 597 2773 ut
621 2712 769 2792 gregibus
795 2710 855 2772 sibi
879 2707 1006 2771 creditis
1029 2709 1071 2771 ita
1095 2709 1228 2794 quisque

203 2822 383 2905 prouideat,
399 2824 484 2905 quod
499 2824 642 2905 luporum
659 2824 812 2885 morsibus
828 2843 890 2884 non
905 2830 1080 2903 exponatur
1094 2821 1229 2895 incaute,

203 2944 234 2997 et
249 2956 288 2997 ne
304 2936 477 3017 incongrua
492 2936 656 2997 abutentes
678 2935 827 3008 licencia,
848 2935 979 2997 terrenis
995 2934 1167 2997 commodis
1181 2933 1229 2995 in-

202 3048 288 3109 hiare
304 3047 480 3121 uideantur,
496 3057 527 3111 et
542 3069 580 3109 ne
597 3049 769 3109 animarum
784 3047 873 3110 lucra
888 3047 1046 3119 omittant,
1062 3045 1229 3127 diiigenter

202 3159 369 3240 inquirere.
400 3159 472 3221 ideo
495 3181 554 3241 ego
570 3161 697 3232 Petrus,
720 3159 825 3221 diuina
849 3159 974 3220 fauente
998 3157 1102 3239 gracia
1121 3154 1230 3237 Spala-

203 3271 265 3332 tiue
288 3270 371 3332 sedis
392 3270 660 3351 archiepiscopus,
683 3270 793 3331 uidens
819 3267 915 3329 multa
935 3265 1074 3328 enormia
1096 3284 1153 3345 per
1171 3282 1229 3324 no·

201 3390 298 3442 strum
321 3380 624 3461 archiepiscopatum
646 3379 827 3449 emersisse,
849 3376 1098 3458 multiplicesque
1121 3372 1229 3435 subdi-

202 3499 304 3553 torum
324 3512 446 3555 errores
469 3491 671 3553 considerans
694 3489 831 3571 grauiter
852 3487 1024 3568 pullulare,
1045 3493 1079 3546 ut
1099 3482 1227 3546 domino

201 3603 388 3683 prouidente
417 3601 596 3664 excessibus
620 3599 711 3663 tantis
735 3618 905 3680 congruum
934 3597 1029 3660 finem
1050 3596 1229 3679 imponere,

202 3722 296 3795 atque
312 3713 499 3776 salutaribus
518 3712 642 3774 monitis
658 3711 822 3773 audientes
839 3729 962 3791 possem
977 3707 1166 3782 informare,
1186 3706 1227 3770 de

201 3827 346 3887 mandato
362 3834 393 3888 et
408 3825 566 3886 uoluntate
582 3822 694 3885 summi
711 3821 864 3905 pontilicis
884 3820 915 3883 in
931 3830 1038 3883 nostra
1052 3818 1229 3903 spalatensi

201 3935 342 4008 ciuitate,
364 3955 433 3996 cum
450 3933 594 3998 omnibus
609 3932 815 4015 suffraganeis
835 3940 866 3995 et
880 3932 1064 4005 abbatibus,
1084 3949 1143 3994 nee
1161 3948 1227 3991 non

201 4046 386 4109 clericorum
409 4048 515 4129 copia,
537 4045 718 4129 generalem
739 4045 911 4128 synodum,
932 4045 1080 4109 inuncata
1097 4039 1228 4125 sspiri-

200 4168 249 4226 tus
264 4161 371 4244 gracia
385 4159 527 4225 kalendis
541 4160 614 4227 Maii
629 4159 857 4225 celebrabimus
865 4205 875 4237 ,
896 4157 950 4223 ubi
965 4177 1042 4223 uero
1153 4193 1158 4201 ·
