2798 4764
318 336 577 387 cnasrrrorrorrns
599 340 733 388 arnonus
753 340 919 390 snnsnsrs..
947 324 1040 391 lm
1130 324 1212 390 m·

170 494 390 561 uniuersitates
409 513 446 556 ac
461 502 570 568 terras,
590 494 681 556 uillas
696 494 748 557 uel
762 492 831 556 loca
844 514 862 555 a
876 495 940 556 suis
954 495 1120 570 iudicibus,
1140 495 1194 560 uel

169 627 188 671 a
209 605 295 679 iure,
317 606 384 669 siue
406 623 560 667 acanone
583 604 792 686 promulgatas
808 625 909 685 usque
923 605 963 666 ad
977 605 1037 667 bec
1049 613 1193 688 tempora

168 718 199 779 in
221 734 318 799 graue
338 716 512 777 animarum
538 715 727 796 periculum,
749 725 780 777 et
802 715 925 778 illorum
943 717 1131 798 adquorum
1146 717 1194 783 in·

167 826 337 899 stanciam,
366 827 417 888 uel
437 846 493 907 pro
509 827 622 908 quibus
635 826 815 890 huiusmodi
829 827 988 888 sentencie
1002 827 1064 888 late
1080 826 1195 891 luerim

106 999 110 1004 .
167 958 232 1002 non
254 939 430 1012 modicum,
451 939 546 999 immo
562 938 747 1018 plerumque
768 938 937 1001 maximum
957 938 1195 1011 detrimentum,

167 1070 308 1113 necnon
332 1050 365 1110 in
391 1049 609 1131 grauissimum
635 1048 826 1111 auctoritatis
854 1057 886 1110 et
911 1049 1071 1128 potestatis
1096 1047 1195 1111 eccle·

166 1162 291 1226 siastice
305 1179 439 1224 censure
454 1167 678 1240 contemptum,
689 1167 721 1220 et
732 1160 972 1240 derogacionem
984 1158 1193 1225 ecclesiastiae

166 1272 335 1344 libertatis,
357 1277 457 1352 prout⁴
470 1279 615 1332 tenentur
636 1278 668 1332 et
688 1270 805 1331 debent
822 1270 973 1332 hactenus
988 1271 1114 1332 minime
1128 1291 1194 1335 sar·

168 1390 340 1456 uenerunt,
354 1401 413 1443 nec
427 1380 570 1445 lecerunt
583 1380 622 1442 ab
637 1380 705 1441 aliis
720 1380 899 1453 obseruari,
913 1382 999 1442 iuxta
1014 1382 1193 1445 mandatum

168 1492 301 1573 apostoli
329 1499 361 1554 et
384 1499 500 1555 statuta
525 1491 676 1553 canonica
703 1491 987 1554 excommunicatos
1014 1492 1193 1559 huiusmodi

168 1624 232 1666 nnn
253 1603 399 1677 uitanda,
421 1605 477 1666 sed
499 1602 530 1675 in
549 1602 757 1676 salutacione,
779 1603 903 1676 osculo,
933 1624 1057 1677 mensa,
1078 1604 1193 1669 diuinis

168 1716 289 1788 officiis,
311 1735 348 1778 ac
369 1714 437 1788 aliis
458 1716 498 1777 ab
517 1714 659 1796 apostolo
679 1723 711 1777 et
727 1715 826 1777 sacris
844 1717 1017 1778 canonibus
1033 1715 1193 1796 prohibitis

167 1829 386 1891 damnabiliter
414 1828 680 1890 communicantes
709 1847 779 1889 cum
808 1829 926 1890 eisdem
955 1828 1057 1901 laicis,
1087 1827 1194 1897 idiotis

168 1949 261 2020 atque
285 1938 488 2018 simplicibus,
516 1957 595 2018 quos
621 1938 660 1998 ad
685 1933 865 2000 huiusmodi
888 1940 1064 2003 sentencias
1086 1940 1194 2002 obser-

167 2049 286 2111 uaudas
308 2049 574 2129 persuasionibus,
597 2048 733 2121 monitis,
754 2058 786 2111 et
806 2048 957 2129 exemplis
975 2049 1141 2124 inducere,
1162 2058 1195 2114 et

167 2181 224 2241 per
248 2179 413 2222 censuram
436 2158 679 2222 ecclesiasticam
702 2161 829 2241 grauius
854 2160 1044 2242 compellere
1068 2162 1195 2227 debuis-

90 2306 94 2315 ·
167 2280 253 2342 sent,
269 2272 334 2332 suis
349 2271 453 2350 prauis
469 2280 500 2333 et
515 2270 700 2350 perniciosis
715 2272 868 2352 exemplis
882 2274 976 2344 uiam,
995 2273 1059 2333 imo
1074 2273 1193 2337 inuium

170 2391 201 2444 et
214 2382 345 2463 laqueos
361 2380 553 2444 damnabiles
569 2382 608 2443 ad
623 2390 836 2463 contemptum
849 2384 999 2447 libertatis
1014 2395 1046 2446 et
1060 2401 1193 2453 censure

169 2489 378 2554 ecclesiastice
399 2500 598 2570 parauerunt.
626 2493 702 2574 quia
719 2502 753 2555 ut
770 2495 919 2575 scriptum
938 2507 1006 2568 est,
1025 2497 1111 2577 quod
1125 2494 1194 2559 fila

168 2603 295 2684 prelatis
311 2604 445 2667 trabitur
459 2623 478 2666 a
492 2604 623 2666 subditis
637 2604 728 2668 facile
742 2606 775 2668 in
791 2606 984 2688 exemplum,
998 2609 1105 2688 sicque
1120 2626 1194 2688 pen-

169 2716 245 2778 nalis
261 2714 457 2796 exigentibus
472 2735 512 2777 ex
527 2714 633 2777 talium
649 2717 749 2779 abusu
769 2717 963 2799 negligencia
985 2728 1018 2781 ct
1031 2728 1194 2802 contemp-

168 2836 217 2889 tus
239 2846 276 2891 ac
298 2826 502 2907 plurimorum
523 2826 646 2888 malicia
668 2828 791 2901 euenit,
812 2829 924 2891 accidit
941 2831 1026 2910 quod
1040 2832 1132 2911 pauci
1146 2830 1194 2895 in-

168 2938 338 3001 ueniuntur
357 2938 388 2998 in
410 2957 508 3018 ragno
530 2946 561 3000 et
582 2939 675 3001 terris
696 2939 852 3020 predictis,
879 2940 934 3022 qui
949 2941 1193 3005 ecclesiasticam

167 3069 331 3112 censuram
349 3057 556 3111 reuereantur
572 3057 602 3112 et
617 3051 760 3123 timeant,
781 3071 851 3112 cum
867 3051 997 3113 uideant
1009 3051 1195 3115 defensores

166 3162 264 3241 ipsius
285 3180 435 3232 censure,
455 3161 604 3243 prelatos,
625 3160 746 3224 scilicet
764 3171 796 3223 et
816 3161 892 3223 alias
907 3162 1063 3223 inferioris
1078 3162 1193 3241 gradus

170 3272 397 3335 ecclesiasticas
418 3291 579 3353 personas,
602 3281 755 3351 pastores,
776 3282 894 3351 patres,
916 3280 948 3333 et
969 3272 1106 3334 medicos
1127 3271 1195 3333 ani·

170 3403 291 3445 marum
318 3403 447 3446 suarum
476 3381 656 3444 huiusmodi
682 3381 859 3444 sentencias
888 3402 945 3463 per
972 3382 1056 3462 ipsos
1085 3382 1193 3463 poclm

169 3496 276 3560 diuina
286 3515 380 3578 quarn
394 3495 532 3556 bumana
546 3492 728 3554 auctoritate
744 3492 893 3573 prolatas,
907 3513 1039 3573 quarum
1055 3493 1095 3554 ad
1109 3494 1193 3574 ipsas

167 3609 342 3691 specialiter
367 3614 489 3687 spectat
517 3603 610 3667 tuicio
638 3603 817 3666 notabiliter
839 3612 870 3667 et
892 3603 1109 3666 damnabiliter
1129 3624 1194 3671 nun

167 3721 297 3785 seruari.
318 3720 393 3801 quia
409 3726 442 3779 ut
456 3716 580 3798 sapiens
595 3717 654 3789 ait,
676 3735 734 3777 nec
749 3716 795 3777 sie
809 3717 969 3779 inllectere
980 3716 1101 3779 animos
1112 3693 1195 3781 diota

167 3840 315 3911 possunt,
336 3838 370 3893 ut
389 3827 455 3890 uita
474 3826 622 3907 regentis,
644 3835 770 3906 propter
792 3845 853 3907 que
876 3846 1027 3901 censura,
1049 3836 1081 3891 et
1098 3829 1195 3893 libar-

168 3949 231 4002 tate
245 3939 425 4006 huiusmodi
440 3940 494 4004 uili
509 3939 625 4020 pensis,
646 3938 708 4000 iam
725 3939 941 4004 indifferenter
961 3949 992 4003 et
1011 3940 1142 4021 impune
1160 3941 1195 4005 in

169 4068 266 4128 regno
282 4057 313 4110 et
326 4051 419 4112 terris
430 4050 577 4131 predictis
593 4050 1030 4131 captiuautur„uerberantur,
1051 4054 1196 4118 mutilan-

169 4169 230 4236 tur,
251 4178 288 4223 ae
303 4158 405 4223 eciam
418 4160 604 4226 occiduntur
618 4160 740 4236 clerici,
761 4171 794 4229 at
807 4164 894 4245 quod
907 4162 1049 4231 seuerius
1063 4171 1114 4229 est
1125 4179 1195 4242 pru.-
