2798 4764
408 364 547 414 amarer
567 368 667 416 essrs
689 361 898 419 uenenorum
919 353 995 439 (1⁷).
1179 360 1220 424 td

187 522 334 587 muers
349 521 454 604 Arpad
469 521 558 585 dueis
572 520 602 584 ei
615 523 802 586 retuterunt.
833 524 897 586 dux
911 523 1043 588 Seianus
1056 525 1133 589 uisis
1148 544 1218 589 nsu-

185 634 316 699 neritus
337 639 370 695 et
391 633 497 695 audita
517 633 697 715 legacione,
726 643 789 697 tarn
810 654 937 699 suorum
958 656 1053 720 quarn
1072 639 1217 713 istorum,

185 746 282 810 teeiur
292 744 394 808 iaetus
407 754 458 808 est
471 745 573 818 solito,
594 754 627 808 et
640 747 752 809 missus
767 749 874 830 Arped
889 750 978 813 ducis
993 751 1130 833 benigne
1145 772 1216 814 sus·

185 859 280 942 cepit,
294 864 326 919 et
342 856 478 919 diuersis
491 856 582 918 donis
597 857 727 930 dotauit,
748 866 780 921 et
793 858 925 941 insuper
938 861 1094 942 postulatu
1107 863 1215 944 Arpad

186 969 353 1033 concessit.
368 968 493 1030 decimu
507 976 610 1030 autem
626 969 678 1031 die
693 967 785 1032 Ound
800 977 832 1033 et
847 972 953 1046 Ketei,
974 981 1105 1054 accepta
1118 974 1216 1037 lieen-

186 1084 235 1144 eia
249 1100 267 1142 a
282 1080 398 1143 Seiano
414 1080 510 1154 duee,
534 1081 707 1162 repatriare
722 1091 892 1164 ceperunt,
912 1105 972 1166 per
986 1104 1065 1168 quos
1081 1087 1145 1149 dux
1160 1087 1217 1150 Sa·

185 1190 277 1255 lanus
292 1192 370 1254 duas
386 1191 567 1272 lagunculas
583 1210 667 1275 aqua
680 1193 813 1256 Danubii
836 1193 959 1275 plenus,
980 1204 1013 1260 et
1034 1215 1128 1259 unum
1150 1215 1218 1259 sar·

186 1307 288 1369 cinam
311 1305 352 1367 de
373 1303 480 1366 herbis
499 1303 683 1366 melioribus
707 1302 888 1367 sahuiurum
909 1303 1017 1388 Olpe,
1045 1309 1135 1389 quasi
1157 1328 1216 1392 pru

186 1417 251 1480 risu
267 1415 459 1489 deridendo,
481 1434 553 1476 eum
568 1414 703 1476 diuersis
718 1415 900 1477 muneribus
915 1417 986 1479 duci
1001 1417 1106 1499 Arpad
1120 1392 1218 1495 misit,

187 1538 217 1592 et
231 1530 361 1610 insuper
374 1547 445 1588 cunr
460 1525 690 1589 habitatoribus
705 1527 770 1589 suis
783 1534 901 1590 terram
917 1549 1017 1610 usque
1031 1530 1071 1591 ad
1085 1530 1216 1595 dunum

187 1644 313 1724 Suuyou
329 1641 496 1704 concessit.
518 1648 591 1702 tunc
607 1639 701 1702 Ound
716 1648 748 1703 et
763 1639 852 1702 Ketel
867 1641 907 1702 ad
923 1641 1036 1703 ducem
1050 1643 1156 1724 Arpad
1171 1643 1216 1706 ei·

187 1756 252 1819 eius
266 1755 451 1827 uenientes,
471 1773 541 1815 eum
556 1751 665 1834 legatis
680 1751 785 1814 Saieni
801 1752 900 1826 ducis,
922 1772 959 1815 ne
972 1773 1106 1815 munera
1120 1754 1215 1818 missa

187 1872 465 1951 presentaverunt,
488 1872 519 1927 et
534 1872 650 1926 terram
663 1884 733 1926 curn
748 1842 893 1927 erunibus
908 1863 1135 1928 habitatoribus
1150 1867 1215 1930 suis

187 1980 257 2042 duci
273 1978 412 2061 Arpadiu
428 1978 637 2039 condonatam
653 1998 722 2039 esse
739 1977 896 2040 dixerunt.
922 1977 1006 2039 unde
1022 1977 1155 2040 maxima
1169 1977 1215 2041 le·

186 2093 257 2155 ticin
268 2099 337 2154 urta
348 2099 397 2153 est
411 2091 442 2151 in
458 2089 544 2151 curia
556 2090 660 2171 Arpad
675 2089 774 2162 ducis,
790 2097 821 2152 et
835 2109 893 2172 per
903 2096 967 2151 tres
982 2087 1049 2151 dies
1065 2109 1213 2173 maguum

187 2202 366 2264 conuiuium
387 2198 638 2274 celebrauerunt,
661 2207 693 2262 et
714 2207 788 2262 tunc
813 2200 961 2263 roborata
976 2219 1071 2280 pace,
1092 2199 1213 2283 legatos

186 2313 289 2377 Seduni
304 2312 395 2377 ducis
410 2312 544 2375 diuersis
559 2312 744 2374 muneribus
759 2311 889 2385 ditatus,
909 2310 1083 2392 repatriare
1099 2310 1217 2375 dimisit

186 2425 353 2511 paciferos.

266 2645 333 2731 (17)
364 2647 409 2709 Da
429 2647 578 2710 Zersmee.
623 2647 729 2730 Arpad
753 2664 831 2708 uero
857 2644 921 2708 dux
945 2653 977 2708 et
1000 2645 1048 2708 sui
1074 2642 1214 2723 nubiles,

189 2761 306 2845 egressi
321 2760 361 2823 de
375 2768 480 2823 castro
494 2760 590 2842 flung
609 2779 681 2822 eum
696 2779 811 2842 magno
826 2759 951 2842 gaudio,
971 2757 1053 2821 ultra
1073 2767 1213 2824 muntem

188 2871 300 2934 Turznl
321 2879 425 2934 castra
444 2871 550 2934 metati
571 2871 689 2933 suntin
704 2869 1061 2953 campeiuxtsssnuium
1077 2870 1213 2945 Tucotn,

188 3004 286 3067 mque
307 2984 349 3045 ad
368 2991 509 3045 muntem
531 2983 710 3056 Zerenehe‚
731 2991 764 3045 et
783 2982 986 3065 inspicientes
1006 3000 1103 3063 super
1122 3002 1213 3046 mun·

186 3106 259 3161 tana
268 3096 322 3159 itta
331 3096 515 3178 qualitatem
525 3093 608 3157 iltius
622 3095 701 3168 toci,
715 3101 748 3157 et
757 3094 1000 3157 numinauerunt
1010 3093 1113 3157 locum
1124 3093 1211 3158 ilium

186 3205 370 3280 mabiienr,
390 3206 478 3288 quud
499 3206 723 3287 interpretatur
737 3205 769 3267 in
790 3205 898 3288 lingue
917 3225 1028 3269 eurum
1047 3203 1208 3268 Zerelnres

185 3319 326 3403 eoquod
340 3317 471 3382 muttum
483 3317 649 3379 dilexerint
662 3316 750 3380 illum
764 3317 881 3391 tecum,
895 3324 928 3381 et
942 3336 960 3379 a
975 3317 1027 3380 die
1040 3314 1096 3377 itio
1110 3335 1211 3397 usque

185 3450 269 3495 nune
283 3429 456 3494 aZereimu
470 3427 559 3490 loeus
571 3425 624 3490 iile
636 3436 768 3492 uocatur
779 3425 953 3491 Zerenehe.
966 3426 1021 3488 ubi
1035 3426 1135 3490 eeiam
1146 3426 1212 3490 dux

185 3543 292 3627 Arpad
315 3548 347 3606 et
367 3559 478 3603 omnes
499 3540 547 3603 sui
570 3540 736 3622 primates,
756 3558 828 3600 eum
845 3537 931 3600 omni
944 3536 1061 3600 inmitia
1073 3556 1147 3612 sua,
1166 3536 1212 3602 is·

185 3655 264 3718 bere
277 3652 453 3737 postposito
468 3651 557 3714 suetis
570 3651 704 3733 tuguriis
718 3649 839 3732 requiei
853 3649 957 3713 lucum
968 3649 1028 3713 sibi
1037 3649 1212 3735 elegerunt,

184 3774 217 3830 et
236 3784 301 3828 nou
321 3783 440 3847 paucus
459 3763 504 3825 ibi
525 3762 593 3826 dies
614 3767 870 3844 permanserunt,
890 3761 994 3826 donee
1016 3761 1122 3825 omnia
1140 3760 1211 3825 lues

179 3878 242 3944 sibi
252 3877 358 3940 uicina
367 3876 624 3960 subiugsuerunt,
636 3873 757 3938 seilicet
770 3893 871 3958 usque
885 3873 925 3937 ad
939 3873 1070 3937 fluuium
1081 3873 1211 3955 Souyon

181 3996 218 4055 et
229 4007 332 4073 usqne
346 3989 387 4054 ad
401 3995 538 4052 endum
552 3986 642 4051 suis.
669 3995 701 4051 et
714 3986 831 4051 ibidem
844 3986 931 4050 iuxta
945 3987 1096 4050 Tneotnnr
1116 3992 1149 4050 et
1162 3985 1211 4049 ist·

180 4097 235 4164 ira
245 4096 342 4162 situas
357 4098 421 4162 dus
434 4096 541 4180 arpau
560 4096 648 4162 dedit
664 4103 766 4161 terras
787 4096 898 4161 multus
911 4097 1111 4173 diuersurum
1124 4094 1212 4158 loeo-

181 4232 257 4282 run
277 4229 350 4276 eum
369 4210 435 4277 suis
456 4209 685 4277 habitatoribus
701 4210 834 4279 Eduu‘eu
850 4209 1112 4283 etEduuerneo,
1132 4221 1211 4291 quas
