2798 4764
499 347 683 402 nnansranu
709 349 750 392 nn
770 345 881 392 sanan
1141 316 1212 410 643,

181 507 261 570 dicio
284 501 360 568 ferri
381 503 560 577 candentis,
583 502 688 565 dicens
711 500 826 573 eciam,
847 506 1021 562 castrenses
1036 498 1075 559 de
1090 513 1204 578 manna

181 618 304 680 minatis
320 615 400 676 uillis
416 616 494 677 salso
510 616 549 678 de
565 613 704 676 custodia
721 610 853 676 carceris
869 609 1052 691 impeciisse.

263 725 326 808 (11)
349 729 530 789 castrenses
544 725 688 787 Dubukai
705 725 744 785 de
760 723 832 786 uitia
847 721 970 802 biocby,
989 719 1204 785 coadiuuanti·

181 841 238 904 bus
253 859 325 902 eum
340 838 433 900 castri
447 836 697 919 ioubngionibus,
710 834 843 896 scilicet:
856 831 1052 907 Queduelen,
1063 831 1161 912 Tynta
1176 838 1208 893 et

182 953 301 1030 Petrus,
321 948 529 1031 impecierunt
543 945 778 1027 Cunpurdinum
794 944 891 1005 fitium
904 943 1081 1024 Teleguen,
1102 941 1208 1004 dicen-

182 1070 240 1135 tes,
261 1061 345 1143 quud
359 1060 426 1141 ipse
441 1065 525 1121 esset
539 1056 681 1128 extorris,
702 1064 734 1117 et
748 1063 862 1116 terram
878 1074 988 1116 eorum
1011 1053 1042 1114 ui
1057 1071 1209 1135 occupas·

183 1184 241 1238 set.
268 1173 319 1235 ille
339 1179 443 1233 autern
459 1170 535 1233 dixit
551 1167 710 1231 dimidiam
733 1174 853 1247 partem
874 1165 1016 1228 eiusdem
1035 1173 1117 1226 terre
1139 1162 1209 1227 iura

182 1281 371 1346 hereditario
382 1281 440 1342 sibi
452 1281 593 1343 attinere.
608 1298 687 1358 quos
699 1278 874 1339 Demetrius
887 1277 1044 1358 magister,
1058 1281 1209 1356 precepto

185 1394 266 1475 regis
278 1392 464 1464 discuciens,
478 1410 541 1472 >per
552 1389 737 1472 pristaldnm
753 1389 878 1451 nomine
893 1389 1064 1451 Adrianum
1079 1386 1118 1449 de
1134 1383 1209 1448 uilla

186 1505 249 1567 Scil
264 1505 303 1567 ad
319 1523 453 1567 examen
466 1503 541 1564 ferri
562 1502 722 1564 candentis
745 1502 828 1563 misit
842 1501 1040 1564 Uaradinum.
1067 1499 1121 1561 ubi
1135 1518 1210 1579 pre·

187 1618 259 1684 dicti
275 1623 460 1687 castrenses,
474 1634 546 1678 cum
559 1613 724 1676 nominatis
740 1613 978 1694 ionbagionibus
993 1631 1118 1684 eorum,
1136 1610 1211 1674 sub-

185 1724 380 1807 terfugerunt
400 1724 549 1786 iudicium
570 1722 645 1784 ferri
664 1723 843 1796 candentis,
865 1725 1015 1797 dicentes,
1036 1722 1215 1785 dimidiata-²

186 1845 249 1900 tem
263 1836 439 1918 supradicte
463 1843 547 1897 terre
563 1833 683 1915 prefato
699 1833 912 1915 Cumpurdino
935 1832 1002 1896 iure
1019 1839 1211 1915 patronatus,

185 1948 345 2029 sicutipse
360 1940 530 2010 astruebat.

269 2056 336 2138 (12)
358 2061 465 2139 Zugna
489 2058 529 2119 de
555 2056 630 2118 uilla
649 2057 742 2119 Facie
772 2057 910 2138 impeciit
930 2059 1053 2120 Zemert
1076 2057 1115 2119 de
1139 2055 1214 2121 uilia

187 2169 290 2232 Uralxa
305 2169 344 2231 de
359 2169 452 2240 furto,
472 2168 575 2229 iudice
591 2167 744 2230 Cumazan
761 2168 868 2230 curiali
883 2169 996 2231 comite
1012 2168 1051 2231 de
1066 2168 1213 2244 Zobolcb,

190 2278 340 2358 pristaido
364 2278 529 2340 Karachun
549 2278 588 2340 de
610 2277 684 2339 uilia
706 2277 838 2340 Ekurch.
859 2280 1017 2360 predictus
1037 2279 1087 2340 fur
1102 2281 1213 2341 Zemer

189 2392 334 2454 Uaradini
350 2399 472 2472 portato
487 2390 572 2452 ferro
587 2391 766 2455 combustus
781 2400 838 2454 est.
879 2404 881 2408 ‘

272 2504 351 2578 (13)
374 2502 449 2564 Paul
471 2504 619 2564 sacerdos
640 2503 679 2564 de
700 2503 773 2564 uilia
794 2505 881 2566 Duba
904 2503 1042 2587 impeciit
1063 2504 1214 2568 concilia·

189 2629 263 2677 nam
284 2634 372 2676 suam
398 2632 527 2675 uxorem
548 2613 694 2686 Lodmer,
721 2613 845 2674 dicens:
867 2616 952 2695 quod
976 2634 1046 2677 cum
1068 2615 1213 2678 ancillam

190 2727 349 2809 quandam
365 2724 560 2796 uendiderat,
577 2722 629 2785 ida
643 2725 782 2786 nondum
797 2724 936 2805 precium
953 2728 1113 2808 persoluit.
1135 2748 1214 2810 quo·

190 2838 274 2901 niam
298 2838 408 2899 eadem
428 2833 557 2907 anciila,
578 2834 725 2898 instinctu
748 2835 889 2898 eiusdem
913 2838 1024 2912 uidue,
1045 2860 1096 2902 res
1116 2839 1215 2920 ipsius

192 2950 298 3013 furtim
322 2947 499 3029 subripiens
521 2945 686 3027 aufugerit.
714 2947 802 3010 cuius
816 2948 888 3011 sacti
902 2969 972 3013 cum
987 2951 1106 3032 prefata
1122 2950 1216 3012 uidua

191 3084 224 3128 se
249 3062 390 3143 ignaram
417 3078 486 3121 esse
514 3060 720 3132 contendens,
748 3059 870 3121 curialis
896 3080 1002 3123 comes
1028 3052 1217 3123 de'Zounuk

191 3173 316 3235 nomine
332 3170 447 3241 uitalis,
469 3171 508 3231 de
531 3169 642 3231 ancilia
665 3179 696 3232 et
716 3172 810 3232 rebus
829 3171 985 3253 subreptis
1001 3172 1040 3232 de
1054 3171 1152 3233 Pauto
1166 3189 1216 3233 sa·

194 3284 343 3354 cerdote,
378 3280 554 3342 ualentibus
580 3286 714 3359 quatuor
738 3299 859 3341 marcas
891 3289 923 3342 et
951 3289 1085 3362 quatuor
1112 3279 1216 3362 ponda

193 3392 327 3474 argenti,
343 3391 529 3461 discuciens,
542 3410 601 3471 per
616 3388 798 3468 pristaldnm
813 3391 942 3453 Numbiz
957 3392 996 3454 de
1013 3391 1085 3452 uitia
1101 3391 1218 3455 Chum-⁴

194 3504 272 3567 hurd
289 3503 370 3566 misit
384 3504 423 3565 nd
436 3521 566 3564 examen
580 3498 654 3562 ferri
667 3502 826 3563 candentis
838 3501 1036 3564 Uaradinum.
1057 3503 1110 3564 ubi
1120 3502 1216 3567 homo

193 3615 279 3677 Pauli
300 3614 471 3679 sacerdotis
494 3621 617 3693 portato
636 3611 721 3675 ferro
736 3612 918 3676 iustificatus
932 3623 992 3677 est.

275 3725 352 3801 (1t)
386 3723 518 3786 blathias
547 3742 651 3786 comes
678 3723 815 3805 impeciit
842 3724 1046 3787 benedictum
1075 3726 1114 3791 de
1142 3727 1217 3792 uilla

192 3837 311 3919 Cbehp,
332 3855 389 3919 pro
404 3836 520 3899 tutuno
536 3854 628 3916 equo,
648 3855 744 3917 quem
760 3856 875 3917 equum
894 3837 1052 3918 predictus
1066 3839 1218 3906 Benedic⁴

194 3957 243 4012 tus
267 3948 344 4009 dixit
368 3949 407 4010 ab
432 3947 544 4010 eodem
568 3946 680 4009 comite
706 3967 763 4028 pro
787 3949 923 4012 seruicio
947 3971 1005 4014 suo
1028 3954 1218 4034 possedisse.

195 4078 274 4140 qnos
294 4056 456 4121 Forensius
479 4057 603 4122 curialis
626 4077 732 4121 comes
754 4059 793 4122 de
815 4060 930 4124 Bichor
948 4062 1134 4138 discuciens,
1161 4083 1218 4145 par

196 4164 378 4258 pristaldnm
396 4187 487 4233 suum
499 4168 614 4256 Hagud
635 4169 674 4233 dc
696 4169 770 4232 uilia
789 4171 903 4248 Ricbor
915 4173 1000 4238 misit
1022 4174 1062 4239 ad
1083 4191 1216 4240 examen
