2798 4764
227 329 289 402 236
432 349 578 404 anostra
598 353 644 403 er.
658 348 801 402 ninom
820 350 910 402 mors
931 326 1050 421 (2⁴3).

312 620 359 704 (2)
380 624 495 686 Beatus
515 621 619 704 itaque
634 642 691 685 rex
704 622 883 697 Lndislaus,
904 629 1063 704 tamquam
1078 621 1118 684 de
1133 620 1255 703 syderi-

227 736 286 798 bus
301 754 417 797 nouum
433 733 528 816 sydus
542 743 686 808 exortus,
706 735 739 796 in
759 734 828 816 ipso
851 733 1020 796 natiuitatis
1042 753 1099 795 sue
1121 732 1253 795 exordio

228 847 332 928 gracie
348 846 399 908 dei
413 846 608 928 propositum
622 845 729 909 babitu
745 845 883 926 corporis
903 854 935 908 et
956 845 1051 907 animi
1065 844 1255 926 preferebat.
1295 926 1297 929 v

228 965 260 1020 et
281 964 371 1019 natus
396 957 590 1018 monstrabat
612 954 784 1017 infantulus
806 955 908 1036 qualis
934 961 1018 1017 esset
1042 974 1098 1016 rex
1119 954 1254 1019 tuturus.

227 1067 434 1151 prouidencia
455 1067 600 1129 nimirum
623 1067 810 1141 conditoris,
831 1066 883 1148 qui
899 1067 1060 1149 speciosus
1074 1065 1175 1127 forma
1196 1085 1253 1148 pre

226 1177 299 1240 filiis
322 1178 482 1240 bominum
506 1186 537 1240 et
554 1177 790 1240 innumerabilis
811 1176 972 1258 sapiencie
991 1176 1186 1249 describitur,
1207 1176 1254 1238 sic

227 1291 269 1354 ad
289 1289 526 1354 similitudinem
546 1309 635 1351 suam
653 1288 686 1351 in
707 1289 816 1369 operis
833 1289 883 1350 sni
905 1286 1022 1350 uicario
1036 1288 1118 1351 bone
1132 1288 1201 1369 spei
1216 1306 1254 1353 ac

227 1409 361 1492 uenture
386 1399 545 1482 dignitatis
560 1399 764 1464 fundamenta
778 1398 927 1473 coniecit,
947 1407 983 1460 ut
1001 1419 1039 1461 ex
1054 1398 1155 1480 prima
1168 1416 1254 1460 com-

225 1513 412 1595 posicione,
443 1512 560 1575 decore
584 1511 632 1574 nui
658 1510 799 1592 corporis
827 1517 859 1574 et
886 1509 999 1574 mentis
1023 1508 1151 1592 elegans
1176 1529 1254 1591 noer

228 1623 425 1695 ostenderet,
445 1615 534 1684 cuius
549 1621 651 1684 uicem
665 1621 790 1683 adultus
805 1630 914 1684 tenere
929 1630 1020 1684 natus
1035 1628 1128 1684 esset.
1148 1620 1180 1682 in
1193 1622 1252 1704 bys

227 1732 333 1812 itaque
355 1730 464 1813 primis
485 1732 590 1815 gracie
610 1733 700 1794 donis
723 1741 849 1795 exortus
865 1731 1027 1795 Ladislaus
1048 1740 1096 1796 est
1111 1742 1253 1797 uocatus.

226 1843 313 1927 qnod
335 1843 444 1926 utique
466 1863 530 1904 non
551 1844 620 1906 sine
642 1843 788 1927 presagio
811 1843 986 1906 futurorum
1009 1845 1134 1906 uidetur
1148 1845 1251 1907 eidem

228 1973 298 2016 asse
318 1953 509 2034 impositum.
538 1973 609 2015 nam
630 1954 656 2015 si
675 1953 885 2036 ethymologie
903 1954 1038 2017 nominis
1052 1955 1120 2017 eius
1135 1955 1253 2018 alluda-

226 2084 314 2138 mus,
341 2063 504 2128 Ladislaus
526 2068 614 2147 quasi
637 2065 704 2129 laus
726 2065 876 2129 diuinitus
897 2067 970 2129 data
992 2067 1117 2148 populis
1129 2067 1252 2130 dicitur.

226 2175 294 2239 laos
308 2176 390 2239 enim
407 2174 540 2259 populns
555 2177 786 2258 interpretator,
808 2176 893 2239 dosis
909 2187 1011 2240 autem
1031 2178 1108 2239 dans
1123 2177 1175 2239 uel
1197 2178 1252 2238 da·

227 2295 292 2351 tum
313 2288 382 2351 siue
405 2288 505 2350 dacio.
531 2288 632 2370 prima
654 2307 730 2351 uero
753 2287 864 2351 sillaba
884 2287 1018 2349 nominis
1041 2288 1108 2350 eius
1122 2288 1191 2350 laus
1205 2295 1253 2350 est

227 2419 284 2482 ner
298 2419 495 2482 paragogen,
516 2399 584 2481 ipse
600 2400 726 2480 quidem
749 2399 816 2462 laus
839 2399 912 2461 data
933 2406 1000 2462 erat
1013 2399 1156 2480 populis,
1177 2400 1252 2482 quin

226 2530 338 2573 reuera
353 2513 445 2573 beata
460 2530 537 2592 gens
559 2517 591 2573 et
610 2510 773 2573 laudabilis
787 2510 939 2592 populus,
960 2510 992 2572 in
1007 2529 1070 2591 quo
1084 2508 1153 2571 talis
1168 2511 1252 2590 prin·

220 2639 301 2701 ceps
324 2628 512 2683 surrexerat.
542 2621 712 2702 gloriosum
733 2620 836 2684 extitit
857 2627 943 2683 tanto
965 2629 1087 2683 rectore
1102 2619 1251 2683 diuinitus

225 2746 376 2794 concesso
390 2728 519 2792 uisitari.
1146 2736 1148 2743 '
1178 2725 1180 2732 ’

308 2946 352 3031 (3)
375 2948 481 3013 Creuit
494 2951 600 3031 itaque
615 2971 704 3032 puer,
719 2959 751 3014 et
763 2951 929 3016 uirtutibus
945 2961 1017 3017 ante
1033 2954 1116 3018 diem
1132 2955 1161 3019 ei
1177 2973 1251 3017 con·

222 3058 416 3145 tingentibus
432 3064 603 3143 superatis,
624 3072 655 3126 et
669 3062 702 3125 in
716 3063 908 3128 incrementa
923 3066 963 3128 de
978 3068 1092 3131 uirtute
1106 3068 1138 3129 in
1153 3067 1251 3130 uirtu-

224 3182 289 3240 tem
303 3173 486 3257 proficiens,
508 3193 578 3236 curn
593 3176 631 3237 ad
646 3175 781 3257 primum
801 3175 924 3239 uirtutis
942 3179 1075 3258 gradum
1094 3179 1251 3242 ascendis·

224 3296 291 3363 net,
313 3287 419 3350 babita
439 3288 508 3350 ueri
531 3287 582 3350 dei
604 3286 737 3362 noticia,
759 3288 928 3353 christiane
941 3289 1015 3353 fidei
1036 3290 1136 3354 cultor
1149 3292 1249 3355 lactus

228 3401 378 3475 eximius,
399 3420 478 3482 puro
504 3400 617 3464 mentis
637 3402 749 3464 affectu
769 3402 972 3466 deuotissime
988 3403 1112 3466 Christo
1133 3406 1252 3467 seruire

227 3512 354 3573 studuit.
383 3512 552 3575 illustratus
574 3513 657 3575 enim
678 3511 777 3576 saneti
798 3513 924 3594 spiritus
943 3513 1064 3596 gracia,
1085 3515 1250 3576 arridentis

226 3618 285 3680 eibi
300 3629 392 3701 atque
408 3622 595 3685 blandientis
616 3621 727 3685 mundi
749 3622 878 3704 gloriam
892 3624 1042 3687 caducam
1055 3631 1204 3703 reputans
1219 3630 1249 3682 et

221 3729 453 3805 transitoriam,
474 3733 606 3795 esurinit
626 3743 722 3814 atque
744 3732 842 3794 sitiuit
859 3733 1032 3804 iusticiam,
1053 3740 1088 3792 ut
1107 3731 1145 3792 ad
1168 3739 1249 3792 eter-

220 3854 296 3900 nam
318 3837 452 3901 feliciter
474 3843 659 3920 perueniret
678 3842 820 3924 patriam.
849 3843 992 3923 quamuis
1011 3841 1094 3903 enirn
1114 3843 1249 3904 mundus

223 3946 285 4010 sibi
305 3947 422 4010 florens
443 3949 634 4023 albesceret,
661 3953 694 4014 in
715 3952 784 4015 eins
797 3958 903 4015 umen
922 3952 1018 4014 eorde
1034 3951 1095 4013 iam
1110 3963 1249 4028 aruerat,

216 4057 315 4124 onius
337 4058 406 4140 ipse
430 4059 696 4143 eoncupiscencijs
720 4063 754 4126 in
776 4082 835 4145 spe
856 4061 992 4126 liliorum
1011 4064 1062 4126 dei
1083 4064 1249 4128 crucifixus

224 4171 338 4238 inerat
359 4170 392 4234 in
404 4171 467 4236 boc
479 4172 586 4255 itaque
600 4174 723 4239 mortali
738 4193 871 4260 corpore
886 4174 997 4241 uiuens
1012 4177 1075 4242 inm
1088 4197 1155 4244 non
1167 4179 1248 4262 ipse,
