2798 4764
200 308 264 381 888
442 326 623 377 eranum
643 326 733 374 arou
755 326 923 373 nroaororr
942 326 990 372 ιιι.

202 484 343 571 quinquo
364 502 479 568 pensas
499 476 672 567 persoluat.
703 480 800 547 iudex
819 501 899 545 uero
919 500 977 565 pro
999 499 1057 545 suo
1078 480 1233 557 iudicatu,

202 598 264 663 niri
277 597 311 662 in
324 617 389 661 nno
403 616 497 671 anno,
520 604 630 679 postea
644 614 708 658 non
721 594 947 659 introducatur.

198 773 201 779 .
288 706 354 791 (27)
376 711 419 773 Dr
433 711 630 792 rprrrrotibor
650 710 777 790 ripittom
798 709 915 769 iudicis.
957 706 1078 789 Siquis
1097 706 1234 789 sigilium

203 820 316 889 iudicis
329 796 509 905 negligens,
535 821 575 884 ad
591 839 718 884 causam
733 839 797 882 non
811 819 948 894 uenerit,
976 818 1080 901 primo
1094 819 1234 901 quinque

203 933 312 1017 prusis
325 930 491 1016 puniatur,
511 932 538 995 si
552 932 710 1005 secundo,
731 931 877 1004 totidem,
899 929 927 993 ri
942 930 1050 1004 tercio,
1074 930 1234 993 racionem

204 1042 332 1129 perdat,
352 1051 384 1107 et
397 1052 507 1107 tonsus
521 1044 674 1107 reddatur
686 1062 746 1127 pro
761 1043 878 1107 debito.

207 1198 211 1207 -
289 1153 356 1238 128)
376 1156 422 1219 Dr
441 1157 488 1218 itir
508 1157 560 1237 qui
579 1156 659 1218 docti
682 1159 812 1239 [corruat
825 1175 970 1237 puprom.
1020 1154 1053 1218 Si
1071 1156 1127 1238 qui
1150 1154 1236 1219 domi

204 1269 428 1354 pugnauerint,
446 1268 533 1333 etad
547 1267 682 1331 iudicem
697 1286 761 1332 non
774 1267 934 1341 uenerint,
949 1265 994 1329 nii
1006 1276 1116 1349 querat
1129 1269 1235 1332 iudex.

205 1380 393 1447 rinenerint
406 1381 448 1445 ad
460 1381 509 1444 ius
523 1380 603 1456 einr,
619 1380 675 1444 fiat
688 1378 821 1444 libitum.
842 1381 927 1464 qood
942 1380 970 1443 ri
983 1381 1164 1443 concordati
1180 1380 1236 1443 aii·

206 1486 285 1575 irnid
304 1489 402 1557 indici
421 1492 495 1555 indo
517 1490 679 1567 dederint,
701 1491 831 1556 tercium
853 1491 928 1567 sibi,
956 1493 1033 1555 duas
1048 1499 1153 1574 partes
1168 1492 1236 1576 regi

206 1585 324 1667 erroro

288 1712 355 1798 (29)
374 1716 419 1778 Dr
432 1718 607 1789 recurritur,
629 1718 681 1797 pai
697 1718 778 1780 nitro
791 1718 914 1779 tructam
927 1719 1031 1779 uittam
1046 1736 1131 1798 equor
1145 1718 1237 1779 dear-

206 1829 282 1893 riat.
323 1830 422 1892 Nemo
436 1847 600 1893 curiorum
619 1829 734 1894 audeat
748 1829 865 1893 ducere
879 1849 997 1913 equum
1011 1830 1094 1893 nitra
1107 1830 1236 1893 terciam

207 1938 333 2015 uittam,
353 1938 406 2002 uel
429 1940 574 2021 accipere
595 1939 635 2002 ad
655 1938 823 2003 ecclesiam
843 1941 1008 2015 nuncium,
1028 1940 1080 2004 uei
1094 1942 1238 2004 uenden-

208 2046 309 2126 ἅνω,
329 2051 398 2114 siue
418 2051 459 2114 ad
480 2050 600 2114 curiam
618 2050 839 2135 opiscoporum
860 2053 912 2117 uel
936 2055 1102 2127 comitum,
1123 2072 1181 2116 nec
1196 2054 1237 2116 do

207 2163 392 2249 presbiterio
407 2170 461 2227 aut
473 2163 605 2239 doricis,
627 2183 664 2227 ac
679 2165 825 2228 curribus
840 2184 961 2229 eorum.
988 2167 1119 2248 accipiat
1133 2174 1237 2228 nutem

208 2274 446 2359 quouscunque
466 2275 625 2340 inuenerit
644 2296 763 2359 equos,
784 2284 819 2339 ut
832 2276 915 2360 regis
928 2276 1049 2360 topacio
1064 2276 1161 2339 cicius
1182 2296 1238 2339 ex·

207 2387 365 2473 vdintur.
385 2388 412 2451 ri
429 2387 499 2472 quir
516 2394 622 2451 autem
643 2406 808 2452 cursorem
829 2388 1061 2465 uerberauerit,
1081 2389 1239 2473 qoinqua-

209 2499 428 2585 propensis,
441 2500 467 2563 si
481 2499 549 2564 lora
564 2500 632 2564 etur
646 2499 821 2575 retinuerit,
838 2498 948 2563 decern
961 2501 1067 2584 pensis
1082 2500 1238 2581 puniatur.

294 2608 360 2693 (30)
381 2613 426 2675 Dr
439 2614 620 2694 proruitur
631 2594 817 2695 pirditcrom
830 2633 939 2675 rrroat.
980 2613 1012 2676 Si
1027 2613 1098 2696 quis
1112 2632 1238 2677 seruum

181 2792 187 2803 ¹
210 2721 392 2806 fugitiuum,
412 2722 466 2787 uei
487 2725 698 2808 quodcunque
721 2725 877 2807 porditum
892 2745 1027 2809 querere
1046 2725 1198 2800 uoluerit,
1219 2744 1239 2788 a

210 2834 338 2899 nomine
358 2834 572 2919 prohibeatur.
599 2836 627 2900 ri
647 2837 718 2921 quir
739 2846 844 2901 nutem
862 2838 1074 2921 prohibuerit,
1095 2837 1148 2901 nel
1162 2858 1239 2919 quo·

210 2952 333 3011 rentem
351 2946 584 3022 uerberauerit,
605 2947 717 3012 decern
737 2948 878 3014 iuuencis
897 2949 1109 3026 mulctabitur,
1129 2949 1239 3013 uolen-

211 3056 295 3122 titur
311 3057 421 3122 decem
434 3078 560 3143 pensas.

457 3508 635 3549 “tumim
654 3507 790 3550 ΒΙῦΙΙῘΔ
810 3506 996 3553 Mummi·
