2798 4764
230 331 292 408 ltl
333 352 544 406 armornm.
563 352 653 406 anan
675 354 878 407 cossrrrmto
898 350 1146 407 accessusrrca.
1168 331 1260 407 ttae.

231 513 345 588 norint,
363 512 414 578 uel
429 513 534 597 aliqua
547 514 608 578 alia
622 512 842 598 urgentissima
856 513 1027 580 necessitas
1044 511 1259 596 postulauerit,

233 637 264 692 et
278 641 350 692 tnnc
366 648 491 710 quoque
508 628 539 690 id
554 627 621 691 siue
637 628 857 711 episcoporum
873 626 1002 690 consilio
1019 647 1081 689 noo
1097 627 1259 689 faciemus.

314 737 359 821 (l)
382 740 531 802 Addimus
555 739 670 812 eciam,
693 748 724 802 et
741 740 854 802 robore
877 739 1064 801 inconcusso
1079 747 1141 800 tam
1156 738 1187 801 in
1202 758 1259 800 no-

230 852 279 915 bis
294 872 388 934 qnam
410 853 442 913 in
458 853 592 933 posteris
607 852 720 915 nostris
736 862 889 934 perpetuo
905 854 1137 915 obseruandum
1152 856 1259 918 statui-

232 982 311 1037 mus,
332 965 418 1045 qnod
439 963 560 1045 regales
585 965 734 1046 propositi
759 964 809 1026 uel
829 965 955 1026 abbates
978 965 1017 1025 de
1037 964 1100 1026 suis
1117 968 1259 1048 preposi-

232 1075 308 1137 tnris
323 1075 376 1138 nel
390 1075 522 1137 abbatiis
536 1095 593 1137 sen
609 1077 811 1158 dignitatibus
830 1096 893 1138 non
910 1095 928 1138 a
942 1078 1036 1138 modo
1052 1079 1258 1158 deponentur,

231 1184 264 1247 in
279 1185 337 1247 bac
354 1194 440 1266 parte
457 1186 676 1247 consuetudini
698 1195 803 1247 nostre
819 1185 944 1267 antique
965 1206 1023 1266 per
1037 1207 1094 1248 nos
1110 1195 1141 1249 et
1154 1196 1259 1268 poste·

230 1317 283 1361 ros
298 1305 422 1360 nostros
436 1297 667 1370 renunciantes,
680 1296 738 1358 nisi
752 1296 888 1359 infausto
901 1316 973 1358 casu
987 1298 1193 1380 contingeret,
1204 1320 1258 1361 eos

231 1431 326 1492 super
341 1419 427 1472 certo
443 1410 572 1471 crimine
588 1410 739 1472 canonico
755 1409 866 1472 ordine
882 1408 1044 1483 conuinci,
1072 1411 1124 1473 nol
1138 1411 1257 1474 crimen

229 1544 320 1588 sunm
337 1523 457 1604 publice
473 1522 625 1585 confiteri.

315 1632 362 1714 (5)
384 1634 431 1696 dd
446 1635 504 1696 bec
520 1633 648 1695 Cosmas
663 1632 920 1716 archiepiscopus
937 1631 1128 1708 Colocensis,
1147 1656 1257 1699 omnes

232 1747 372 1829 episcopi
387 1756 419 1808 et
433 1744 540 1818 electi,
563 1746 683 1827 regales
703 1746 854 1828 propositi
870 1756 901 1809 et
914 1747 1054 1819 abbates,
1075 1748 1258 1809 munificen-

231 1861 310 1923 ciam
335 1878 370 1919 ac
390 1857 584 1930 libertatem,
611 1877 703 1939 quam
727 1878 785 1939 pro
810 1859 996 1921 reuerencia
1016 1859 1099 1922 beati
1121 1861 1203 1922 Petri
1226 1870 1257 1924 et

229 1971 415 2036 sanctissimi
437 1989 516 2051 pape
535 1969 632 2031 nostri
647 1969 832 2042 Alexandri,
853 1990 912 2032 nec
934 1989 998 2032 nou
1019 1979 1050 2032 et
1070 1971 1110 2031 ill.
1123 1991 1257 2034 uenera-

229 2082 300 2148 bilis
321 2083 448 2146 diaconi
466 2082 631 2143 cardinalis
652 2081 823 2162 apostolice
845 2082 928 2144 sedis
945 2081 1038 2164 legati
1052 2082 1112 2144 sibi
1127 2103 1257 2145 conces·

229 2196 336 2268 simus,
358 2195 563 2265 attendentes,
584 2212 712 2273 prauam
729 2211 817 2254 snam
832 2192 1091 2254 consuetudinem
1112 2201 1142 2254 el
1156 2193 1256 2255 omni-

227 2308 287 2371 bns
299 2307 469 2370 canonibus
482 2306 679 2377 obuiantem,
699 2323 792 2385 quam
806 2305 836 2365 in
850 2305 1038 2367 instruendis
1050 2314 1081 2367 et
1093 2306 1256 2368 destruen-

229 2419 276 2482 dis
295 2418 461 2499 prepositis
483 2424 514 2478 et
533 2414 599 2478 aliis
619 2415 835 2495 dignitatibus,
858 2424 890 2479 et
903 2414 1121 2478 ecclesiasticis
1137 2416 1256 2478 benefi-

228 2531 283 2590 ciis
298 2527 518 2590 subtrahendis
542 2528 747 2600 exercebant,
768 2528 801 2588 in
816 2547 926 2590 manus
942 2528 1072 2609 predicti
1088 2528 1255 2590 cardinalis

228 2642 353 2723 penitus
373 2640 575 2721 reliquerunt.

312 2748 355 2831 (bl
379 2751 465 2812 Unde
482 2754 640 2814 communi
655 2773 811 2815 consensu
832 2762 863 2815 et
876 2754 974 2816 libera
990 2773 1099 2815 eornm
1116 2756 1254 2817 omniurn

226 2863 387 2927 uoluntate
411 2863 608 2925 decernimus
634 2873 665 2926 et
684 2862 908 2927 inuiolabiliter
929 2865 1067 2945 presenti
1092 2864 1253 2946 priuilegio

226 2974 361 3038 nalitnro
377 2985 529 3056 perpetuo
545 2977 728 3048 stabilimus,
743 2977 827 3058 qnod
843 2977 918 3037 nulli
934 2977 1254 3059 archiepiscoporum,

228 3087 465 3167 episcoporum,
487 3085 673 3158 electorum,
696 3088 945 3167 prepositorum,
973 3088 1137 3160 abbatum,
1165 3088 1254 3150 dein-

227 3217 301 3279 ceps
317 3198 445 3258 licencia
463 3206 564 3278 puteat
584 3197 623 3258 dc
647 3199 850 3278 prepositnris
871 3219 944 3260 snos
961 3201 1135 3280 prepositos
1150 3220 1254 3261 remo-

226 3329 318 3382 uere,
352 3308 402 3371 nel
427 3308 503 3370 alias
530 3307 756 3370 ecclesiasticas
781 3330 933 3390 personas
957 3310 1021 3372 suis
1050 3308 1252 3390 dignitatibus

225 3431 279 3483 aut
298 3419 518 3482 ecclesiasticis
541 3421 699 3482 beneficiis
719 3421 859 3502 priuare,
879 3421 938 3483 nisi
961 3421 1042 3483 forte
1064 3422 1102 3482 de
1124 3421 1253 3482 crimine

225 3531 342 3594 fuerint
357 3533 491 3595 contricti
508 3534 658 3596 canonice
675 3532 726 3594 uel
742 3534 888 3595 confessi.

307 3643 373 3703 ltec
394 3653 496 3705 autern
520 3643 623 3704 omnia
646 3643 684 3704 de
708 3643 838 3704 consilio
862 3643 998 3723 gloriose
1021 3644 1127 3724 regine
1146 3642 1251 3704 matris

223 3761 329 3816 nostre
353 3763 384 3815 et
402 3753 723 3834 archiepiscoporum,
746 3754 967 3835 episcoporum
991 3756 1146 3826 omnium,
1169 3755 1251 3815 elec-

223 3873 342 3937 torum,
364 3865 596 3946 prepositorum
620 3866 768 3944 regalium
792 3874 885 3947 atque
907 3867 1072 3938 abbatum,
1103 3867 1251 3928 comitum

222 3977 362 4039 omnium
385 3994 550 4055 procerum
572 3984 603 4037 et
619 3974 750 4039 aliorum
765 3976 940 4058 principum
955 3977 1088 4038 stabilita
1104 3997 1140 4037 ac
1154 3976 1251 4038 firmi·

221 4093 270 4149 ter
298 4085 500 4149 corroborata
527 4096 706 4148 noscantur.
749 4089 858 4149 Actum
889 4087 920 4148 iu
945 4087 1072 4152 ciuitate
1093 4087 1144 4150 W.
1167 4106 1249 4151 anno

221 4195 391 4260 nctxtx.
