2798 4764
213 360 274 425 336
463 374 642 422 scanrsmr
663 372 754 418 naurs
775 371 940 418 arcarron
962 372 995 417 rr.

214 542 246 599 ot
267 533 292 596 si
313 533 487 616 prohibitus
509 529 618 604 fuerit,
642 528 850 611 probibitores
872 527 1045 608 probentur
1065 525 1192 586 iudicio.
1214 533 1245 585 et

213 645 240 708 si
256 645 427 726 culpabiles
443 644 545 706 effecti
561 642 694 714 fuerint,
708 649 887 723 percantat
902 639 999 701 fures.
1021 639 1047 700 si
1061 658 1139 700 uero
1155 658 1244 698 mun·

214 757 290 830 dati,
312 764 443 837 propter
458 754 707 837 prohibicionem
725 750 951 835 quinquaginta
966 752 1105 833 quinquo
1128 767 1243 832 pensas

214 868 406 952 persoluant.
427 868 452 929 si
469 877 574 930 autem
589 867 735 929 instinctu
748 867 868 928 comitis
883 864 931 926 sui
948 866 1059 927 milites
1074 867 1245 949 inuestiga-

199 979 338 1043 'cioncm
354 979 591 1061 impediuerint‚
606 999 663 1060 pro
678 978 753 1059 ipsis
768 976 994 1059 quinquaginta
1009 997 1122 1057 pensas
1138 996 1243 1039 comes

215 1092 392 1175 persoluat,
415 1100 445 1154 et
461 1101 529 1173 post
547 1091 607 1153 bec
622 1092 773 1173 probetur
787 1090 912 1153 iudicio.

298 1200 344 1284 (6)
366 1203 409 1264 Dc
423 1204 527 1263 iudicia
541 1204 652 1264 iudicio
666 1222 735 1282 erpa
750 1223 865 1263 seruum
878 1205 923 1263 uel
938 1203 1069 1262 liberum.
1103 1202 1134 1263 Si
1149 1202 1244 1264 iudex

215 1334 327 1378 nasum
352 1313 435 1377 serui
459 1334 520 1375 non
545 1313 691 1375 inciderit
714 1313 766 1375 uel
785 1313 918 1375 liberum
941 1333 1004 1374 nou
1026 1315 1244 1394 suspenderit,

218 1436 349 1510 pereant
364 1428 468 1489 omnia
483 1447 539 1489 sua
555 1434 662 1508 preter
675 1425 756 1488 filios
770 1445 854 1499 suos,
877 1426 989 1506 etipse
1004 1426 1098 1488 iudex
1114 1446 1244 1489 uenum·

217 1541 319 1604 detur.

300 1651 326 1713 si
347 1670 424 1714 nero
443 1651 643 1731 suspenderit
663 1651 793 1723 iustum,
821 1670 975 1732 expensas
998 1659 1029 1712 et
1043 1650 1146 1711 omnia
1161 1651 1244 1712 bona

217 1763 361 1845 suspensi
386 1764 537 1827 restituat.
570 1762 649 1825 etsi
672 1782 706 1823 se
730 1783 800 1824 cum
825 1762 948 1824 duobus
970 1763 1091 1823 idoneis
1113 1762 1244 1824 testibus

216 1872 413 1949 liberauerit,
436 1876 475 1938 ab
492 1895 529 1937 eo
546 1875 599 1956 qui
615 1875 744 1937 duxerat
759 1894 831 1936 eum
848 1876 879 1935 iu
901 1874 1064 1935 concilium
1086 1874 1172 1936 tollat
1192 1874 1244 1936 LV

218 2007 344 2072 pensas.
365 1991 397 2050 et
410 1988 436 2050 si
452 1989 491 2049 ad
506 1986 655 2050 iudicium
672 1986 861 2068 peruenerit,
881 1995 913 2048 et
926 1986 1024 2048 iustus
1040 1986 1133 2047 iudex
1149 2005 1245 2068 appa-

216 2100 329 2173 ruerit,
359 2099 552 2162 introductor
568 2101 679 2162 eadem
695 2118 777 2180 pena
791 2106 917 2179 pereat,
940 2119 1002 2179 qua
1016 2099 1111 2161 iudex
1125 2099 1245 2180 peritu-

216 2230 271 2273 rus
287 2219 362 2273 erat
385 2219 416 2273 et
429 2213 454 2273 si
471 2211 596 2273 maioris
612 2210 768 2274 facultatis
783 2210 877 2273 fuerit
891 2231 983 2292 quam
999 2211 1107 2284 iudex,
1123 2211 1244 2273 ammit-

217 2330 263 2386 tat
278 2323 376 2384 eciam
392 2321 575 2385 libertatem.

301 2431 345 2513 (7)
367 2434 410 2495 Dc
434 2437 662 2514 nepociatoribua
684 2437 746 2497 sine
770 2447 907 2497 mercato.
961 2435 1059 2497 Nemo
1085 2443 1167 2497 emat
1192 2433 1243 2497 uel

218 2546 335 2608 uendat
349 2557 456 2627 preter
466 2557 647 2610 mercatum.
669 2548 693 2609 si
711 2549 763 2631 qui
780 2568 856 2610 uero
870 2548 931 2609 boc
946 2557 1053 2610 contra
1069 2549 1190 2629 egerint
1205 2547 1243 2609 de

217 2656 334 2720 furtiua
354 2679 388 2720 re
405 2668 532 2740 pereant
553 2679 676 2733 omues,
698 2670 729 2723 et
744 2670 865 2742 emptor
881 2669 911 2722 et
929 2661 1076 2723 uenditor
1091 2668 1122 2723 et
1136 2669 1243 2722 testes.

219 2769 244 2832 si
264 2789 342 2831 uero
364 2770 520 2851 propriam
543 2792 609 2833 rem
631 2772 859 2853 protraxerint,
881 2773 1015 2854 perdant
1036 2792 1103 2835 rem
1126 2780 1157 2833 et
1171 2790 1243 2854 pre-

219 2883 317 2954 cium,
341 2891 372 2944 et
388 2890 481 2945 testes
496 2883 690 2945 tantundem.
718 2883 744 2945 si
760 2903 836 2947 uero
852 2885 882 2945 in
900 2893 1036 2947 mercatu
1052 2885 1086 2947 lit
1101 2894 1243 2947 contrac-

218 2999 278 3066 tus,
298 2992 351 3055 fiat
373 3013 478 3056 coram
499 2995 600 3057 iudice
622 3003 653 3057 et
673 2993 867 3057 theloneario
889 3004 920 3058 et
940 2996 1080 3059 testibus.
1109 3004 1138 3057 et
1154 2996 1178 3058 si
1193 3015 1243 3057 res

218 3115 324 3187 empta
344 3106 460 3169 furtiua
480 3128 549 3169 esse
565 3096 768 3188 apparuerit,
781 3117 904 3188 emptor
919 3108 1046 3190 quidem
1066 3109 1243 3171 testimonio

218 3218 328 3281 iudicis
351 3229 381 3281 ot
402 3219 586 3282 thelonearii
603 3218 734 3293 euadat,
757 3227 851 3282 testes
866 3228 970 3282 autem
987 3221 1119 3282 reddant
1135 3219 1243 3280 uendi-

217 3338 329 3394 torem.

301 3441 346 3524 (8)
374 3445 417 3504 De
440 3446 571 3523 inputata
597 3445 722 3505 tramine.
773 3442 894 3525 Siquis
915 3443 1176 3524 extractogladio
1198 3442 1245 3502 io-

218 3554 373 3636 gulanerit
386 3555 555 3629 homiuem,
571 3554 668 3637 regali
691 3555 805 3617 iudicio
820 3555 961 3617 tradatur
974 3554 1006 3615 in
1021 3574 1192 3624 carcerem,
1214 3561 1245 3613 et

218 3666 322 3726 omnia
343 3685 400 3727 sua
419 3667 600 3730 diuidautur
621 3669 651 3728 in
672 3667 747 3740 tria,
768 3667 885 3731 scilicet
908 3668 1016 3738 uiuae,
1046 3673 1144 3735 terre,
1166 3661 1244 3736 lire,

217 3776 311 3838 serui.
334 3777 416 3839 uude
432 3777 493 3839 due
509 3788 613 3859 partes
630 3780 743 3841 dentur
754 3779 892 3862 cognatis
907 3775 1046 3859 iugulati,
1059 3774 1153 3837 tercia
1166 3796 1244 3836 uero

216 3884 287 3950 liliis
301 3897 332 3951 ct
342 3888 432 3951 uxori
444 3890 639 3972 iugulatoris.
661 3891 686 3953 si
699 3910 777 3954 uero
788 3889 915 3952 minoris
930 3887 1084 3951 facultatis
1099 3889 1138 3950 sit
1149 3908 1244 3969 quam

217 3999 273 4063 CX
287 4021 401 4083 pense,
423 4003 540 4066 amittat
555 4004 655 4067 eciam
670 4005 855 4068 libertatem.

299 4112 342 4195 (9)
364 4114 408 4176 De
422 4118 543 4195 quolibet
558 4118 681 4177 einadm
692 4116 829 4197 prosapie
840 4118 954 4195 furtum
968 4114 1103 4194 faciente.
1127 4114 1157 4175 Si
1175 4115 1244 4197 quis

216 4226 328 4291 eodem
353 4227 481 4291 decreto
506 4238 538 4294 et
562 4227 668 4291 diuina
692 4225 888 4311 propiciante
912 4226 1019 4310 gracia
1044 4224 1167 4310 prolem
1192 4221 1243 4287 uel
