2798 4764
217 312 279 417 ibt}
421 329 566 405 sensnm
586 327 694 403 ssscrr
714 329 843 405 rnsnrcr
863 329 952 409 noers
981 307 1037 405 (l).

217 486 349 571 clareat,
371 493 403 550 et
417 503 510 569 quam
525 485 585 549 deo
600 485 694 571 digna
707 486 747 548 sit
767 485 963 551 manifestius
981 485 1080 568 possit
1099 484 1248 600 intelligi,

216 598 295 663 illud
320 596 527 681 recogitetur,
548 572 634 682 quod
654 572 801 662 dominus
820 604 852 661 et
872 590 1012 662 saluatur
1031 605 1155 687 noster,
1176 594 1249 711 cum

217 685 349 817 propter
362 707 493 777 humani
516 706 642 793 generis
664 708 798 774 salutem
818 730 945 775 carnem
962 702 1145 805 dignaretur
1160 728 1249 773 assu·

217 842 321 896 mere,
342 839 407 884 non
422 818 517 883 alium
532 840 627 902 quam
641 819 831 904 uirginalem
843 818 973 903 elegerit
987 827 1126 894 uterum,
1137 825 1172 882 ut
1182 817 1249 901 uir·

216 920 315 998 tutem
328 930 509 995 huiusmodi
524 931 691 1014 plurimum
706 930 767 995 sibi
781 928 978 1014 complacere
996 937 1194 1050 monstraret,
1217 938 1250 994 et

217 1026 252 1108 ut
266 1041 419 1127 pudicicie
433 1042 551 1105 bonum
566 1041 691 1125 utrique
706 1041 796 1106 sexui
816 1040 983 1107 intimaret
1009 1031 1170 1126 uirginem
1191 1041 1249 1106 ba-

218 1154 287 1219 buit
300 1162 450 1229 matrem,
472 1153 562 1237 uirgo
578 1151 646 1237 ipse
662 1174 839 1217 mansurus.
866 1153 947 1218 inse
963 1153 1040 1218 uiris
1056 1153 1111 1218 et
1101 1175 1134 1216 ιιι
1149 1161 1248 1218 matre

218 1264 344 1330 feminis
365 1264 490 1348 prebuit
511 1264 700 1348 uirginitatis
722 1264 918 1346 exemplum,
940 1285 1003 1347 quo
1018 1253 1250 1328 ἀοιιιοιιιῐιιιεὲ

217 1375 317 1440 turin
336 1385 470 1459 utroque
491 1395 569 1438 sexu
592 1376 715 1439 beatam
736 1384 768 1438 et
788 1375 941 1458 integram
958 1374 1131 1439 diuinitatis
1149 1374 1249 1474 pleni-

216 1487 359 1552 tudinem
372 1485 537 1560 meruisse,
552 1484 627 1550 dum
639 1494 738 1549 totum
749 1485 781 1548 in
793 1495 890 1550 matre
902 1485 976 1560 luit,
994 1484 1148 1570 quidquid
1158 1486 1250 1549 habi·

217 1596 352 1661 taretin
371 1595 448 1661 filio.
470 1616 581 1660 uerum
604 1586 811 1680 ubi'corpore
826 1596 977 1661 dissoluto
991 1597 1024 1660 in
1048 1605 1131 1662 etate
1146 1598 1250 1661 adhuc

218 1705 371 1782 iuuenili,
392 1686 463 1771 data
479 1715 527 1770 est
541 1707 569 1770 ei
585 1706 745 1771 hereditas
759 1705 792 1769 in
815 1715 900 1771 terra
913 1706 1113 1783 uiuencium,
1133 1726 1249 1790 sponsa

219 1839 277 1883 sua
292 1818 506 1883 testimonium
529 1817 691 1902 uirginalis
704 1819 769 1885 uite
791 1819 821 1884 ei
842 1818 1009 1903 perhibuit.
1037 1827 1069 1883 et
1087 1812 1249 1884 familiaris

218 1929 371 2005 minister,
401 1929 455 2015 qui
480 1928 604 1996 uiderat
627 1931 812 2015 frequenter
837 1939 867 1996 et
893 1925 1053 2006 audierat,
1082 1928 1164 1995 ultra
1186 1950 1250 2031 non

219 2042 396 2107 abscondit.

301 2261 346 2348 (7)
374 2265 439 2328 Nec
464 2265 525 2328 hoc
552 2268 797 2349 pretereundum
831 2271 928 2348 puto,
960 2265 1046 2349 quod
1078 2263 1249 2350 aliquando

220 2374 523 2459 Constantinopolim
552 2396 623 2439 cum
646 2377 738 2439 Almo
764 2377 843 2440 duce
868 2376 1090 2449 commoranti,
1122 2356 1252 2458 quidam

217 2488 383 2570 religiosus
413 2488 580 2552 canonicus
606 2488 800 2552 Cesariensis
828 2485 979 2562 ecclesie,
1011 2485 1051 2550 ad
1076 2484 1249 2549 Grecorum

217 2597 439 2680 imperatorem
463 2598 578 2662 missus
599 2599 754 2673 narrauit,
775 2619 810 2661 se
830 2599 862 2660 in
884 2596 980 2683 gestis
1003 2597 1102 2661 sancti
1115 2597 1249 2680 Ewseby

217 2708 349 2791 legisse,
371 2709 456 2791 quod
476 2710 587 2771 eadem
610 2709 689 2773 bora
704 2729 766 2791 qua
787 2710 898 2773 beatus
912 2709 1096 2773 llemuricus
1113 2708 1247 2772 dissolu·

219 2828 268 2883 tus
292 2826 356 2893 est,
377 2828 502 2883 sanctus
517 2820 680 2884 Ewsebius
703 2820 837 2883 Cesaree
856 2820 1011 2885 Palestine
1033 2818 1248 2903 metropolita-

218 2951 290 3005 nus,
312 2950 382 2992 cum
401 2929 434 2992 in
455 2931 657 3013 processione
679 2951 743 2994 una
756 2951 827 2995 cum
842 2929 926 2995 clero
941 2940 973 2995 et
987 2931 1105 3015 populo
1119 2929 1249 2994 incede·

218 3048 284 3117 ret,
304 3062 417 3106 sonum
439 3041 580 3125 angelice
596 3041 770 3107 dulcedinis
793 3042 827 3104 in
851 3043 977 3106 excelso
1000 3043 1137 3117 audiuit,
1158 3062 1249 3124 aper·

219 3150 320 3236 tisque
337 3152 434 3217 oculis
449 3153 554 3217 cordis
569 3153 705 3219 animam
719 3152 803 3217 beati
819 3152 978 3217 ilemerici
995 3152 1050 3216 lilii
1064 3151 1164 3217 sancti
1179 3152 1248 3216 Ste-

219 3265 314 3351 pbani
336 3266 428 3350 primi
450 3266 533 3350 regis
555 3264 717 3331 Pannonio
739 3286 863 3329 sursum
888 3264 1050 3330 transferri
1076 3242 1247 3348 persperit.

218 3379 328 3444 aderat
348 3388 452 3443 autem
474 3385 506 3442 et
525 3380 694 3441 demonum
716 3376 883 3441 multitudo
907 3384 1055 3460 tanquam
1078 3375 1105 3441 si
1120 3374 1197 3458 quid
1213 3374 1246 3437 in

217 3486 271 3553 illo
287 3490 556 3573 deprehenderet,
570 3490 654 3553 unde
670 3488 895 3552 offendiculum
908 3495 995 3552 tanto
1010 3486 1184 3551 confessori
1198 3485 1246 3548 in·

217 3601 370 3664 tenderet.
398 3622 533 3687 cumque
553 3611 677 3665 sanctus
693 3599 856 3664 Eusebius
876 3600 908 3661 in
927 3596 989 3662 bac
1002 3597 1125 3660 uisione
1140 3594 1246 3659 obstu-

216 3720 377 3803 pesceret,
399 3714 438 3776 do
461 3733 584 3776 sursum
607 3712 728 3777 audiuit
741 3712 853 3775 eadem
871 3708 951 3772 bora
969 3708 1051 3773 hanc
1064 3705 1164 3789 ipsam
1178 3690 1246 3768 ani·

215 3841 299 3884 mam
317 3821 401 3886 beati
422 3822 581 3887 Homerici
600 3825 632 3887 in
649 3822 747 3911 iubilo
767 3822 808 3888 ad
825 3839 996 3903 supernam
1015 3816 1124 3881 sedem
1143 3823 1245 3880 trans·

217 3930 304 3996 ferri.
332 3934 444 3998 eadem
459 3953 586 4019 quoque
602 3934 683 3998 nisio
706 3941 738 4001 et
757 3932 894 3999 melodia
909 3928 1044 4025 dulcedo
1057 3926 1181 3992 cuidem
1196 3949 1246 3993 ar-

217 4040 413 4129 chidyacono
432 4064 489 4127 per
513 4042 692 4107 oracionem
714 4043 799 4108 b'eati
819 4026 955 4126 Ewseby
973 4036 1114 4106 reuelala
1133 4045 1190 4106 est.
1213 4047 1246 4107 et

217 4155 367 4249 quonism
385 4155 419 4222 in
432 4152 566 4223 ecclesia
587 4144 664 4247 sunt
674 4142 847 4253 miracula,
862 4153 917 4251 ubi
929 4138 1249 4269 humins'imbectut3
