2798 4764
420 953 645 1039 lllldllll'lllll
681 952 921 1038 automata
955 953 1076 1038 llbdlS

534 1135 573 1178 AB
595 1133 726 1177 atenaco
750 1133 959 1178 conseruatori.

230 1282 254 1336 r.
276 1283 365 1336 sotter
384 1284 521 1337 chartaceo
540 1284 629 1336 saeculi
646 1285 704 1338 XV.
725 1282 887 1336 bibliothece
905 1283 1025 1352 palatina
1040 1282 1259 1338 vindobonensis.

312 1573 370 1636 Dei
386 1574 487 1656 gracia
502 1573 655 1655 Seraphin
677 1570 895 1655 archipresuli,
918 1573 1094 1636 diuinarum
1108 1574 1180 1656 igue
1196 1573 1260 1635 uir·

230 1694 331 1750 tutum
347 1686 485 1759 ardenti,
506 1684 649 1747 Albricus
665 1687 808 1767 quamuis
823 1707 905 1748 unus
921 1705 961 1748 ex
975 1686 1125 1760 minimis,
1155 1694 1259 1749 tauma

231 1817 343 1861 seruus
364 1795 535 1859 sanctitatis
556 1805 756 1880 nuncupatus
778 1797 810 1859 in
831 1797 952 1878 palacio
974 1797 1098 1860 celestis
1119 1805 1260 1860 coutem-

232 1909 393 1992 placionis.

314 2021 469 2096 Quoniam
483 2021 629 2082 fiduciam
651 2020 744 2083 talem
761 2019 914 2084 habemus
929 2042 987 2103 per
1000 2021 1173 2097 Christum,
1194 2043 1259 2085 nou

231 2133 316 2217 quod
331 2132 524 2195 sufficientes
538 2133 633 2194 simus
650 2133 786 2214 cogitare
802 2133 921 2215 aliquid
932 2134 1022 2216 quasi
1035 2154 1073 2196 ex
1088 2134 1187 2208 nohis,
1202 2135 1259 2197 sed
1340 2167 1343 2173 ·

230 2244 422 2308 sufficiencia
438 2255 545 2308 nostra
560 2265 599 2307 ex
614 2244 674 2307 deo
691 2253 754 2307 est:
775 2264 847 2307 cum
862 2245 1031 2327 spiritualis
1046 2247 1150 2328 gracia
1164 2244 1261 2327 inspi-

230 2358 362 2421 racionis
377 2367 513 2420 mentem
529 2364 615 2419 tuam
631 2356 756 2420 celestis
771 2356 931 2439 sapiencie
947 2357 1092 2419 thesauro
1105 2357 1260 2432 ditauerit‚

230 2479 261 2533 et
275 2467 512 2552 quamplurimis
528 2468 659 2531 exsertis
675 2487 711 2530 ac
727 2468 904 2531 didascalici
926 2469 1028 2530 meriti
1049 2468 1126 2530 uiris
1141 2469 1260 2532 lucidas

231 2581 427 2644 contubernii
450 2582 493 2642 tui
517 2581 673 2654 officinas,
696 2581 785 2663 quasi
800 2581 930 2643 totidem
945 2581 1076 2663 gemmis
1091 2583 1261 2655 ornauerit,

231 2701 286 2757 aul
307 2693 397 2774 parui
420 2692 569 2774 ingenioli
592 2694 653 2754 mei
674 2693 860 2756 reformidat
882 2693 1049 2765 rusticitas,
1072 2694 1145 2756 dum
1162 2715 1211 2757 me
1226 2704 1261 2757 ut

230 2803 273 2865 ita
298 2804 397 2864 dicam
420 2803 577 2884 elinguem
601 2823 637 2865 ac
659 2824 740 2885 pene
761 2805 863 2866 tocius
882 2805 1064 2867 urbanitatis
1086 2814 1259 2877 exsortem,

230 2915 337 2976 iubeas
362 2934 380 2974 0
403 2913 509 2995 presul
539 2913 689 2996 regalium
709 2915 851 2977 instituta
872 2915 1081 2978 collacionum
1102 2914 1261 2990 recolere,

230 3025 282 3088 uel
306 3026 465 3089 senatoria
487 3027 576 3109 regni
602 3028 701 3089 tocius
726 3028 867 3100 decreta,
900 3028 988 3108 quasi
1014 3027 1259 3090 ieiunelascente

231 3138 386 3201 oracionis
400 3148 506 3203 nostre
521 3137 740 3220 recapitulare.
762 3158 866 3219 neque
883 3137 966 3199 euim
979 3139 1019 3200 ad
1033 3140 1119 3221 regia
1131 3138 1261 3200 consilia

230 3271 281 3313 me
306 3251 499 3314 consultricis
527 3251 698 3334 prudencie
721 3249 837 3311 inculta
857 3250 1005 3331 prouehit
1025 3251 1179 3323 materies,
1200 3269 1260 3311 nec

231 3363 333 3427 tenuis
354 3365 400 3425 rei
420 3384 477 3445 pro
493 3365 612 3425 loribus
628 3371 761 3425 stantem
782 3361 957 3424 intromittit
976 3362 1124 3443 despecta
1143 3380 1260 3443 paupe-

230 3476 302 3538 ries.
324 3477 398 3557 quia
412 3497 490 3538 uero
506 3475 691 3539 obediencie
708 3475 790 3557 eligo
803 3476 900 3557 magis
914 3494 1042 3556 operam
1054 3476 1143 3546 dare,
1165 3493 1258 3556 quam

230 3588 348 3649 caritati
364 3590 467 3649 omnia
482 3588 621 3668 speranti
636 3586 755 3668 aliquid
771 3588 943 3669 denegare,
965 3586 1048 3647 malo
1064 3585 1162 3648 eciam
1178 3584 1260 3647 ultra

229 3699 314 3760 uires
330 3698 548 3779 obtemperare
568 3718 767 3779 presumere,
788 3718 883 3779 quam
899 3707 1118 3780 presumtuose
1134 3698 1259 3759 minime

230 3808 460 3890 obtemperare.
482 3810 625 3891 quamuis
646 3810 728 3873 enim
751 3809 911 3891 impericia
933 3810 1027 3871 michi
1043 3810 1179 3872 dictandi
1196 3829 1259 3871 non

229 3926 348 4003 prestat
368 3921 563 3994 fecundiam,
586 3924 698 3985 caritas
721 3928 823 3986 tamen
840 3922 1058 3984 obedienciam
1077 3944 1140 3985 non
1156 3929 1260 4004 negat.

231 4052 324 4116 porro
339 4052 398 4095 nec
414 4032 446 4094 in
461 4034 522 4095 hoc
535 4055 630 4116 opere
646 4034 765 4118 proprii
778 4034 896 4097 arbitrii
911 4035 1046 4116 uestigia
1060 4034 1133 4117 figo,
1148 4055 1260 4097 uerum

228 4146 346 4233 preuiis
367 4143 461 4209 alieni
483 4145 602 4208 itineris
625 4147 745 4209 nisibus
769 4146 889 4209 insisto.
925 4148 966 4209 oh
991 4166 1086 4228 quam
1111 4146 1260 4210 uidelicet
