2798 4764
424 367 449 414 S.
463 368 606 414 cinisum
628 370 718 413 nnsis
740 369 904 415 nrcnnrrnr
925 371 946 416 1.
1138 344 1199 418 3³8

169 525 268 585 ratim.
310 523 337 585 si
361 544 437 585 uero
462 532 533 604 post
557 523 764 585 iuramentum
791 524 952 586 dominnm
977 544 1101 588 annone
1128 525 1198 608 quis
1246 566 1247 571 κ

168 636 286 698 alienus
301 637 459 716 periurum
475 636 601 706 dixerit,
626 644 730 716 preter
745 636 927 716 pristaldum
944 637 1102 718 episcopi,
1124 645 1196 702 ante

168 746 351 828 pristaldum
375 756 404 807 et
426 746 555 808 comites
572 755 755 807 numeretur
770 767 903 808 annona.
932 747 956 808 si
973 747 1137 827 culpabilis
1152 748 1200 814 ia·

170 867 281 920 uentus
305 858 398 919 suerit
414 859 558 918 dominns
579 878 720 930 annone,
743 859 772 919 ei
796 869 899 920 autem
915 860 1037 920 decima
1058 879 1130 939 pars
1146 860 1202 922 dc·

169 977 227 1043 tur,
249 978 279 1031 et
303 989 417 1030 nouem
442 979 545 1047 partes
566 970 679 1031 dentur
702 971 861 1050 episcopo.
891 971 916 1032 si
937 979 1041 1032 autem
1062 970 1129 1051 ipse
1145 969 1199 1052 qul

168 1061 380 1141 insurrexerat
395 1080 530 1140 mendax
545 1081 616 1151 erit,
632 1082 744 1141 eodem
759 1082 875 1142 iudicio
891 1081 1048 1162 persoluat
1064 1080 1199 1162 culpam.

169 1192 194 1253 si
215 1213 277 1252 non
296 1192 442 1252 hannem
465 1193 547 1252 unde
572 1212 606 1252 se
622 1193 768 1262 redimat,
791 1191 876 1254 solus
891 1194 1047 1254 uendatur
1062 1193 1200 1274 exceptis

171 1284 286 1365 liberis.
320 1304 490 1364 decimacio
506 1313 609 1364 autem
626 1311 690 1364 tota
705 1304 870 1384 colligatur
885 1325 986 1385 nsque
1001 1305 1040 1366 ad
1056 1304 1200 1368 natiuita-

170 1426 231 1479 tem
252 1415 380 1476 domini.
410 1414 491 1475 filius
515 1415 567 1495 qui
592 1416 622 1474 in
645 1415 739 1475 domo
764 1415 859 1495 patris
882 1424 945 1488 est,
967 1437 1023 1477 seu
1045 1416 1127 1478 filius
1142 1434 1199 1478 seu

169 1549 280 1590 seruus
303 1548 365 1588 non
389 1537 560 1607 separetur,
583 1528 639 1588 sed
662 1526 753 1588 simul
776 1528 1109 1590 dentdecim'acionem
1127 1547 1199 1591 cum

171 1649 267 1720 patre.
296 1638 405 1699 aliliis
428 1658 504 1699 uero
528 1648 579 1699 aut
602 1639 714 1710 seruis,
737 1639 789 1719 qui
812 1658 869 1719 per
888 1657 922 1699 se
947 1638 1064 1701 habent
1078 1639 1200 1713 domos,

168 1751 323 1832 accipiant
338 1751 491 1811 decimam
507 1751 545 1810 de
562 1749 784 1830 omnibusque
806 1750 932 1811 habent.
962 1750 986 1810 si
1007 1759 1111 1812 autern
1126 1769 1201 1812 con·

167 1872 274 1924 tumax
297 1861 408 1943 aliquis
431 1862 622 1942 interogatus
645 1860 799 1922 decimam
821 1861 957 1922 noluerit
978 1860 1118 1923 indicare
1137 1859 1201 1942 pri·
1294 1882 1299 1894 ·

168 1974 268 2035 staldo
285 1972 437 2053 episcopi,
459 1981 524 2032 tum
547 1970 713 2052 pristaldos
729 1992 833 2032 coram
856 1973 978 2034 idoneis
1001 1973 1129 2035 testibus
1145 1971 1201 2036 de·

168 2086 287 2167 signat,
309 2094 458 2166 qnantum
476 2084 601 2145 uidetur
616 2104 685 2145 esse
702 2085 827 2145 iustum.

249 2198 346 2258 linum
371 2198 421 2258 uel
448 2197 601 2256 conabum
628 2205 776 2277 quantum
807 2204 910 2276 potest
934 2196 1069 2276 pugillus
1094 2195 1199 2276 digitis

166 2311 282 2394 pressis
298 2312 337 2371 ad
359 2320 472 2371 terram
490 2329 650 2389 premere,
680 2309 822 2389 accipiat.
855 2309 880 2370 si
904 2307 1075 2369 trituratam
1102 2326 1201 2368 anno·

167 2446 237 2486 narn
263 2422 434 2496 inuenerit,
461 2422 486 2481 si
510 2422 620 2482 decem
643 2422 721 2482 idrie
742 2420 876 2492 suerint,
904 2419 980 2480 nihil
1000 2419 1144 2501 accipiat,
1171 2417 1199 2482 si

167 2535 275 2616 uiginti
292 2533 342 2595 uel
360 2533 481 2614 plures,
503 2534 636 2612 accipiat
651 2532 804 2592 decimam
821 2540 952 2611 partem.

251 2644 320 2725 (ld)
343 2647 386 2705 Dc
402 2647 595 2722 litipotoribur
610 2644 788 2703 uenientibus
802 2644 842 2703 od
856 2645 951 2721 reptile
962 2643 1124 2723 palacium.
1162 2641 1195 2705 Si

167 2759 236 2840 quis
252 2758 401 2819 nobilium
418 2778 474 2818 seu
492 2757 622 2817 militum
646 2757 677 2816 in
696 2755 814 2817 curiam
830 2774 923 2816 causa
939 2755 1042 2816 licium
1063 2753 1180 2816 uenien

168 2873 206 2934 ad
228 2871 332 2953 regale
354 2870 508 2951 palacium
525 2889 595 2930 cum
611 2888 668 2930 suo
683 2867 836 2949 litigatore
859 2888 922 2928 non
942 2866 1077 2939 steterit,
1099 2874 1131 2928 et
1145 2884 1195 2928 re·

167 2983 218 3066 gio
239 2983 353 3043 nuncio
377 2991 507 3044 uocatus
530 2982 597 3042 sine
620 2981 702 3062 regis
723 2979 853 3040 licencia
875 2979 1003 3040 domum
1022 2975 1194 3058 perexerit,

167 3096 325 3156 racionem
347 3094 474 3173 perdat,
503 3101 533 3154 et
552 3093 680 3173 insuper
695 3089 810 3171 siquid
831 3088 869 3149 ab
885 3108 923 3150 eo
939 3087 1114 3159 abstulerit,
1136 3086 1196 3148 du·

168 3206 290 3286 pliciter
305 3205 425 3265 reddat.

251 3314 319 3397 (¹⁴3)
342 3318 385 3376 Dc
406 3327 502 3395 spreto
521 3317 608 3393 sipilli
630 3315 704 3392 repis
726 3315 770 3372 uel
791 3313 906 3372 iudicis.
958 3308 990 3371 Si
1006 3308 1075 3391 quis
1090 3315 1195 3370 autem

168 3429 251 3508 regis
273 3429 408 3510 sigillum
430 3446 525 3507 super
548 3426 685 3504 aliquem
710 3421 880 3503 proiciens,
903 3428 934 3481 et
948 3422 1015 3500 ipse
1029 3419 1060 3478 in
1076 3418 1195 3481 curiam

169 3540 277 3602 uenire
293 3538 481 3620 neglexerit,
503 3537 659 3597 racionem
675 3535 785 3615 perdat
801 3541 831 3594 et
846 3531 984 3613 quinque
999 3549 1113 3611 pensas
1124 3549 1195 3611 per-

169 3650 285 3722 soluat,
301 3659 331 3712 et
347 3649 601 3732 quociescunque
617 3645 835 3717 renouauerit,
851 3643 948 3704 tocies
963 3641 1102 3724 quinque
1119 3660 1196 3722 pen·

169 3784 219 3824 sas
234 3763 402 3844 persoluat.
424 3763 448 3822 si
463 3781 537 3822 uero
549 3759 661 3820 iudicis
673 3757 808 3838 sigillum
821 3754 974 3838 proiciens
987 3775 1051 3816 non
1064 3752 1196 3827 uenerit,

170 3883 295 3936 centum
310 3892 454 3935 nummos
470 3871 579 3934 soluat.

490 4119 627 4159 mum
648 4119 736 4158 um
756 4117 876 4161 Palm.
