2798 4764
105 368 108 374 ,
212 320 277 400 Μ
376 343 568 399 urrunnun
586 344 629 397 nrt
649 347 784 396 rumora
804 344 939 400 orama
959 340 1077 396 nanta.

238 526 241 532 ¹
295 507 372 570 lude
393 505 435 569 ad
456 503 548 568 aliam
571 503 729 568 ciuitatem
750 509 989 586 processerunt,
1015 499 1069 562 ubi
1082 498 1242 582 predictus

214 619 313 683 stator
336 617 493 691 infirmus,
521 616 699 680 bernardus
725 615 868 689 nomino,
896 614 1064 688 sacerdos,
1093 613 1126 676 in
1148 613 1243 676 domo

215 731 399 804 sarraceni,¹
414 729 467 812 qui
490 747 545 792 eoa
568 735 697 811 propter
710 730 805 791 deum
828 726 964 810 recepit,
984 727 1018 788 in
1039 723 1167 789 domino
1187 724 1245 788 ob-

216 842 381 916 dormiuit,
402 849 434 905 et
447 849 495 905 est
509 841 649 923 sepultus
662 841 790 905 ibidem.

297 954 503 1017 Postmodum
530 953 628 1017 frater
651 953 814 1039 lulianus,
837 952 893 1037 qui
920 950 1006 1016 aolus
1033 958 1245 1028 remanserat,

215 1067 361 1132 nesciens
376 1066 511 1148 qualiter
525 1076 633 1148 posset
651 1066 768 1129 habere
789 1082 966 1138 recensum,
988 1061 1087 1128 iactus
1109 1070 1158 1127 ast
1177 1083 1245 1127 ser·

215 1178 307 1242 niens
330 1177 424 1240 unius
448 1177 614 1241 Sarraceni
636 1177 809 1241 sacerdotis
835 1163 867 1240 et
888 1175 997 1239 uxoris
1021 1175 1099 1238 eins.
1131 1174 1186 1258 qui
1211 1175 1245 1237 in

216 1308 363 1372 magnam
384 1289 563 1371 Bulgariam
583 1287 795 1371 profecturus,
821 1306 885 1370 quo
906 1297 939 1351 et
958 1287 1076 1369 pariter
1090 1304 1245 1368 peruene-

216 1400 300 1464 runt.
321 1408 369 1463 est
382 1419 461 1463 uero
476 1419 589 1483 magna
602 1399 749 1483 bulgaria
768 1416 901 1483 regnum
914 1411 1063 1482 magnum
1077 1405 1110 1460 et
1122 1404 1246 1479 potens,

195 1491 383 1594 'opulentas
407 1509 527 1574 babens
548 1493 706 1574 ciuitates.
741 1510 798 1574 sed
824 1527 934 1572 omnes
958 1518 1031 1572 aunt
1054 1508 1178 1591 pagani.
1211 1508 1246 1570 in

217 1640 317 1705 regno
330 1622 384 1685 iilo
400 1622 542 1704 publicus
556 1630 605 1685 est
621 1642 727 1685 aermo
742 1622 828 1705 quod
847 1622 909 1685 cito
922 1620 991 1684 fieri
1007 1621 1142 1684 debeant
1156 1617 1246 1682 Chri·

217 1735 328 1809 ttiani,
349 1743 381 1797 et
393 1736 533 1800 Romane
550 1733 692 1798 ‘ecclesie
713 1735 884 1818 subiugari.
915 1734 971 1797 sed
993 1732 1077 1797 diem
1100 1739 1246 1796 asserunt

218 1864 253 1913 aa
267 1849 403 1912 nescire.
429 1847 474 1910 aie
489 1847 572 1910 enim
586 1867 605 1910 a
620 1846 684 1910 suis
697 1847 890 1929 sapientibus
905 1847 1081 1910 audierunt.

228 1972 232 1977 ·
300 1957 337 2020 ln
360 1976 423 2021 una
450 1976 563 2041 magna
589 1957 731 2020 eiusdem
758 1958 922 2038 prouincie
951 1957 1093 2032 ciuitate,
1121 1955 1161 2019 de
1183 1975 1247 2039 qua

220 2067 366 2132 dicuntur
388 2067 498 2150 egredi
523 2068 749 2151 quinquaginta
773 2067 867 2130 millia
893 2075 1118 2151 pugnatorum,
1149 2065 1248 2130 irater

220 2198 316 2242 nnam
341 2180 502 2244 mulierem
522 2180 705 2262 Ungaricam
728 2180 865 2254 inuenit,
894 2198 956 2263 que
981 2179 1021 2242 de
1044 2188 1129 2242 terra
1152 2197 1247 2260 quam

221 2293 361 2367 baberet,
373 2292 413 2354 ad
429 2299 533 2374 partes
547 2291 615 2353 ilias
628 2291 743 2354 tradita
759 2289 817 2353 suit
831 2289 910 2353 uiro.
931 2290 984 2352 illa
999 2290 1106 2352 docuit
1119 2289 1248 2351 fratrem

219 2404 306 2479 nias,
326 2424 385 2486 per
399 2424 478 2488 quas
493 2414 577 2466 esset
597 2403 712 2477 iturus,
734 2422 878 2466 asserens
893 2403 979 2485 quod
995 2402 1034 2466 ad
1055 2403 1134 2465 duas
1149 2401 1248 2464 dieta·

218 2515 307 2598 ipsos
321 2524 429 2597 posset
442 2515 581 2598 Ungaros
601 2535 680 2596 quos
695 2514 849 2597 querebat
863 2514 970 2596 procul
985 2513 1080 2577 dubio
1095 2513 1250 2577 inuenire.

222 2628 308 2708 quod
320 2637 350 2689 et
361 2625 476 2689 factum
492 2635 551 2689 est.
572 2627 693 2690 inuenit
703 2627 786 2688 enim
799 2626 950 2698 eosiuxta
960 2627 1090 2689 fluuium
1101 2646 1249 2710 magnum

221 2735 316 2799 Etbil.
347 2736 400 2819 qui
415 2755 453 2800 eo
469 2736 537 2799 uiso
553 2742 585 2799 et
600 2736 685 2818 quod
700 2743 784 2799 esset
798 2736 939 2820 Ungarus
953 2736 1126 2812 intellecto,
1146 2737 1179 2798 in
1193 2736 1250 2799 ad·

221 2857 320 2911 uentu
334 2848 433 2929 ipsius
455 2866 518 2910 non
534 2850 689 2912 modicum
710 2858 783 2912 sunt
797 2849 906 2931 gauiai.
935 2851 1163 2914 circumdantes
1177 2871 1250 2913 eum

223 2977 280 3042 per
302 2960 412 3021 domos
438 2969 469 3024 et
494 2959 600 3034 uillas,
622 2962 713 3024 etde
734 2981 809 3043 rege
830 2968 862 3024 et
883 2980 983 3045 regno
1004 2960 1250 3025 Christianorum

222 3068 354 3132 fratrum
375 3069 513 3152 ipsorum
526 3069 661 3134 fideliter
675 3068 904 3153 perquirentes.
932 3080 963 3135 et
977 3072 1179 3155 quidcunque
1193 3091 1251 3134 uo·

223 3181 309 3246 lebat
330 3189 392 3245 tam
408 3179 447 3246 de
461 3180 538 3255 fide,
561 3201 654 3264 quam
671 3183 710 3246 de
726 3182 792 3246 aliis
807 3184 853 3247 eis
866 3205 1060 3266 proponere,
1081 3183 1253 3267 diligentia-

222 3293 301 3356 a'ime
315 3293 497 3366 audiebant,
519 3295 592 3375 quia
606 3294 735 3357 omnino
748 3293 908 3360 habebant
922 3295 1109 3379 Ungaricum
1123 3293 1251 3367 idioma,

224 3411 257 3468 et
269 3403 485 3488 intelligebant
505 3424 578 3467 cum
598 3412 628 3467 et
647 3405 715 3487 ipse
739 3424 804 3469 eos.
831 3405 944 3490 pagani
958 3417 1046 3481 sunt,
1068 3405 1184 3468 nuliam
1200 3405 1251 3467 dei

223 3514 376 3579 babentes
399 3517 556 3581 noticiam.
591 3517 648 3581 sed
671 3535 730 3580 nec
752 3516 837 3580 idota
855 3528 1064 3593 uenerantur,
1092 3518 1148 3581 sed
1172 3517 1254 3580 sicut

223 3626 325 3690 bestie
346 3628 468 3692 uiuunt.
494 3636 594 3692 terras
609 3650 673 3692 non
687 3628 802 3693 colunt.
832 3646 942 3693 carnea
956 3630 1105 3713 equinae,
1129 3625 1253 3708 lupinar

225 3742 257 3798 at
269 3735 450 3801 huiusmodi
467 3741 647 3803 comedunt
667 3740 715 3803 lac
726 3740 876 3822 equinum
889 3747 920 3804 et
933 3738 1118 3822 sanguinem
1132 3737 1253 3799 bibunt.

224 3845 327 3909 a'ciunt
349 3847 449 3910 eciam
470 3864 530 3930 per
542 3851 759 3914 reuelacionea
778 3851 994 3932 antiquorum,
1016 3848 1102 3930 quod
1121 3847 1173 3912 isti
1190 3846 1254 3910 Un-

224 3958 293 4040 gari
306 3957 346 4020 ab
360 3957 437 4041 ipair
452 3958 699 4036 descenderant,
720 3961 777 4024 aed
791 3959 844 4023 ubi
859 3967 965 4023 essent
977 3957 1176 4041 ignorabant.

307 4068 391 4133 Gens
415 4068 618 4132 tartarorum
645 4070 752 4134 uicina
775 4077 825 4135 eat
844 4069 902 4134 eia.
936 4072 994 4134 aed
1016 4068 1111 4134 iidem
1133 4072 1257 4135 Tartari

225 4181 454 4249 committente·
467 4200 539 4246 cum
553 4182 609 4260 eia,
622 4201 686 4246 non
700 4190 848 4267 poterant
859 4182 893 4246 in
906 4181 991 4248 bello
1007 4204 1063 4249 eos
1075 4185 1256 4250 douinoere.
