2798 4764
357 347 546 398 ssrmmu
568 348 659 398 necis
682 347 889 399 nscnnronul
910 347 1003 399 urm
1023 348 1044 399 r.
1154 326 1216 401 atr

185 507 210 569 si
237 527 314 568 uero
337 527 458 589 pauper
481 516 511 570 et
534 507 648 582 tenuis,
670 507 837 570 duodecim
859 508 1021 595 iuuencos,
1044 507 1216 590 exquibus

185 620 294 682 decem
311 620 395 701 regi,
417 621 479 683 duo
495 622 611 683 seniori
626 621 722 685 serui.

266 733 365 794 XXII.
409 734 451 795 Dr
464 736 509 794 Itt‘rt
524 737 573 814 qui
591 738 692 797 liberor
713 738 745 798 in
759 737 923 797 seruitutem
939 737 1083 814 rediqunt.
1128 734 1215 809 Quo·

184 845 266 906 niam
282 844 377 926 igitur
392 845 518 927 dignum
535 846 595 907 tleo
612 855 659 908 est
674 855 705 908 et
719 847 897 909 hominibus
914 846 1081 928 optimum,
1102 866 1215 911 unum·

185 976 343 1037 quemque
365 977 422 1018 sue
443 956 595 1018 industria
616 958 767 1020 libertatis
791 959 852 1020 uite
871 978 997 1021 cursum
1014 958 1144 1029 ducere,
1164 977 1216 1020 se·

185 1067 322 1128 cundum
345 1066 450 1149 regale
474 1069 634 1130 decretum
656 1077 805 1131 statutum
822 1078 886 1143 est,
907 1077 941 1131 ut
956 1089 1048 1131 nemo
1065 1067 1214 1130 comitum

183 1179 235 1242 uel
257 1179 388 1242 militum
410 1189 481 1261 post
502 1181 561 1241 hac
582 1182 720 1263 aliquam
741 1181 871 1243 liberam
888 1201 1054 1263 personam
1068 1180 1216 1244 seruituti

183 1292 320 1354 subdere
335 1292 458 1354 audeat.
480 1293 565 1373 quod
577 1293 603 1354 si
616 1292 764 1355 elacionis
778 1293 909 1356 audacia
923 1312 979 1356 sue
993 1291 1126 1355 stImulis
1140 1311 1215 1388 pre·

183 1405 367 1485 sumpserit,
389 1405 466 1466 sciat
479 1426 514 1466 se
530 1406 660 1466 totidem
677 1426 716 1467 ex
731 1406 857 1487 proprio
874 1406 1129 1487 compositurum.
1150 1424 1213 1488 que

182 1535 261 1577 uero
273 1517 463 1597 composicio
476 1518 556 1579 inter
568 1539 675 1599 regem
692 1526 722 1579 et
737 1519 866 1581 comites
882 1518 1041 1580 diuidatur
1052 1526 1085 1580 ut
1099 1526 1213 1581 cetera.

264 1631 338 1692 Item
353 1632 510 1692 decadem.
555 1631 616 1691 Sed
639 1630 752 1713 siquis
774 1631 923 1693 hactenus
947 1631 978 1691 in
1000 1631 1148 1694 semitute
1161 1650 1213 1694 re·

183 1749 298 1813 tentus,
311 1760 370 1821 pro
386 1740 529 1804 libertate
544 1741 594 1803 sui
609 1743 726 1804 tueutla
740 1742 889 1806 iutIIcium
905 1741 1007 1824 legale
1021 1742 1150 1813 iaciens,
1162 1761 1213 1804 se·

183 1871 274 1914 curus
291 1852 453 1925 exstiterit,
469 1855 684 1915 tantummodo
699 1854 842 1917 libertate
858 1854 989 1930 Iruatur,
1005 1864 1036 1917 et
1049 1854 1101 1917 ille
1117 1874 1212 1937 aquo

183 1965 215 2024 iu
230 1964 380 2026 seruitute
396 1965 570 2038 tenebatur,
593 1965 670 2027 nihil
686 1967 807 2028 reddat.

265 2076 379 2137 XXIII.
420 2077 464 2136 De
486 2078 530 2137 loia
550 2080 598 2157 qui
620 2080 739 2139 alterius
761 2081 864 2140 militar
883 2081 938 2139 ribi
959 2082 1073 2141 tollunt.
1117 2079 1212 2142 Uolu-

183 2210 252 2251 mus
267 2198 300 2266 ut
315 2189 528 2270 unusquisque
544 2190 649 2250 senior
664 2211 755 2251 suum
776 2190 891 2252 habeat
913 2190 1060 2263 militem,
1081 2209 1140 2252 nec
1155 2189 1212 2253 ali-

183 2300 251 2380 quis
269 2300 347 2362 alter
361 2299 447 2359 illum
462 2301 592 2362 suadeat
607 2301 768 2382 antiquum
787 2302 934 2363 deserere
949 2302 1105 2363 seniorem
1121 2310 1152 2363 et
1170 2300 1211 2365 ad

182 2432 216 2474 se
232 2412 356 2483 uenire,
378 2412 451 2473 inde
467 2413 549 2473 euim
566 2412 697 2493 litigium
713 2413 808 2475 habet
825 2413 962 2475 Inicium.

266 2523 378 2584 XXIV.
421 2525 465 2584 De
479 2526 524 2584 Iria
539 2526 588 2603 qui
602 2526 724 2604 ltorpiter
737 2527 857 2585 ulterius
870 2527 924 2586 ribi
938 2528 1054 2587 tollunt.
1098 2525 1211 2607 Siquis

183 2634 337 2716 hospitem
364 2655 433 2694 curu
459 2635 684 2697 berrorolencia
709 2636 820 2717 accipit
849 2645 879 2698 et
905 2637 1128 2700 nutrimentum
1152 2637 1212 2701 sibi

183 2747 314 2810 honeste
338 2748 503 2827 impendit,
526 2750 676 2829 quaquIu
699 2750 872 2811 secundum
897 2750 1091 2831 propositum
1112 2749 1213 2812 nutri·

184 2868 243 2931 tur,
264 2879 326 2920 non
349 2861 474 2923 (leserat
494 2882 584 2921 suum
606 2861 809 2933 nutritorem,
832 2880 890 2922 nec
905 2861 943 2922 ad
960 2859 1095 2942 aliquem
1115 2860 1211 2923 alium

184 2992 272 3034 suam
289 2972 409 3034 delerat
425 2972 680 3053 hospitalitatem.

266 3084 364 3143 XXV.
408 3085 514 3145 Deliis
536 3088 755 3165 quiflaqellont
779 3106 833 3145 suo
855 3095 1011 3164 querentur.
1067 3084 1099 3146 Si
1123 3084 1211 3147 cuius

184 3194 272 3256 miles
293 3205 346 3257 aut
367 3216 478 3257 seruus
503 3196 542 3256 ad
564 3197 658 3256 alium
684 3196 813 3277 sugerit,
844 3204 874 3257 et
897 3197 923 3257 is
941 3197 1029 3257 cuius
1051 3195 1140 3257 miles
1158 3195 1212 3258 uel

184 3326 296 3367 seruus
311 3306 385 3387 Iuga
400 3307 504 3386 lapsus
525 3316 588 3377 est,
611 3327 701 3368 suum
717 3307 836 3368 miserit
852 3307 986 3387 legatum
1002 3307 1042 3367 ud
1057 3304 1212 3368 redueen-

185 3419 242 3480 dos
258 3439 328 3490 eos,
351 3429 381 3481 et
397 3419 421 3481 is
438 3420 559 3500 legatus
580 3418 694 3480 ihiilem
711 3440 729 3480 a
744 3438 902 3500 quoquam
924 3437 1092 3499 percussus
1112 3425 1144 3480 el
1157 3418 1214 3481 tla-

184 3529 315 3610 geIIatus
340 3531 490 3603 extiterit,
521 3531 719 3592 deceruimus
746 3537 923 3590 nostrorum
947 3528 1113 3610 primatum
1138 3547 1214 3591 con·

185 3652 299 3714 ueutu,
319 3653 353 3705 ut
368 3643 449 3703 idem
466 3661 635 3723 percussor
651 3642 759 3703 decem
775 3641 877 3702 soluat
893 3640 1053 3702 iuuencos.

268 3755 380 3815 XXl'l.
425 3755 468 3814 De
482 3756 580 3815 uiduis
594 3765 618 3814 et
633 3755 784 3835 orphom'a.
830 3753 977 3816 Uolumus
992 3752 1120 3835 quidem
1135 3760 1170 3816 ut
1183 3759 1216 3817 et

184 3866 279 3927 uidue
303 3875 334 3927 et
356 3865 488 3947 orphani
507 3874 614 3927 nostre
637 3865 715 3947 legis
734 3864 797 3927 sint
817 3863 996 3947 participes,
1017 3864 1070 3927 uli
1088 3872 1215 3939 tenore,

186 3987 219 4040 ut
237 3979 263 4040 si
286 3997 350 4062 qua
370 3978 467 4040 uidua
488 3999 559 4040 cum
580 3976 652 4040 liliis
674 3977 860 4059 filiabusque
881 3976 1084 4051 remanserit,
1119 3984 1215 4058 atquc

186 4093 304 4154 nutrire
320 4111 393 4164 eos,
416 4100 446 4154 et
461 4110 625 4154 remanere
641 4110 711 4152 cum
731 4089 790 4152 illis
806 4090 956 4171 quamdiu
971 4087 1085 4153 uixerit
1098 4085 1217 4170 promi·
1257 4138 1260 4142 a

185 4203 278 4278 serit,
300 4202 415 4268 haheat
439 4210 625 4290 potestatem
649 4200 782 4268 anobis
805 4201 864 4269 sibi
886 4219 1067 4268 concessam
1090 4197 1151 4264 hoo
1168 4194 1216 4262 ia·
