2798 4764
483 358 665 408 moasramr
690 360 732 406 os
753 359 866 409 raam
1127 342 1194 411 Μ

160 534 290 580 uxorem
306 522 339 578 et
351 513 432 579 iiiios
445 517 570 579 Andree
585 514 707 579 comitis
721 515 776 577 iiiii
791 515 876 588 lose,
896 513 1016 580 seilicet
1029 516 1190 581 simonen

159 636 191 691 et
210 627 415 702 Michaeiem,
443 628 583 691 dicentes
608 628 694 709 quod
707 628 850 690 Andreas
874 644 979 690 comes
1003 635 1191 710 occupasset

158 749 273 802 terram
289 739 329 802 de
344 724 494 827 porcione
508 741 647 821 ipsorum
664 740 705 801 ad
719 747 840 820 septem
856 747 1019 811 aratra‚.et
1029 737 1191 803 adiunxis-

157 859 205 914 set
226 859 309 913 terro
331 871 402 924 sue,
424 871 519 933 quam
539 870 597 913 rex
610 852 752 914 Andreas
775 851 863 913 dedit
883 850 929 911 iiii
949 852 989 914 ad
1009 851 1189 933 quindecim

157 971 270 1027 aratra.
301 961 424 1043 prefata
448 970 553 1024 autem
578 962 705 1024 domina
727 970 758 1024 et
779 960 834 1023 fiiii
859 960 927 1024 eius
947 962 1190 1044 responderunt,

157 1072 242 1154 quod
263 1071 315 1135 iiia
335 1071 446 1154 porcio
467 1071 535 1135 iuro
554 1071 721 1154 emptionis
736 1074 882 1136 attineret
896 1074 936 1136 ad
952 1093 1023 1147 eos,
1044 1073 1118 1156 quia
1132 1090 1190 1155 pa-

155 1195 262 1248 rentes
272 1184 398 1247 Andree
413 1182 534 1245 comitis
544 1182 662 1245 dudum
675 1184 825 1246 emissent
838 1203 855 1246 a
867 1182 980 1248 Cosmu
992 1183 1056 1246 titio
1067 1184 1188 1266 Gyuoa.

158 1294 309 1359 Dethmar
326 1295 433 1377 itaque
447 1294 573 1356 curialis
588 1312 694 1355 comes
708 1294 860 1369 Simonis,
881 1296 1039 1377 quondam
1053 1295 1190 1359 Uoioao·

159 1407 237 1478 den,
258 1405 384 1469 nomine
407 1407 528 1469 comitis
549 1407 588 1469 de
605 1405 761 1479 Zathmor,
783 1426 822 1468 ex
838 1415 986 1488 precepto
1002 1405 1120 1470 domini
1137 1404 1188 1468 sni

158 1517 270 1580 iudicis
288 1536 306 1580 a
321 1537 395 1599 rege
410 1517 564 1598 delegati,
586 1537 643 1598 por
657 1517 841 1600 pristaldom
856 1519 983 1580 nomino
996 1519 1125 1580 Petrum
1145 1517 1187 1581 tio

158 1628 232 1691 uilio
247 1630 323 1691 Peto
338 1628 497 1692 discussos
510 1629 594 1693 misit
611 1629 799 1692 Uaradinum
822 1632 861 1692 ad
876 1630 1036 1694 candentis
1050 1629 1125 1693 terri
1138 1629 1188 1693 itt·

158 1739 289 1814 dicium,
314 1740 367 1802 ubi
393 1740 602 1822 prenominati
628 1749 815 1813 castrenses,
842 1740 978 1804 scilicet:
1009 1739 1189 1820 cucurum,

157 1851 294 1914 Thomas
309 1860 340 1913 et
354 1852 454 1924 Kosa,
469 1861 616 1935 presente
627 1852 720 1915 Petro
735 1852 925 1933 ioubagiono
943 1851 1062 1915 eiusde
1073 1861 1187 1928 castro,

156 1963 210 2046 qui
234 1980 269 2026 so
293 1963 335 2023 ab
355 1962 501 2024 omuibus
518 1961 761 2043 ioubagionibus
783 1963 857 2035 suis,
880 1961 1014 2026 scilicet:
1044 1964 1186 2037 Andron,

157 2074 264 2146 Chod,
285 2074 446 2155 Nogioae,
473 2074 601 2146 Subret,
631 2074 728 2136 Panlo
750 2082 782 2137 et
803 2074 949 2135 omnibns
970 2074 1037 2135 aiiis
1055 2075 1186 2137 missnn

155 2203 225 2248 esse
249 2182 427 2265 perhibuit,
459 2183 715 2266 subterfugerunt
737 2184 890 2248 iodicium
914 2184 990 2245 ferri
1013 2182 1187 2259 candentia,

156 2295 296 2357 dicentes
319 2295 405 2376 quod
427 2293 506 2356 falsa
527 2295 675 2375 opinione
695 2296 869 2377 predictum
882 2295 1043 2357 dominam
1059 2303 1090 2359 et
1103 2294 1186 2359 titios

156 2404 224 2469 eius
239 2406 280 2468 do
293 2405 355 2468 iam
369 2406 452 2468 dicta
466 2414 550 2469 terra
565 2407 788 2488 impociisrent.

237 2519 337 2592 (103)
360 2516 528 2580 Udoornici
547 2518 671 2599 regales
686 2519 726 2580 de
741 2519 815 2582 uiiia
828 2519 960 2583 Eruhud
977 2520 1187 2602 impecierurl

155 2629 307 2711 quosdam
332 2629 372 2692 de
396 2629 506 2710 predio
529 2629 659 2691 Oiodari
683 2629 739 2691 tilii
759 2630 887 2694 Achiiiia
909 2631 1047 2705 comitis,
1067 2633 1187 2697 scincet

156 2738 287 2801 Potham
302 2746 333 2801 et
344 2739 494 2813 Chumur,
508 2740 647 2802 dicentes
662 2740 750 2822 qnod
763 2759 874 2804 corum
889 2752 994 2806 essent
1005 2744 1186 2807 conuduor·

156 2849 227 2912 uici.
248 2847 293 2911 iiii
305 2859 410 2913 autem
421 2848 568 2912 dixerunt
578 2870 612 2912 se
624 2870 695 2913 esse
706 2850 832 2925 liberos,
847 2860 880 2915 et
889 2853 949 2916 hec
960 2854 1042 2918 idem
1053 2853 1186 2920 astruxit

155 2960 301 3025 dominos
315 2980 436 3024 corum.
457 2980 537 3043 quos
547 2962 692 3025 Nicotaus
706 2982 813 3027 comos
823 2964 981 3027 Palatinus
997 2966 1185 3041 discuciens,

155 3093 211 3156 par
234 3072 419 3155 pristaidum
444 3076 571 3136 nomine
588 3075 738 3137 tlhamam
761 3074 845 3138 misit
868 3076 908 3138 ad
931 3076 1082 3138 iodicium
1107 3074 1184 3139 terri

152 3185 316 3248 madentia
341 3183 541 3249 Uarodiunm.
586 3186 639 3247 ubi
664 3186 759 3248 homo
784 3187 1029 3249 uduornicorum
1058 3192 1182 3266 portato

155 3294 239 3356 ferro
259 3315 318 3376 pro
340 3295 533 3367 uduornicis‚
553 3294 739 3357 iustiticatus
761 3303 826 3368 ost,
847 3295 980 3358 Potham
998 3295 1184 3361 enehorum

156 3405 196 3466 de
211 3405 316 3468 Tohut
336 3413 566 3468 remanserunt.

237 3516 335 3592 (ma)
358 3518 461 3580 Pousa
486 3519 525 3581 de
551 3517 625 3579 uitta
649 3517 773 3580 Boroch
802 3518 941 3600 impeciit
962 3518 1184 3600 iounagtoncra

155 3631 222 3710 Ape
237 3628 276 3692 de
292 3627 366 3692 uilia
381 3630 486 3692 Sotion
507 3630 636 3691 nomino
651 3630 815 3704 Secutum,
837 3630 944 3692 dicens
958 3631 1044 3712 quod
1058 3630 1186 3712 pedise-

155 3759 248 3821 quaar
268 3739 337 3803 cius
360 3748 444 3803 esset
464 3741 598 3814 furatos,
626 3740 730 3802 iudice
751 3741 902 3802 Mouricio
925 3738 1042 3803 Nicoiai
1062 3741 1185 3807 comitis

155 3849 285 3914 Polatiai
299 3852 433 3930 Uinario,
457 3850 610 3933 pristeido
632 3853 709 3916 Pota
732 3852 772 3915 de
798 3850 872 3916 uilia
895 3851 1013 3916 Achra
1042 3852 1184 3935 prefatas

156 3961 268 4024 Sentus
283 3963 428 4027 Uaradioi
448 3972 572 4048 portato
586 3963 670 4026 ferro
685 3964 867 4028 combustus
881 3972 940 4029 est.

237 4073 339 4149 (toa)
358 4072 647 4159 Comprouinciaios
662 4075 702 4139 de
715 4076 829 4140 Bichor
844 4077 1007 4141 uociferati
1021 4084 1094 4140 suot
1106 4094 1185 4140 coa·

157 4189 206 4248 tra
226 4179 456 4260 inremotam
476 4185 558 4252 Mica
580 4185 696 4253 comita
714 4186 923 4336 liiclrorionsiL
933 4187 1039 4253 iudico
1063 4205 1082 4253 a
1104 4206 1182 4272 roga

914 4289 935 4336 n
