2798 4764
176 320 238 419 στῇ
497 334 681 401 taanenu!
706 333 749 381 na
773 333 884 401 namn.

178 487 285 573 debito
306 485 449 571 plenario
470 485 625 569 absoluto,
644 487 797 575 remansit
818 493 851 569 el
867 486 936 569 ipse
958 494 990 550 el
1010 504 1091 569 uxor
1106 504 1174 549 sua
1187 492 1226 573 el

61 682 76 691 ἱ
177 596 352 679 liliusliber
365 597 398 661 iu
413 604 619 681 perpetuum·

261 706 347 790 (lla)
367 711 435 791 Ego
454 707 626 771 Benedicta
644 726 725 771 uxor
739 708 881 793 Herczeg
903 707 942 771 de
962 728 1079 793 geuene
1100 708 1226 791 Borea,

179 821 300 903 duabus
314 819 437 883 filiabus
451 820 530 882 meis
541 819 629 882 iuxta
642 817 792 881 natalium
805 838 934 889 suarum
946 794 1134 902 ‹iigu'ilalem
1148 840 1227 883 ma·

178 933 293 1007 ritulis,
314 939 346 994 el
366 920 553 994 cobus'meia
568 929 688 993 eisdem
707 928 847 1015 legitime
867 930 1003 1007 traditis,
1025 931 1089 995 emi
1104 949 1124 995 a
1139 951 1227 1019 cog·

179 1051 253 1137 nalo
269 1061 340 1106 meo
355 1040 520 1105 Ualeriano
538 1047 684 1115 cantore,
705 1060 777 1121 cnm
791 1041 990 1121 consciencia
1004 1049 1035 1104 el
1049 1060 1226 1123 consensu

61 1210 64 1215 .
180 1165 385 1239 cognatorum
406 1153 491 1227 eius,
512 1151 630 1215 scilicet
651 1151 763 1215 Ualaur
783 1151 888 1215 iralris
909 1152 993 1225 eius,
1015 1162 1047 1216 el
1067 1154 1225 1237 magistri

64 1286 82 1303 ‘
178 1265 292 1329 Auiani
309 1262 457 1327 auunculi
472 1263 540 1325 eius
555 1271 587 1326 el
602 1261 749 1338 aliorum,
771 1261 917 1326 ancillam
931 1263 1057 1327 nomine
1072 1266 1225 1363 agnam,

180 1394 252 1463 cum
267 1373 390 1437 duobus
404 1371 508 1435 filiolis
523 1372 600 1447 eius,
620 1372 734 1434 liciam
749 1371 870 1435 scilicet
884 1380 915 1437 el
927 1373 1057 1451 Funlun.
1089 1384 1123 1438 el
1138 1395 1224 1461 pro·

179 1480 300 1570 ponens
314 1483 382 1546 dies
398 1482 556 1547 uiduilalis
570 1502 640 1546 mee
656 1491 688 1546 el
699 1481 834 1566 liliorum
849 1504 906 1567 pro
921 1482 1055 1553 ecclesia
1071 1485 1113 1569 cle
1128 1484 1223 1569 ligra

179 1615 384 1671 consumare,
406 1594 678 1687 appropinquante
701 1595 763 1657 iam
785 1594 919 1657 termino
941 1595 1004 1659 uile
1027 1616 1117 1677 mee,
1138 1618 1223 1680 pre-

179 1707 371 1771 nominatam
391 1703 535 1768 ancillam
549 1705 623 1767 dedi
636 1704 740 1768 eidem
755 1704 905 1779 ecclesie,
927 1714 961 1768 ul
972 1705 1106 1790 singulis
1120 1729 1222 1791 meu·

179 1817 265 1882 sibus
280 1819 333 1879 dcl
347 1817 385 1879 ad
401 1815 497 1879 allate
512 1816 604 1879 beate
619 1814 750 1899 uirginis
765 1817 928 1881 candelam
944 1819 1035 1882 unius
1048 1820 1165 1897 cubili,
1187 1831 1222 1895 al

178 1929 240 2020 loc
253 1947 354 2011 usque
368 1926 676 1991 consummacionem
691 1929 755 1993 uile
770 1949 838 1993 sue.
860 1929 991 1995 allorum
1005 1939 1113 1995 autem
1131 1932 1220 2001 lilio·

179 2061 250 2131 ¹rum
263 2060 409 2113 suorum,
430 2037 675 2103 scilioelllelam
697 2040 842 2103 cunstitui
863 2042 1039 2111 doninicum
1059 2045 1221 2127 exequia-

178 2149 255 2229 lem,
275 2160 310 2215 ul
325 2151 456 2237 singulis
470 2151 560 2215 annis
575 2151 615 2214 ad
630 2152 766 2214 eandem
780 2152 946 2216 ecclesiam
968 2153 1000 2215 iu
1019 2152 1102 2218 sesto
1117 2176 1149 2218 s.
1159 2157 1221 2239 lli·

179 2263 296 2328 cloelis
309 2261 447 2326 celebret
460 2263 620 2346 exequias,
640 2262 748 2327 bienni
762 2263 846 2326 boue
862 2271 894 2327 el
907 2263 1051 2351 panibus,
1068 2265 1219 2353 quinque

178 2371 266 2437 idriis
281 2373 446 2437 cereuisie.
467 2373 601 2447 allecum
617 2394 703 2448 uero,
723 2373 843 2439 scilicet
856 2375 993 2451 Fortun,
1015 2377 1090 2441 dedi
1105 2378 1220 2467 eidem

179 2486 310 2553 ecclesie
325 2486 356 2547 in
371 2483 621 2567 campanarium,
636 2493 668 2549 el
681 2485 790 2548 ambos
803 2485 835 2548 in
851 2487 1026 2551 constitutis
1041 2487 1162 2554 officiis
1176 2492 1219 2557 aa

179 2581 389 2681 generacione
402 2595 435 2657 in
450 2595 692 2678 generacionem
706 2615 904 2678 permanere.

261 2703 349 2787 (lla)
370 2706 456 2769 Liler
478 2707 517 2769 dc
540 2705 616 2769 uilla
629 2707 757 2770 Holuon
778 2709 1047 2790 impeciilDosum
1072 2711 1115 2775 de
1139 2714 1221 2795 uilla

178 2816 296 2888 Dobur,
321 2815 361 2877 de
376 2814 574 2879 consciencia
594 2817 784 2898 perdicionis
798 2820 871 2902 equi
887 2821 948 2894 sui,
979 2820 1116 2884 ualentis
1132 2845 1220 2889 mar·

179 2946 250 2993 eam
271 2933 303 2988 ol
316 2925 494 3000 dimidiam,
514 2927 629 3008 perditi
642 2928 674 2988 in
689 2927 781 3004 bello,
803 2929 905 2992 iudico
920 2931 1017 2994 Coma
1038 2935 1160 3008 comite
1176 2937 1220 3017 (la

179 3036 327 3111 Zounnk,
350 3033 500 3119 pristaldo
516 3035 645 3120 llegnen
659 3039 698 3101 de
714 3039 789 3103 uilla
799 3040 898 3104 ursei.
918 3042 1004 3105 Liler
1013 3043 1124 3126 itaque
1139 3067 1221 3129 nor·

179 3158 243 3215 talo
257 3149 341 3213 seruo
355 3149 501 3212 Uaradiui
521 3151 699 3213 combustus
715 3160 774 3214 eal.

262 3258 352 3343 (1ll)
375 3262 461 3324 Sunl
475 3262 514 3324 de
528 3260 604 3325 uilla
618 3262 703 3325 Kiral
719 3264 864 3345 impeciil
878 3264 1065 3330 Geruasium
1088 3272 1221 3353 connii-

180 3375 285 3440 lanum
300 3394 408 3448 suum,
431 3374 470 3434 de
484 3372 606 3436 duabus
626 3374 736 3437 marcis
757 3384 788 3438 el
807 3376 954 3453 dimidia,
975 3377 1076 3442 iudica
1092 3382 1220 3457 Seruo-

178 3487 230 3575 clei
250 3485 358 3548 curiali
379 3483 494 3546 comite
515 3486 554 3546 de
570 3484 725 3558 Zobolch,
747 3485 896 3567 pristaldo
912 3488 1045 3552 llarlino
1068 3490 1112 3557 do
1137 3493 1219 3565 uilla

178 3597 332 3678 Lopecur.
362 3595 448 3658 Sunk
463 3605 495 3658 el
509 3594 680 3658 Geruasius
695 3595 842 3663 Uaradini
858 3598 959 3661 taliter
972 3614 1220 3681 conueneruoa,

178 3707 263 3788 quod
278 3705 449 3769 Geruasius
472 3707 561 3768 daret
574 3706 756 3771 aduersario
771 3727 828 3770 suo
842 3727 979 3772 marcam
994 3717 1027 3773 el
1039 3690 1220 3789 serlonem,

179 3824 212 3879 cl
230 3816 313 3878 idem
334 3817 483 3898 pristaldo
498 3818 710 3893 satisfaceret,
735 3828 860 3903 partem
875 3829 979 3887 aulem
994 3821 1107 3885 iudicis
1122 3824 1221 3897 Sunk

178 3935 339 3992 teneretur
355 3929 548 4011 persoluere.

262 4037 350 4123 (lla)
381 4040 487 4126 Bechy
513 4042 652 4128 impeciit
676 4044 716 4111 dc
742 4043 817 4110 nilla
839 4047 919 4113 Zual
945 4053 1127 4119 omuonscs
1152 4071 1221 4137 oro

181 4152 302 4220 duabus
323 4152 452 4228 marcis,
478 4152 583 4220 iudico
597 4155 705 4222 Belca
727 4155 835 4223 curiali
850 4157 962 4222 comite
978 4158 1017 4222 de
1033 4156 1127 4238 Clua,
1147 4165 1223 4249 pri·
