2798 4764
336 332 596 405 compassiones
617 334 751 379 sxnonus
774 335 929 380 nonensis.
971 318 1062 385 1279.
1149 320 1210 407 569

267 485 312 569 (7)
335 485 449 549 Clerici
459 484 563 549 officia
576 486 626 548 uel
638 487 793 550 comercia
804 508 867 549 non
880 496 1063 561 exerceant,
1076 487 1210 550 maxime

182 600 367 672 inhonesta,
389 598 492 661 miuus
513 598 716 661 histrionibus
739 609 771 662 et
785 599 1008 663 ioculatoribus
1030 601 1210 675 intendant,

183 720 215 775 et
230 711 375 774 tabernas
390 729 518 790 prorsus
534 711 667 785 enitent,
688 712 747 773 nisi
762 711 843 775 sorte
860 732 954 774 causa
970 713 1163 775 necessitatis
1178 713 1210 774 in

153 808 295 887 ‘itinere
320 821 490 884 constituti.
523 823 562 884 ad
588 821 683 897 aleas,
712 831 743 885 et
767 818 888 887 taxillo's
914 844 977 885 non
997 822 1121 896 ludant,
1151 844 1209 886 nec

183 933 363 996 huiusmodi
384 932 465 994 ludis
487 933 642 1018 intersint
668 953 789 996 comam
806 943 837 996 et
858 944 1016 996 tonsuram
1031 934 1209 1016 patentibus

184 1043 312 1109 curibus
335 1041 473 1104 habeant
497 1050 719 1124 congruenter,
741 1052 772 1105 et
792 1045 825 1105 in
847 1043 956 1106 olficiis
979 1042 1210 1116 ecclesiasticis,

186 1163 217 1218 et
230 1155 263 1217 in
277 1154 343 1217 aliis
357 1152 449 1216 bonis
464 1153 574 1216 studiis
588 1174 622 1217 se
635 1162 803 1216 exerceant
815 1154 997 1236 deligenter.
1020 1157 1209 1219 excedentes

185 1274 289 1328 autem
314 1266 346 1326 in
372 1265 482 1327 talibus
506 1285 522 1326 a
544 1263 608 1326 suis
628 1271 814 1326 moneantur
835 1264 977 1344 prelatis,
999 1275 1031 1327 ut
1052 1267 1078 1327 si
1101 1267 1208 1330 moniti

184 1396 297 1460 parere
312 1376 571 1458 contempserint,
585 1376 625 1436 ab
636 1374 739 1437 ollicio
755 1384 785 1436 ct
801 1374 953 1437 beneficio
968 1378 1208 1457 suspendantur,

156 1562 169 1571 α
184 1509 243 1553 nec
268 1488 353 1571 prius
377 1486 446 1550 talis
470 1487 635 1569 suspensio
659 1496 836 1561 reuocetur,
860 1506 953 1568 quam
980 1488 1019 1549 ad
1044 1488 1208 1553 arbitrium

183 1597 373 1682 prelatorum
396 1619 453 1681 per
475 1618 529 1660 eos
553 1596 647 1660 suerit
667 1598 867 1660 satisfactum.
896 1617 932 1661 ac
949 1599 1007 1660 sub
1022 1608 1107 1661 certa
1126 1619 1209 1682 pena

183 1712 360 1786 sollecicnt,
374 1720 405 1774 et
416 1719 557 1784 cautum,
572 1711 659 1793 quod
673 1712 704 1772 in
720 1711 831 1773 talibus
846 1712 898 1774 uel
913 1711 1065 1773 similibus
1077 1712 1208 1775 ulterius

183 1843 246 1887 non
262 1825 425 1888 excedant.

264 1933 308 2016 (8)
329 1934 438 1996 Nullus
464 1933 596 1997 clericus
624 1937 818 1999 sentenciam
846 1938 1006 2019 sanguinis
1036 1937 1131 2000 dictet
1156 1947 1210 2002 aut

183 2046 337 2130 proterat,
359 2054 412 2108 aut
432 2045 485 2108 uhi
507 2054 670 2109 exercetur
687 2047 827 2120 intersit,
849 2068 908 2110 nec
932 2049 1098 2130 quisquam
1117 2049 1209 2112 cleri-

183 2177 238 2223 cus
251 2157 371 2220 litteras
386 2156 479 2218 dictet
500 2165 554 2219 aut
574 2157 690 2219 scribat
710 2177 768 2239 pro
784 2157 921 2220 uindicta
936 2158 1097 2239 sanguinis
1112 2159 1208 2220 desti·
1239 2222 1241 2224 ,

181 2271 318 2344 naudus,
339 2288 397 2332 nec
412 2268 492 2331 illam
510 2277 629 2350 partem
644 2268 801 2351 chirurgie
817 2279 963 2331 exerceat
979 2290 1040 2351 que
1055 2270 1094 2330 ad
1110 2270 1208 2332 ustio·

182 2402 253 2446 nem
268 2380 319 2444 uel
334 2380 518 2443 incisionem
533 2380 661 2453 inducit,
676 2400 734 2441 nec
749 2379 914 2462 quisquam
930 2380 1111 2462 purgacioni
1125 2400 1207 2463 aque

180 2493 332 2558 icruentis
353 2500 406 2555 aut
425 2491 556 2572 frigide,
576 2511 633 2555 seu
655 2492 728 2553 ierri
751 2492 912 2554 candentis
933 2493 1026 2554 ritum
1042 2492 1208 2555 cuiuslibet

179 2605 408 2670 benedictionis
431 2613 484 2667 aut
503 2604 751 2667 consecracionis
771 2604 946 2684 impendat,
968 2605 1101 2666 scientes
1121 2605 1206 2687 quod
1297 2685 1300 2689 ¹

180 2718 207 2783 si
230 2737 271 2781 ex
291 2717 470 2780 huiusmodi
493 2735 575 2777 mors
598 2715 648 2777 uel
668 2714 800 2777 membri
815 2715 970 2777 mutilacio
985 2715 1078 2777 luerit
1098 2715 1208 2778 subse·

181 2836 271 2902 cota,
291 2825 526 2910 irregularitatis
542 2826 687 2908 laqueum
703 2846 765 2887 non
782 2827 928 2889 euadent.

255 2935 309 3020 ¹(ll)
331 2937 537 3000 Prohibemus
552 2937 778 3012 sacerdotibus,
800 2946 831 3000 et
846 2937 914 3000 aliis
929 2938 1050 3003 clericis
1064 2939 1096 3000 in
1110 2939 1207 3001 sacris

182 3046 344 3113 ordinibus
368 3048 505 3111 districte
531 3069 569 3111 ue
593 3067 698 3111 secum
724 3048 846 3132 prolem
870 3049 1023 3122 babeant,
1055 3070 1149 3131 quam
1175 3048 1207 3108 in

181 3180 270 3224 sacro
294 3160 404 3223 ordine
425 3167 618 3242 genuerant,
639 3168 768 3241 propter
786 3158 977 3222 scandalum.
998 3166 1030 3220 et
1044 3179 1084 3219 ne
1098 3158 1207 3219 huius-

182 3271 267 3335 modi
289 3271 516 3354 parochialium
540 3272 721 3333 sacerdotes
747 3270 779 3331 in
809 3270 960 3345 domibus,
979 3269 1042 3330 suis
1070 3268 1209 3330 habeant

181 3384 277 3458 aleas,
297 3384 350 3446 uel
374 3382 495 3446 taxillos
517 3382 693 3444 destrictius
716 3381 904 3443 inhibemus.
919 3379 997 3469 'Filii
1018 3387 1122 3441 autem
1140 3381 1207 3441 siue

181 3496 244 3569 lille
258 3497 471 3578 predictorum
492 3493 524 3554 in
539 3492 655 3554 lamilia
670 3491 738 3554 siue
754 3486 918 3563 famulatu,
939 3510 996 3552 seu
1012 3509 1067 3571 pro
1083 3489 1206 3553 familiis

181 3608 306 3671 maioris
327 3609 474 3681 ecclesie,
502 3605 551 3667 cui
573 3613 645 3668 sunt
667 3603 833 3666 inmediate
855 3601 985 3664 subiecti
1013 3602 1206 3684 redigantur,

181 3739 219 3783 ac
233 3720 331 3782 eciam
347 3728 520 3782 teneantur.

265 3829 329 3914 (10)
351 3830 556 3893 Prohibemus
579 3849 706 3910 quoque
727 3848 767 3889 ne
788 3825 998 3890 archidiaconi
1019 3833 1049 3888 et
1071 3825 1121 3888 alii
1141 3845 1210 3890 rec-

181 3952 265 4010 tores
278 3941 481 4007 ccclesiarum
494 3941 581 4004 laicis
594 3940 644 4002 uel
656 3939 779 4002 clericis
793 3939 929 4001 uxoratis
944 3957 1016 4000 suas
1028 3944 1210 4021 presumant

182 4055 376 4123 committere
396 4054 528 4130 uiarias;
550 4060 582 4118 et
602 4053 643 4116 ad
664 4052 723 4113 hoo
739 4051 813 4114 dicti
828 4050 1040 4114 archidiaconi
1063 4059 1094 4112 et
1108 4048 1209 4111 eccle·

181 4170 299 4251 simum
319 4173 456 4235 rectores
479 4186 536 4264 per
553 4164 791 4266 suspensionem
812 4162 925 4240 officii,
947 4170 978 4226 et
994 4159 1209 4247 priuaciooem

890 4260 961 4337 'bl
