2798 4764
228 338 289 402 tii
337 348 453 403 rnen
476 354 547 402 runs
567 355 715 400 ernssrts
737 354 1013 401 concucurrerunt.
1055 336 1146 400 tm.

231 531 339 573 omncs
361 530 469 572 causas
488 509 570 572 inter·
588 510 671 591 ipsos
694 517 777 572 crtus
796 511 828 572 in
850 511 977 592 propria
995 528 1131 591 persona
1152 519 1261 572 nostra

230 624 447 696 iudicabimus,
467 630 519 684 aut
535 622 655 685 uillicus
671 622 826 704 ipsorum,
842 643 935 704 quern
951 619 1032 684 inter
1046 642 1080 683 se
1095 620 1262 704 elegerunt

231 743 375 798 teneatur
389 735 538 797 iudicare.

195 873 199 881 ¹
313 850 370 922 (ἓ)
392 848 540 909 Preterea
559 847 598 909 de
621 847 742 927 integr-n
763 846 850 907 curia
872 866 928 926 per
943 845 1092 907 circutum
1108 845 1180 909 unni
1201 867 1260 928 pru

230 959 367 1039 terragio
390 956 515 1019 soluere
541 957 675 1018 debeant
701 957 862 1019 dimidium
885 957 1054 1030 fertonem,
1082 958 1260 1038 partemin

231 1069 349 1130 octenis
360 1068 444 1130 beuti
456 1067 592 1149 Georgii,
608 1076 727 1148 partem
739 1069 859 1129 nemin
872 1070 991 1130 octenis
1004 1070 1085 1130 beuti
1098 1068 1260 1131 Michaelis

231 1179 420 1262 archangeli.

312 1293 370 1365 (3)
391 1291 423 1353 Si
438 1291 491 1373 qui
506 1298 611 1355 autem
625 1291 692 1353 siue
709 1290 826 1353 herede
842 1291 955 1353 mortui
971 1289 1097 1359 suerint.
1112 1310 1163 1352 res
1174 1290 1262 1370 iusc-

230 1425 300 1467 rum
316 1424 371 1484 pro
386 1403 498 1476 anima,
512 1403 578 1465 sinc
594 1404 743 1485 cognatis,
766 1403 940 1484 cuicunque
956 1401 1114 1464 notuerint
1128 1401 1258 1464 tiberem

229 1518 368 1580 habeant
381 1515 558 1578 fucultatem
573 1515 784 1597 relinquendi.

257 1666 260 1671 -
312 1627 372 1703 (i)
393 1629 428 1687 ln
448 1626 663 1708 legacionibus
685 1634 788 1688 autem
811 1625 934 1688 irenen
951 1626 1170 1687 debeautcum
1185 1628 1260 1686 mis·

230 1740 318 1803 sione
334 1738 386 1800 uel
400 1745 549 1818 precepto
564 1737 712 1810 aliorum,
734 1736 795 1799 nisi
810 1736 944 1818 receptis
959 1737 1068 1798 titteris
1084 1738 1209 1799 nostris.

313 1853 372 1926 (ὃ)
401 1852 477 1912 item
503 1850 642 1912 senetum
669 1871 725 1932 pro
751 1851 902 1912 arundine
929 1849 1007 1912 nitra
1031 1850 1098 1931 vcg
1122 1849 1258 1911 fulcaudi

230 1963 368 2026 habeant
381 1981 439 2044 pro
454 1982 489 2024 se
503 1961 580 2042 ipsis
594 1960 785 2024 facultatem.

314 2075 370 2149 (6)
393 2074 470 2135 item
491 2073 522 2133 in
545 2073 633 2153 aquis
655 2093 724 2135 cum
746 2073 885 2154 ipsorum
906 2073 1052 2135 maneriis
1068 2093 1259 2155 quocunque

230 2184 388 2247 noluerint
402 2184 534 2245 liberum
549 2183 686 2246 habeant
701 2183 863 2245 transitum
879 2193 910 2246 et
924 2203 1078 2245 securum.

312 2301 371 2370 (7)
393 2299 470 2359 Item
482 2297 618 2358 decimes
633 2296 772 2378 ipsorum
789 2296 1027 2358 decimctcribus
1041 2316 1099 2377 pro
1115 2304 1257 2377 tempore

228 2411 402 2473 constitutis
417 2409 542 2471 soluere
559 2409 694 2470 debeant
709 2427 780 2469 curn
795 2408 937 2490 frugibus
952 2408 983 2468 in
999 2407 1174 2488 manipulis.

307 2523 346 2584 Et
362 2532 395 2583 ut
408 2521 467 2582 hec
482 2518 633 2602 premisse
647 2520 744 2580 robur
760 2528 909 2599 perpetue
925 2519 1086 2580 obtineant
1103 2518 1256 2580 firmitatis

227 2644 368 2697 nostrum
393 2633 595 2694 concedimus
619 2631 820 2713 priuilegium
845 2630 936 2713 sigttti
962 2632 1059 2693 nostri
1084 2631 1257 2693 munimine

227 2746 418 2807 roboratum.
440 2745 546 2804 datum
562 2742 593 2802 in
609 2744 789 2815 liemarum,
811 2742 889 2803 ser-iu
905 2743 1012 2824 quintu
1030 2743 1170 2823 proximu
1184 2752 1258 2822 pust

227 2855 402 2938 quindenus
428 2873 520 2935 pasce
545 2854 671 2915 domiui.
716 2874 797 2916 nnuc
821 2863 923 2916 curtem
948 2853 1065 2914 (lumini
1092 2851 1257 2915 miiiesimc

228 2966 443 3030 ducentesimo
464 2963 617 3026 Lxxvlt.
