2798 4764
417 330 442 374 s.
456 332 597 376 morsali
619 333 709 376 neers
732 333 897 379 necnorau
919 337 940 380 r.
1131 322 1190 385 331

164 485 316 566 accipiant
339 483 508 557 decimam,
537 482 639 546 liberti
664 505 741 546 uero
763 487 942 569 quicunque
968 490 1117 572 episcopa
1140 490 1191 552 uel

162 599 265 660 comiti
281 597 478 669 adbeserint,
500 598 580 658 sicut
595 596 640 658 eis
658 597 808 677 placuerit
830 598 872 658 ita
889 598 1074 674 habeantur,
1104 602 1190 668 salua

162 720 264 772 tomen
287 709 438 770 libertate.
468 709 521 789 qui
545 718 648 769 autem
670 709 855 786 eriiancipati
872 709 1004 781 suerint,
1027 731 1064 770 co
1081 721 1188 776 tenore

161 833 262 885 tamen
279 830 312 883 ut
327 821 458 882 ecclesie
475 821 631 892 seraiant,
651 819 709 900 ipsi
725 820 839 880 nemini
857 822 914 881 nisi
931 822 998 881 salo
1014 824 1189 902 presbitero

159 935 385 996 administrent.

241 1043 300 1124 (32)
314 1046 356 1104 De
368 1046 467 1104 carnis
477 1045 654 1103 dimissione.
672 1043 837 1103 Statutum:
850 1043 902 1125 qui
913 1044 1102 1124 Ungarorum
1113 1065 1189 1106 can·

158 1157 316 1220 suetudini
331 1155 468 1236 legitime
485 1156 663 1216 consentire
683 1156 856 1227 noluerint,
881 1156 999 1217 scilicet
1023 1167 1187 1239 postquam

159 1271 270 1351 Uogari
291 1289 403 1330 carnes
419 1267 617 1338 dimiserunt,
640 1267 699 1347 ipsi
714 1267 827 1327 iterum
845 1268 874 1327 in
890 1270 1027 1329 secunda
1044 1279 1075 1330 et
1091 1270 1187 1333 tercia

158 1381 235 1442 seria
258 1381 468 1451 comederint,
498 1378 524 1440 si
551 1399 584 1440 sc
608 1390 714 1440 nostre
736 1380 957 1441 consuetudini
983 1381 1102 1443 meliori
1123 1403 1187 1444 non

158 1494 334 1556 consentire
356 1492 506 1564 dixerint,
528 1510 717 1571 quocunque
742 1489 897 1553 noluerint
920 1512 958 1552 eo
981 1493 1107 1555 uadaut.
1132 1514 1187 1574 pe·

157 1607 280 1667 cuniam
305 1625 382 1666 uero
407 1624 499 1685 quam
528 1603 579 1664 bio
601 1603 812 1683 acquisierunt
833 1604 882 1663 hic
903 1604 1097 1686 relinquant,
1126 1606 1187 1668 nisi

156 1718 236 1780 torte
251 1717 453 1797 resipuerint,
476 1725 507 1776 et
521 1735 630 1776 carnes
647 1714 810 1775 nobiscum
828 1715 1011 1778 dimiserint.

239 1828 306 1909 (33)
331 1830 373 1888 De
394 1831 477 1889 illata
499 1829 642 1887 aiolcncia
662 1830 788 1906 airpiaia
808 1831 854 1888 ael
877 1831 1017 1890 mulieris.
1062 1830 1094 1891 si
1114 1829 1184 1911 quis

156 1942 205 2004 uel
230 1940 341 2022 uirgini
364 1938 414 2001 uel
435 1939 555 1999 mulieri
578 1939 616 1999 de
639 1938 713 1999 uilla
735 1939 766 1998 in
787 1938 893 1999 uillam
915 1942 1000 2001 cunti
1022 1940 1086 2001 uim
1102 1940 1184 2003 intu-

155 2054 241 2126 lerit,
262 2060 412 2134 quantum
429 2070 484 2131 pro
499 2051 669 2111 homicidio
686 2052 869 2112 tantundem
886 2053 1032 2131 peniteat.

237 2163 302 2245 [at]
328 2166 368 2223 lle
383 2165 578 2223 deciniacione
600 2182 736 2242 pecorum
755 2165 785 2222 in
805 2165 864 2222 alia
880 2165 1047 2243 episcopata
1060 2185 1182 2226 nascen-

153 2279 240 2337 ciam.
284 2276 431 2356 Episcopi
454 2275 505 2355 qui
528 2273 772 2336 decimacionem
798 2293 948 2353 pecorum
967 2274 998 2333 in
1018 2273 1078 2334 alio
1100 2273 1184 2354 epis·

155 2396 268 2468 copatu
282 2386 453 2466 accipiunt,
477 2385 604 2454 terciam
628 2393 747 2463 partem
770 2384 952 2464 presbiteris
972 2384 1004 2444 in
1026 2404 1083 2446 suo
1100 2385 1183 2466 epis-

155 2507 268 2580 copatu
285 2497 481 2557 manentibus
498 2495 643 2556 tribuant.

236 2607 302 2689 (35)
323 2609 367 2668 De
381 2609 580 2686 satisfactione
601 2609 782 2668 meretricum
806 2610 850 2668 ael
864 2611 1036 2687 striparam.
1080 2609 1183 2670 Mere-

154 2720 246 2784 trices
268 2730 298 2781 et
312 2720 424 2801 strigo,
446 2718 618 2780 secuudum
635 2719 719 2800 quod
735 2719 883 2801 episcopo
899 2720 979 2781 iuste
995 2720 1098 2781 uisum
1113 2719 1182 2781 lue·

155 2830 209 2905 rit,
231 2833 273 2893 ita
292 2831 509 2892 diiudicentur.

236 2941 300 3023 (36)
323 2945 365 3004 Dc
379 2946 515 3004 abbatam
531 2947 576 3005 ael
591 2947 726 3006 monachi
748 2948 842 3007 occulo
858 2966 925 3026 erpa
941 2965 1035 3025 repam
1049 2949 1094 3007 uel
1108 2948 1182 3027 epia·

155 3075 267 3134 copem.
311 3054 341 3115 si
363 3056 528 3136 contigerit
550 3077 656 3138 regem
680 3057 730 3118 uel
752 3059 936 3139 episcopum
955 3059 994 3119 ad
1010 3057 1182 3140 quamlibet

154 3168 313 3228 abbaciam
336 3168 462 3240 uenire,
484 3168 580 3230 abbas
596 3179 628 3231 et
647 3170 791 3230 inariacbi
814 3172 854 3230 ad
874 3170 957 3250 regis
972 3169 1024 3230 uel
1040 3170 1180 3250 episcopi

155 3271 296 3340 osculum
323 3299 385 3339 aian
412 3279 561 3340 accedant
585 3280 617 3339 in
642 3280 791 3353 ecclesia,
816 3282 873 3342 sed
898 3279 1017 3360 egressi
1038 3279 1071 3339 in
1096 3276 1180 3338 clau·

154 3399 267 3463 strum,
289 3391 454 3452 ordinatim
470 3399 596 3463 stantes,
618 3392 699 3472 regis
717 3392 767 3452 uel
783 3391 922 3473 episcopi
945 3389 1086 3453 osculum
1110 3409 1181 3469 pre·

154 3502 316 3564 stolentur.
347 3525 453 3584 regem
474 3512 578 3563 autem
595 3501 646 3563 uel
662 3504 845 3584 episcopum
861 3523 930 3562 cum
946 3511 1023 3582 quot
1036 3511 1068 3563 ct
1081 3499 1182 3583 quali·

153 3614 209 3675 bus
226 3615 285 3676 sibi
301 3616 466 3695 placuerit,
489 3615 585 3676 abbas
600 3614 768 3675 claustrum
784 3616 899 3675 intrare
915 3613 1083 3694 permittat.

236 3726 301 3808 (37)
324 3729 368 3789 Dc
382 3730 559 3789 salutacione
574 3731 686 3790 abbatia
701 3731 745 3789 act
759 3728 894 3788 monachi
914 3729 1005 3787 euntia
1020 3729 1060 3787 ad
1073 3747 1179 3807 repom.

153 3840 184 3900 Si
200 3846 302 3900 autem
318 3841 483 3922 contigerit
500 3840 645 3904 abbatem
668 3839 717 3899 uel
738 3838 924 3899 monachum
941 3837 980 3898 ad
996 3839 1114 3899 curiam
1130 3858 1180 3901 re·

153 3951 200 4033 gis
216 3951 341 4023 uenire,
363 3952 394 4012 in
410 3951 543 4015 ecclesia
559 3951 610 4014 dei
626 3952 665 4013 ad
679 3950 879 4012 salutandum
900 3970 1008 4032 regem
1029 3970 1092 4011 uon
1113 3957 1179 4022 eat,

152 4063 208 4124 sed
224 4073 390 4144 postquam
405 4064 537 4126 exiuerit
552 4064 590 4125 de
607 4062 757 4138 ecclesia,
775 4061 808 4127 in
822 4064 915 4130 domo
931 4061 982 4129 uel
997 4062 1028 4122 in
1043 4060 1178 4122 tentorio

152 4172 363 4240 saluteteum.
