2798 4764
178 331 290 379 mam
303 333 349 377 ιιι.
363 332 391 376 r.
403 332 436 377 u.
452 331 660 377 courraunrro
675 333 786 377 srsonr
801 332 1014 380 srrnrrrnsrs.
1034 317 1123 382 1186.
1144 319 1204 384 391

258 479 307 564 (o)
329 485 367 546 El
386 485 459 567 quia
482 485 570 547 multi
594 485 708 565 passim
731 485 876 568 legitimis
898 488 1047 550 uxoribus
1071 488 1205 552 dimissis

175 597 443 678 superinducunt
463 597 553 670 alias
575 597 721 670 statuisti,
741 606 774 659 ut
795 598 907 680 siquis
929 598 1056 660 dimissa
1078 601 1206 682 propria

177 730 274 772 uxore
290 710 446 792 acceperit
461 709 567 783 aliam,
590 710 648 770 nisi
672 710 696 772 si
712 711 901 783 correxerit,
923 712 1029 772 necin
1045 713 1126 785 uita,
1146 731 1205 777 nec

175 822 207 883 in
223 831 322 884 morte
340 823 517 905 sepultura,
540 822 590 883 uel
606 821 665 883 alia
682 823 709 883 ei
725 831 918 884 sacramenia
933 824 1164 904 impendantur.

259 930 325 1013 (10)
348 934 440 1008 Quod
460 934 558 995 eciam
579 934 618 994 de
643 934 841 1014 imponendis
867 934 995 995 decimis
1021 935 1204 1012 decreuisti,

176 1045 373 1108 decernimus
388 1045 633 1107 obseruandum.

258 1153 326 1238 (ll)
349 1156 427 1218 lllud
448 1175 544 1229 uero,
569 1155 654 1237 quod
679 1155 719 1219 de
742 1156 908 1230 usurariis,
931 1159 1020 1220 etde
1042 1166 1205 1222 contractu

176 1267 362 1330 matrimonii
378 1277 449 1329 ante
466 1268 605 1348 quintam
620 1269 905 1351 consanguinitatis,
929 1269 978 1333 uel
995 1269 1152 1332 affinitatis
1167 1271 1205 1332 li·

176 1399 266 1442 neam
290 1378 439 1453 statuisti;
466 1399 504 1441 ne
528 1380 694 1442 uideantur
716 1381 747 1440 in
772 1379 839 1441 aliis
863 1381 1010 1462 gradibus
1032 1381 1204 1464 indulgeri,

175 1511 238 1553 non
254 1491 451 1554 decernimus
470 1491 731 1567 confirmandum,
753 1491 804 1554 uel
819 1511 947 1555 usuram
962 1493 994 1554 in
1009 1491 1114 1575 aliquo
1129 1510 1203 1557 casu

177 1604 322 1686 permitti.

258 1715 322 1797 (12)
346 1718 490 1779 Preterea
507 1717 633 1779 uinculo
649 1718 856 1780 anathematis
872 1718 1045 1791 innodasti,
1068 1719 1121 1800 qui
1136 1718 1204 1782 aul'-

175 1828 271 1890 serret
286 1827 417 1890 ecclesie
432 1828 595 1910 priuilegia
613 1828 661 1889 uel
679 1849 716 1890 ex
731 1830 777 1890 eis
793 1828 866 1891 utile
883 1829 1008 1911 aliquod
1024 1848 1063 1891 ex
1078 1850 1134 1892 sua
1145 1829 1204 1893 ini·

175 1943 293 2024 quitate
314 1942 478 2004 abradunt.
508 1943 593 2024 quod
609 1942 736 2023 quidem
758 1943 922 2004 obseruari
942 1942 1094 2005 iubemus.

257 2054 423 2136 Reliquum
448 2074 524 2114 uero
541 2053 681 2134 capituli,
705 2062 737 2116 nt
752 2054 915 2127 uidelicet,
938 2056 1116 2137 quicunque
1136 2076 1204 2118 rem

175 2166 338 2239 mobilem,
361 2166 411 2227 uel
431 2165 622 2227 immobilem
646 2165 778 2227 ecclesie
801 2166 965 2239 auserunt,
987 2176 1018 2228 et
1037 2168 1204 2248 presertim

175 2278 307 2343 ecclesie
329 2300 354 2340 s.
367 2277 596 2351 Bartholomei,
619 2278 730 2339 eadem
750 2298 833 2359 pena
850 2279 1040 2360 plectantur:
1063 2279 1137 2359 quia
1155 2277 1203 2339 ni·

174 2392 270 2452 mium
290 2391 446 2452 seruitatis
468 2410 537 2451 esse
560 2390 695 2461 uidetur,
718 2409 780 2450 non
797 2388 994 2450 decernimus
1015 2388 1203 2450 confirman-

174 2503 265 2577 dum3
296 2502 440 2564 nolentes
463 2511 568 2564 tamen
589 2501 763 2563 auctoritati
785 2509 837 2562 tue
858 2519 916 2582 per
929 2501 990 2561 boc
1006 2501 1204 2583 aliquatenus

174 2616 330 2697 derogari.

255 2728 336 2789 Nulli
357 2728 453 2811 igitur
468 2727 629 2789 bominum
649 2726 744 2790 liceat
763 2725 843 2788 banc
863 2724 1010 2808 paginam
1031 2725 1201 2807 infringere

173 2847 279 2903 nostre
296 2839 560 2913 confirmacionis,
582 2839 633 2902 uel
649 2839 678 2902 ei
693 2859 772 2902 ausu
788 2839 955 2902 temerario
971 2840 1137 2902 contraire.
1168 2838 1201 2903 Si

173 2959 242 3039 quis
257 2963 361 3017 autem
376 2954 437 3016 hoc
454 2963 638 3036 attemptare
654 2952 850 3034 presumerit,
867 2953 1119 3035 indignacionem
1134 2971 1202 3013 om·

173 3068 344 3150 nipotentis
356 3067 406 3129 dei
422 3075 453 3129 et
468 3067 629 3128 beatorum
646 3065 728 3128 Petri
744 3074 775 3128 et
792 3064 877 3128 Pauli
894 3065 1106 3146 apostolorum
1124 3062 1202 3137 eius,

176 3203 209 3246 se
225 3180 350 3244 nouerit
365 3181 570 3241 incursurum.
595 3181 709 3241 llatum
725 3180 847 3242 Uerone
870 3178 889 3239 3
912 3178 984 3239 ldus
1005 3174 1201 3238 Nouembris.
