<?xml version="1.0" encoding="UTF-8"?>
<!DOCTYPE html PUBLIC "-//W3C//DTD XHTML 1.0 Transitional//EN"
    "http://www.w3.org/TR/xhtml1/DTD/xhtml1-transitional.dtd">
<html xmlns="http://www.w3.org/1999/xhtml" xml:lang="en" lang="en">
 <head>
  <title>
</title>
<meta http-equiv="Content-Type" content="text/html;charset=utf-8" />
  <meta name='ocr-system' content='tesseract 3.04.00' />
  <meta name='ocr-capabilities' content='ocr_page ocr_carea ocr_par ocr_line ocrx_word'/>
</head>
<body>
  <div class='ocr_page' id='page_1' title='image "./rerumhungaricar00endlgoog/rerumhungaricar00endlgoog_0598.png"; bbox 0 0 2798 4764; ppageno 0'>
   <div class='ocr_carea' id='block_1_1' title="bbox 328 366 1205 438">
    <p class='ocr_par' dir='ltr' id='par_1_1' title="bbox 328 366 1205 438">
     <span class='ocr_line' id='line_1_1' title="bbox 328 366 1205 438; baseline 0 0"><span class='ocrx_word' id='word_1_1' title='bbox 328 382 590 438; x_wconf 79' lang='lat' dir='ltr'><strong>cossarrunonrs</strong></span> <span class='ocrx_word' id='word_1_2' title='bbox 613 386 748 436; x_wconf 84' lang='lat' dir='ltr'><strong>sruonns</strong></span> <span class='ocrx_word' id='word_1_3' title='bbox 768 385 924 438; x_wconf 74' lang='lat' dir='ltr'><strong>nonensis</strong></span> <span class='ocrx_word' id='word_1_4' title='bbox 966 368 1056 438; x_wconf 72' lang='lat' dir='ltr'><strong>aare.</strong></span> <span class='ocrx_word' id='word_1_5' title='bbox 1141 366 1205 437; x_wconf 70' lang='grc'><strong>589</strong></span> 
     </span>
    </p>
   </div>
   <div class='ocr_carea' id='block_1_2' title="bbox 110 543 1274 4284">
    <p class='ocr_par' dir='ltr' id='par_1_2' title="bbox 110 543 1274 3960">
     <span class='ocr_line' id='line_1_2' title="bbox 179 543 1201 628; baseline -0.001 -19"><span class='ocrx_word' id='word_1_6' title='bbox 179 546 229 609; x_wconf 93' lang='lat' dir='ltr'><strong>uel</strong></span> <span class='ocrx_word' id='word_1_7' title='bbox 245 554 451 628; x_wconf 86' lang='lat' dir='ltr'><strong>extorquere,</strong></span> <span class='ocrx_word' id='word_1_8' title='bbox 473 552 526 609; x_wconf 93' lang='lat' dir='ltr'><strong>aut</strong></span> <span class='ocrx_word' id='word_1_9' title='bbox 540 566 654 627; x_wconf 80' lang='lat' dir='ltr'>capere</span> <span class='ocrx_word' id='word_1_10' title='bbox 670 555 755 608; x_wconf 91' lang='lat' dir='ltr'><strong>motu</strong></span> <span class='ocrx_word' id='word_1_11' title='bbox 770 546 911 628; x_wconf 92' lang='lat' dir='ltr'><strong>proprio,</strong></span> <span class='ocrx_word' id='word_1_12' title='bbox 931 543 984 609; x_wconf 93' lang='lat' dir='ltr'><strong>uel</strong></span> <span class='ocrx_word' id='word_1_13' title='bbox 1002 546 1145 627; x_wconf 86' lang='lat' dir='ltr'><strong>occipere</strong></span> <span class='ocrx_word' id='word_1_14' title='bbox 1160 543 1201 608; x_wconf 86' lang='lat' dir='ltr'><strong>de</strong></span> 
     </span>
     <span class='ocr_line' id='line_1_3' title="bbox 177 652 1204 732; baseline 0 -14"><span class='ocrx_word' id='word_1_15' title='bbox 177 653 268 720; x_wconf 89' lang='lat' dir='ltr'><strong>bonis</strong></span> <span class='ocrx_word' id='word_1_16' title='bbox 290 657 456 719; x_wconf 80' lang='lat' dir='ltr'><strong>mobilibus</strong></span> <span class='ocrx_word' id='word_1_17' title='bbox 478 659 528 720; x_wconf 88' lang='lat' dir='ltr'><strong>uel</strong></span> <span class='ocrx_word' id='word_1_18' title='bbox 553 658 772 732; x_wconf 89' lang='lat' dir='ltr'><strong>immobilibus,</strong></span> <span class='ocrx_word' id='word_1_19' title='bbox 794 667 846 721; x_wconf 90' lang='lat' dir='ltr'><strong>aut</strong></span> <span class='ocrx_word' id='word_1_20' title='bbox 867 678 901 721; x_wconf 88' lang='lat' dir='ltr'><strong>se</strong></span> <span class='ocrx_word' id='word_1_21' title='bbox 922 658 1130 731; x_wconf 89' lang='lat' dir='ltr'><strong>mouentibus,</strong></span> <span class='ocrx_word' id='word_1_22' title='bbox 1150 652 1204 720; x_wconf 91' lang='lat' dir='ltr'><strong>uel</strong></span> 
     </span>
     <span class='ocr_line' id='line_1_4' title="bbox 178 768 1204 849; baseline 0.001 -19"><span class='ocrx_word' id='word_1_23' title='bbox 178 769 216 831; x_wconf 90' lang='lat' dir='ltr'><strong>de</strong></span> <span class='ocrx_word' id='word_1_24' title='bbox 239 769 356 830; x_wconf 91' lang='lat' dir='ltr'><strong>iuribus</strong></span> <span class='ocrx_word' id='word_1_25' title='bbox 380 768 639 831; x_wconf 76' lang='lat' dir='ltr'><strong>monasteriorum</strong></span> <span class='ocrx_word' id='word_1_26' title='bbox 662 778 715 832; x_wconf 89' lang='lat' dir='ltr'><strong>aut</strong></span> <span class='ocrx_word' id='word_1_27' title='bbox 736 768 940 831; x_wconf 90' lang='lat' dir='ltr'><strong>ecclesiarum</strong></span> <span class='ocrx_word' id='word_1_28' title='bbox 959 769 1115 849; x_wconf 89' lang='lat' dir='ltr'><strong>ipsarum,</strong></span> <span class='ocrx_word' id='word_1_29' title='bbox 1142 785 1204 831; x_wconf 86' lang='lat' dir='ltr'><strong>nec</strong></span> 
     </span>
     <span class='ocr_line' id='line_1_5' title="bbox 177 879 1203 962; baseline -0.003 -19"><span class='ocrx_word' id='word_1_30' title='bbox 177 882 209 943; x_wconf 94' lang='lat' dir='ltr'><strong>in</strong></span> <span class='ocrx_word' id='word_1_31' title='bbox 230 880 275 943; x_wconf 85' lang='lat' dir='ltr'><strong>eis</strong></span> <span class='ocrx_word' id='word_1_32' title='bbox 294 889 432 943; x_wconf 82' lang='lat' dir='ltr'><strong>statuere</strong></span> <span class='ocrx_word' id='word_1_33' title='bbox 455 879 573 962; x_wconf 89' lang='lat' dir='ltr'><strong>aliquas</strong></span> <span class='ocrx_word' id='word_1_34' title='bbox 590 881 763 962; x_wconf 81' lang='lat' dir='ltr'><strong>prelaturas</strong></span> <span class='ocrx_word' id='word_1_35' title='bbox 778 901 833 942; x_wconf 90' lang='lat' dir='ltr'><strong>sen</strong></span> <span class='ocrx_word' id='word_1_36' title='bbox 850 882 948 943; x_wconf 89' lang='lat' dir='ltr'><strong>eciam</strong></span> <span class='ocrx_word' id='word_1_37' title='bbox 963 881 1122 952; x_wconf 88' lang='lat' dir='ltr'><strong>rectorias,</strong></span> <span class='ocrx_word' id='word_1_38' title='bbox 1142 896 1203 942; x_wconf 89' lang='lat' dir='ltr'><strong>nee</strong></span> 
     </span>
     <span class='ocr_line' id='line_1_6' title="bbox 178 990 1204 1073; baseline 0 -20"><span class='ocrx_word' id='word_1_39' title='bbox 178 1010 342 1053; x_wconf 90' lang='lat' dir='ltr'><strong>remouere</strong></span> <span class='ocrx_word' id='word_1_40' title='bbox 357 992 424 1053; x_wconf 90' lang='lat' dir='ltr'><strong>siue</strong></span> <span class='ocrx_word' id='word_1_41' title='bbox 439 990 635 1073; x_wconf 80' lang='lat' dir='ltr'><strong>supprimere</strong></span> <span class='ocrx_word' id='word_1_42' title='bbox 649 991 702 1053; x_wconf 92' lang='lat' dir='ltr'><strong>uel</strong></span> <span class='ocrx_word' id='word_1_43' title='bbox 715 992 811 1054; x_wconf 89' lang='lat' dir='ltr'><strong>eciam</strong></span> <span class='ocrx_word' id='word_1_44' title='bbox 827 1011 979 1054; x_wconf 90' lang='lat' dir='ltr'><strong>reuocare</strong></span> <span class='ocrx_word' id='word_1_45' title='bbox 994 997 1134 1064; x_wconf 89' lang='lat' dir='ltr'><strong>statutas,</strong></span> <span class='ocrx_word' id='word_1_46' title='bbox 1144 1006 1204 1053; x_wconf 77' lang='lat' dir='ltr'><strong>nec</strong></span> 
     </span>
     <span class='ocr_line' id='line_1_7' title="bbox 178 1078 1274 1183; baseline -0.002 -20"><span class='ocrx_word' id='word_1_47' title='bbox 178 1102 217 1164; x_wconf 89' lang='lat' dir='ltr'><strong>de</strong></span> <span class='ocrx_word' id='word_1_48' title='bbox 232 1101 307 1182; x_wconf 88' lang='lat' dir='ltr'><strong>ipsis</strong></span> <span class='ocrx_word' id='word_1_49' title='bbox 324 1101 522 1163; x_wconf 87' lang='lat' dir='ltr'><strong>monasteriis</strong></span> <span class='ocrx_word' id='word_1_50' title='bbox 536 1102 588 1163; x_wconf 90' lang='lat' dir='ltr'><strong>uel</strong></span> <span class='ocrx_word' id='word_1_51' title='bbox 604 1101 745 1164; x_wconf 88' lang='lat' dir='ltr'><strong>eeclesiis</strong></span> <span class='ocrx_word' id='word_1_52' title='bbox 760 1111 814 1164; x_wconf 93' lang='lat' dir='ltr'><strong>ant</strong></span> <span class='ocrx_word' id='word_1_53' title='bbox 828 1078 1054 1183; x_wconf 84' lang='lat' dir='ltr'><strong>temporalibus</strong></span> <span class='ocrx_word' id='word_1_54' title='bbox 1069 1121 1126 1163; x_wconf 92' lang='lat' dir='ltr'><strong>seu</strong></span> <span class='ocrx_word' id='word_1_55' title='bbox 1141 1099 1206 1182; x_wconf 84' lang='lat' dir='ltr'><strong>spi·</strong></span> <span class='ocrx_word' id='word_1_56' title='bbox 1272 1166 1274 1170; x_wconf 7' lang='grc' dir='ltr'>μ</span> 
     </span>
     <span class='ocr_line' id='line_1_8' title="bbox 178 1211 1207 1295; baseline -0.003 -19"><span class='ocrx_word' id='word_1_57' title='bbox 178 1212 350 1286; x_wconf 84' lang='lat' dir='ltr'><strong>ritualibus,</strong></span> <span class='ocrx_word' id='word_1_58' title='bbox 371 1213 422 1274; x_wconf 84' lang='lat' dir='ltr'><strong>uel</strong></span> <span class='ocrx_word' id='word_1_59' title='bbox 441 1213 560 1275; x_wconf 91' lang='lat' dir='ltr'><strong>iuribus</strong></span> <span class='ocrx_word' id='word_1_60' title='bbox 581 1214 771 1286; x_wconf 88' lang='lat' dir='ltr'><strong>eorundem,</strong></span> <span class='ocrx_word' id='word_1_61' title='bbox 800 1213 857 1276; x_wconf 90' lang='lat' dir='ltr'><strong>nisi</strong></span> <span class='ocrx_word' id='word_1_62' title='bbox 873 1222 1023 1295; x_wconf 86' lang='lat' dir='ltr'><strong>quantum</strong></span> <span class='ocrx_word' id='word_1_63' title='bbox 1040 1213 1080 1274; x_wconf 93' lang='lat' dir='ltr'><strong>ad</strong></span> <span class='ocrx_word' id='word_1_64' title='bbox 1095 1211 1207 1274; x_wconf 87' lang='lat' dir='ltr'><strong>delen·</strong></span> 
     </span>
     <span class='ocr_line' id='line_1_9' title="bbox 179 1323 1205 1410; baseline -0.001 -26"><span class='ocrx_word' id='word_1_65' title='bbox 179 1324 299 1385; x_wconf 87' lang='lat' dir='ltr'><strong>sionem</strong></span> <span class='ocrx_word' id='word_1_66' title='bbox 323 1324 517 1403; x_wconf 89' lang='lat' dir='ltr'><strong>pertineant,</strong></span> <span class='ocrx_word' id='word_1_67' title='bbox 539 1324 685 1410; x_wconf 87' lang='lat' dir='ltr'><strong>adquam</strong></span> <span class='ocrx_word' id='word_1_68' title='bbox 704 1323 829 1405; x_wconf 90' lang='lat' dir='ltr'><strong>patroni</strong></span> <span class='ocrx_word' id='word_1_69' title='bbox 846 1331 1011 1385; x_wconf 86' lang='lat' dir='ltr'><strong>teneantur</strong></span> <span class='ocrx_word' id='word_1_70' title='bbox 1026 1323 1205 1404; x_wconf 83' lang='lat' dir='ltr'><strong>disponere,</strong></span> 
     </span>
     <span class='ocr_line' id='line_1_10' title="bbox 181 1424 1205 1517; baseline -0.001 -21"><span class='ocrx_word' id='word_1_71' title='bbox 181 1442 234 1496; x_wconf 91' lang='lat' dir='ltr'><strong>aut</strong></span> <span class='ocrx_word' id='word_1_72' title='bbox 248 1433 349 1496; x_wconf 87' lang='lat' dir='ltr'><strong>eciam</strong></span> <span class='ocrx_word' id='word_1_73' title='bbox 362 1454 397 1496; x_wconf 90' lang='lat' dir='ltr'><strong>se</strong></span> <span class='ocrx_word' id='word_1_74' title='bbox 412 1434 636 1508; x_wconf 85' lang='lat' dir='ltr'><strong>intromittere,</strong></span> <span class='ocrx_word' id='word_1_75' title='bbox 656 1436 709 1498; x_wconf 93' lang='lat' dir='ltr'><strong>uel</strong></span> <span class='ocrx_word' id='word_1_76' title='bbox 724 1435 845 1517; x_wconf 90' lang='lat' dir='ltr'><strong>aliquos</strong></span> <span class='ocrx_word' id='word_1_77' title='bbox 867 1436 898 1496; x_wconf 93' lang='lat' dir='ltr'><strong>in</strong></span> <span class='ocrx_word' id='word_1_78' title='bbox 918 1434 993 1515; x_wconf 91' lang='lat' dir='ltr'><strong>ipsis</strong></span> <span class='ocrx_word' id='word_1_79' title='bbox 1008 1424 1205 1495; x_wconf 84' lang='lat' dir='ltr'><strong>monasteriis</strong></span> 
     </span>
     <span class='ocr_line' id='line_1_11' title="bbox 181 1544 1206 1625; baseline -0.003 -17"><span class='ocrx_word' id='word_1_80' title='bbox 181 1554 234 1608; x_wconf 90' lang='lat' dir='ltr'><strong>aut</strong></span> <span class='ocrx_word' id='word_1_81' title='bbox 249 1545 389 1608; x_wconf 89' lang='lat' dir='ltr'><strong>ecclesiis</strong></span> <span class='ocrx_word' id='word_1_82' title='bbox 405 1545 566 1609; x_wconf 89' lang='lat' dir='ltr'><strong>instituere</strong></span> <span class='ocrx_word' id='word_1_83' title='bbox 582 1546 633 1609; x_wconf 94' lang='lat' dir='ltr'><strong>uel</strong></span> <span class='ocrx_word' id='word_1_84' title='bbox 648 1547 835 1621; x_wconf 88' lang='lat' dir='ltr'><strong>destituere,</strong></span> <span class='ocrx_word' id='word_1_85' title='bbox 857 1546 1037 1608; x_wconf 91' lang='lat' dir='ltr'><strong>huiusmodi</strong></span> <span class='ocrx_word' id='word_1_86' title='bbox 1058 1544 1135 1606; x_wconf 90' lang='lat' dir='ltr'><strong>iuris</strong></span> <span class='ocrx_word' id='word_1_87' title='bbox 1150 1561 1206 1625; x_wconf 84' lang='lat' dir='ltr'><strong>pa·</strong></span> 
     </span>
     <span class='ocr_line' id='line_1_12' title="bbox 181 1657 1206 1740; baseline -0.004 -19"><span class='ocrx_word' id='word_1_88' title='bbox 181 1666 320 1721; x_wconf 87' lang='lat' dir='ltr'><strong>tronatus</strong></span> <span class='ocrx_word' id='word_1_89' title='bbox 343 1666 503 1739; x_wconf 85' lang='lat' dir='ltr'><strong>pretextu,</strong></span> <span class='ocrx_word' id='word_1_90' title='bbox 524 1678 712 1740; x_wconf 87' lang='lat' dir='ltr'><strong>quocunque</strong></span> <span class='ocrx_word' id='word_1_91' title='bbox 735 1658 863 1721; x_wconf 91' lang='lat' dir='ltr'><strong>inuento</strong></span> <span class='ocrx_word' id='word_1_92' title='bbox 886 1657 990 1719; x_wconf 86' lang='lat' dir='ltr'><strong>colore</strong></span> <span class='ocrx_word' id='word_1_93' title='bbox 1012 1660 1206 1739; x_wconf 87' lang='lat' dir='ltr'><strong>presumunt.</strong></span> 
     </span>
     <span class='ocr_line' id='line_1_13' title="bbox 180 1763 1206 1861; baseline -0.003 -29"><span class='ocrx_word' id='word_1_94' title='bbox 180 1770 376 1832; x_wconf 87' lang='lat' dir='ltr'><strong>decernimus</strong></span> <span class='ocrx_word' id='word_1_95' title='bbox 401 1779 505 1833; x_wconf 89' lang='lat' dir='ltr'><strong>autem</strong></span> <span class='ocrx_word' id='word_1_96' title='bbox 532 1771 670 1861; x_wconf 46' lang='lat' dir='ltr'><strong>inritum,</strong></span> <span class='ocrx_word' id='word_1_97' title='bbox 697 1778 728 1832; x_wconf 95' lang='lat' dir='ltr'><strong>et</strong></span> <span class='ocrx_word' id='word_1_98' title='bbox 747 1771 840 1832; x_wconf 87' lang='lat' dir='ltr'><strong>inane</strong></span> <span class='ocrx_word' id='word_1_99' title='bbox 863 1769 1015 1852; x_wconf 88' lang='lat' dir='ltr'><strong>quidquid</strong></span> <span class='ocrx_word' id='word_1_100' title='bbox 1038 1788 1056 1830; x_wconf 88' lang='lat' dir='ltr'><strong>a</strong></span> <span class='ocrx_word' id='word_1_101' title='bbox 1076 1763 1206 1848; x_wconf 86' lang='lat' dir='ltr'><strong>prelatis</strong></span> 
     </span>
     <span class='ocr_line' id='line_1_14' title="bbox 179 1875 1208 1962; baseline -0.006 -19"><span class='ocrx_word' id='word_1_102' title='bbox 179 1881 321 1962; x_wconf 89' lang='lat' dir='ltr'><strong>personis</strong></span> <span class='ocrx_word' id='word_1_103' title='bbox 341 1881 424 1945; x_wconf 89' lang='lat' dir='ltr'><strong>circa</strong></span> <span class='ocrx_word' id='word_1_104' title='bbox 439 1881 627 1945; x_wconf 88' lang='lat' dir='ltr'><strong>monasteria</strong></span> <span class='ocrx_word' id='word_1_105' title='bbox 641 1890 673 1944; x_wconf 88' lang='lat' dir='ltr'><strong>et</strong></span> <span class='ocrx_word' id='word_1_106' title='bbox 687 1880 837 1943; x_wconf 90' lang='lat' dir='ltr'><strong>ecclesias</strong></span> <span class='ocrx_word' id='word_1_107' title='bbox 859 1889 890 1942; x_wconf 89' lang='lat' dir='ltr'><strong>et</strong></span> <span class='ocrx_word' id='word_1_108' title='bbox 904 1879 964 1942; x_wconf 82' lang='lat' dir='ltr'><strong>alia</strong></span> <span class='ocrx_word' id='word_1_109' title='bbox 979 1879 1083 1941; x_wconf 93' lang='lat' dir='ltr'><strong>omnia</strong></span> <span class='ocrx_word' id='word_1_110' title='bbox 1097 1886 1129 1941; x_wconf 93' lang='lat' dir='ltr'><strong>et</strong></span> <span class='ocrx_word' id='word_1_111' title='bbox 1141 1875 1208 1940; x_wconf 88' lang='lat' dir='ltr'><strong>sin·</strong></span> 
     </span>
     <span class='ocr_line' id='line_1_15' title="bbox 179 1987 1207 2075; baseline -0.006 -20"><span class='ocrx_word' id='word_1_112' title='bbox 179 1992 252 2074; x_wconf 80' lang='lat' dir='ltr'><strong>gula</strong></span> <span class='ocrx_word' id='word_1_113' title='bbox 276 1993 454 2075; x_wconf 89' lang='lat' dir='ltr'><strong>supradicta</strong></span> <span class='ocrx_word' id='word_1_114' title='bbox 479 2003 587 2056; x_wconf 88' lang='lat' dir='ltr'><strong>contra</strong></span> <span class='ocrx_word' id='word_1_115' title='bbox 616 2001 759 2056; x_wconf 89' lang='lat' dir='ltr'><strong>tenorem</strong></span> <span class='ocrx_word' id='word_1_116' title='bbox 787 1992 942 2074; x_wconf 91' lang='lat' dir='ltr'><strong>presentis</strong></span> <span class='ocrx_word' id='word_1_117' title='bbox 970 1987 1207 2053; x_wconf 83' lang='lat' dir='ltr'><strong>constitucionis</strong></span> 
     </span>
     <span class='ocr_line' id='line_1_16' title="bbox 179 2097 1207 2185; baseline -0.004 -21"><span class='ocrx_word' id='word_1_118' title='bbox 179 2110 297 2164; x_wconf 89' lang='lat' dir='ltr'><strong>temere</strong></span> <span class='ocrx_word' id='word_1_119' title='bbox 318 2103 483 2185; x_wconf 80' lang='lat' dir='ltr'><strong>contigerit</strong></span> <span class='ocrx_word' id='word_1_120' title='bbox 506 2102 694 2185; x_wconf 86' lang='lat' dir='ltr'><strong>attemptari.</strong></span> <span class='ocrx_word' id='word_1_121' title='bbox 721 2102 872 2184; x_wconf 88' lang='lat' dir='ltr'><strong>perhanc</strong></span> <span class='ocrx_word' id='word_1_122' title='bbox 894 2110 997 2164; x_wconf 91' lang='lat' dir='ltr'><strong>autem</strong></span> <span class='ocrx_word' id='word_1_123' title='bbox 1014 2097 1207 2163; x_wconf 87' lang='lat' dir='ltr'><strong>deolaraeio-</strong></span> 
     </span>
     <span class='ocr_line' id='line_1_17' title="bbox 180 2212 1204 2295; baseline -0.001 -22"><span class='ocrx_word' id='word_1_124' title='bbox 180 2232 251 2274; x_wconf 88' lang='lat' dir='ltr'><strong>nem</strong></span> <span class='ocrx_word' id='word_1_125' title='bbox 268 2221 298 2275; x_wconf 94' lang='lat' dir='ltr'><strong>et</strong></span> <span class='ocrx_word' id='word_1_126' title='bbox 310 2215 570 2277; x_wconf 81' lang='lat' dir='ltr'><strong>constitucionem</strong></span> <span class='ocrx_word' id='word_1_127' title='bbox 587 2215 705 2277; x_wconf 92' lang='lat' dir='ltr'><strong>nullum</strong></span> <span class='ocrx_word' id='word_1_128' title='bbox 721 2213 805 2276; x_wconf 88' lang='lat' dir='ltr'><strong>ueris</strong></span> <span class='ocrx_word' id='word_1_129' title='bbox 820 2214 958 2295; x_wconf 84' lang='lat' dir='ltr'><strong>p‘atronis</strong></span> <span class='ocrx_word' id='word_1_130' title='bbox 972 2233 1068 2294; x_wconf 87' lang='lat' dir='ltr'><strong>super</strong></span> <span class='ocrx_word' id='word_1_131' title='bbox 1082 2212 1130 2273; x_wconf 89' lang='lat' dir='ltr'><strong>his</strong></span> <span class='ocrx_word' id='word_1_132' title='bbox 1141 2230 1204 2293; x_wconf 90' lang='lat' dir='ltr'><strong>que</strong></span> 
     </span>
     <span class='ocr_line' id='line_1_18' title="bbox 180 2324 1206 2407; baseline -0.001 -22"><span class='ocrx_word' id='word_1_133' title='bbox 180 2325 237 2385; x_wconf 92' lang='lat' dir='ltr'><strong>sibi</strong></span> <span class='ocrx_word' id='word_1_134' title='bbox 253 2334 443 2406; x_wconf 87' lang='lat' dir='ltr'><strong>competunt,</strong></span> <span class='ocrx_word' id='word_1_135' title='bbox 465 2326 495 2387; x_wconf 96' lang='lat' dir='ltr'><strong>id</strong></span> <span class='ocrx_word' id='word_1_136' title='bbox 510 2334 558 2387; x_wconf 92' lang='lat' dir='ltr'><strong>est</strong></span> <span class='ocrx_word' id='word_1_137' title='bbox 572 2325 647 2387; x_wconf 89' lang='lat' dir='ltr'><strong>iuris</strong></span> <span class='ocrx_word' id='word_1_138' title='bbox 667 2333 859 2407; x_wconf 91' lang='lat' dir='ltr'><strong>patronatus,</strong></span> <span class='ocrx_word' id='word_1_139' title='bbox 880 2324 1087 2406; x_wconf 90' lang='lat' dir='ltr'><strong>preiudieium</strong></span> <span class='ocrx_word' id='word_1_140' title='bbox 1109 2341 1206 2405; x_wconf 78' lang='lat' dir='ltr'><strong>gene·</strong></span> 
     </span>
     <span class='ocr_line' id='line_1_19' title="bbox 181 2432 1208 2518; baseline -0.001 -21"><span class='ocrx_word' id='word_1_141' title='bbox 181 2444 276 2497; x_wconf 91' lang='lat' dir='ltr'><strong>retur.</strong></span> <span class='ocrx_word' id='word_1_142' title='bbox 302 2435 383 2517; x_wconf 85' lang='lat' dir='ltr'><strong>siqui</strong></span> <span class='ocrx_word' id='word_1_143' title='bbox 407 2455 484 2497; x_wconf 90' lang='lat' dir='ltr'><strong>uero</strong></span> <span class='ocrx_word' id='word_1_144' title='bbox 499 2455 688 2518; x_wconf 88' lang='lat' dir='ltr'><strong>quacunque</strong></span> <span class='ocrx_word' id='word_1_145' title='bbox 709 2436 947 2518; x_wconf 87' lang='lat' dir='ltr'><strong>presumpcione</strong></span> <span class='ocrx_word' id='word_1_146' title='bbox 967 2444 1075 2498; x_wconf 88' lang='lat' dir='ltr'><strong>contra</strong></span> <span class='ocrx_word' id='word_1_147' title='bbox 1091 2432 1208 2496; x_wconf 87' lang='lat' dir='ltr'><strong>cousti-</strong></span> 
     </span>
     <span class='ocr_line' id='line_1_20' title="bbox 180 2544 1207 2611; baseline -0.001 -3"><span class='ocrx_word' id='word_1_148' title='bbox 180 2548 338 2609; x_wconf 90' lang='lat' dir='ltr'><strong>tucionem</strong></span> <span class='ocrx_word' id='word_1_149' title='bbox 357 2547 533 2609; x_wconf 86' lang='lat' dir='ltr'><strong>huiusmodi</strong></span> <span class='ocrx_word' id='word_1_150' title='bbox 556 2548 720 2610; x_wconf 89' lang='lat' dir='ltr'><strong>uenientes</strong></span> <span class='ocrx_word' id='word_1_151' title='bbox 735 2547 925 2611; x_wconf 89' lang='lat' dir='ltr'><strong>monasteria</strong></span> <span class='ocrx_word' id='word_1_152' title='bbox 940 2549 991 2610; x_wconf 93' lang='lat' dir='ltr'><strong>uel</strong></span> <span class='ocrx_word' id='word_1_153' title='bbox 1007 2545 1159 2609; x_wconf 87' lang='lat' dir='ltr'><strong>ecclesias</strong></span> <span class='ocrx_word' id='word_1_154' title='bbox 1172 2544 1207 2607; x_wconf 91' lang='lat' dir='ltr'><strong>in</strong></span> 
     </span>
     <span class='ocr_line' id='line_1_21' title="bbox 183 2657 1207 2741; baseline 0.002 -23"><span class='ocrx_word' id='word_1_155' title='bbox 183 2658 329 2741; x_wconf 87' lang='lat' dir='ltr'><strong>predictis</strong></span> <span class='ocrx_word' id='word_1_156' title='bbox 345 2658 394 2719; x_wconf 79' lang='lat' dir='ltr'><strong>uel</strong></span> <span class='ocrx_word' id='word_1_157' title='bbox 415 2657 627 2739; x_wconf 91' lang='lat' dir='ltr'><strong>predictorum</strong></span> <span class='ocrx_word' id='word_1_158' title='bbox 643 2658 749 2741; x_wconf 89' lang='lat' dir='ltr'><strong>aliquo</strong></span> <span class='ocrx_word' id='word_1_159' title='bbox 762 2659 928 2721; x_wconf 87' lang='lat' dir='ltr'><strong>molestare</strong></span> <span class='ocrx_word' id='word_1_160' title='bbox 943 2667 995 2721; x_wconf 92' lang='lat' dir='ltr'><strong>aut</strong></span> <span class='ocrx_word' id='word_1_161' title='bbox 1011 2658 1207 2741; x_wconf 85' lang='lat' dir='ltr'><strong>perturbare,</strong></span> 
     </span>
     <span class='ocr_line' id='line_1_22' title="bbox 182 2770 1207 2851; baseline 0.001 -19"><span class='ocrx_word' id='word_1_162' title='bbox 182 2778 236 2832; x_wconf 91' lang='lat' dir='ltr'><strong>aut</strong></span> <span class='ocrx_word' id='word_1_163' title='bbox 257 2771 295 2831; x_wconf 90' lang='lat' dir='ltr'><strong>de</strong></span> <span class='ocrx_word' id='word_1_164' title='bbox 317 2771 393 2851; x_wconf 90' lang='lat' dir='ltr'><strong>ipsis</strong></span> <span class='ocrx_word' id='word_1_165' title='bbox 414 2771 609 2832; x_wconf 86' lang='lat' dir='ltr'><strong>monasteriis</strong></span> <span class='ocrx_word' id='word_1_166' title='bbox 630 2772 682 2833; x_wconf 88' lang='lat' dir='ltr'><strong>uel</strong></span> <span class='ocrx_word' id='word_1_167' title='bbox 702 2770 845 2833; x_wconf 88' lang='lat' dir='ltr'><strong>ecclesiis</strong></span> <span class='ocrx_word' id='word_1_168' title='bbox 867 2791 923 2833; x_wconf 91' lang='lat' dir='ltr'><strong>seu</strong></span> <span class='ocrx_word' id='word_1_169' title='bbox 938 2771 1028 2834; x_wconf 87' lang='lat' dir='ltr'><strong>bonis</strong></span> <span class='ocrx_word' id='word_1_170' title='bbox 1043 2779 1073 2833; x_wconf 91' lang='lat' dir='ltr'><strong>et</strong></span> <span class='ocrx_word' id='word_1_171' title='bbox 1087 2771 1207 2833; x_wconf 84' lang='lat' dir='ltr'><strong>iuribus</strong></span> 
     </span>
     <span class='ocr_line' id='line_1_23' title="bbox 182 2879 1209 2964; baseline 0 -22"><span class='ocrx_word' id='word_1_172' title='bbox 182 2900 291 2942; x_wconf 89' lang='lat' dir='ltr'><strong>eorum</strong></span> <span class='ocrx_word' id='word_1_173' title='bbox 312 2901 346 2943; x_wconf 92' lang='lat' dir='ltr'><strong>se</strong></span> <span class='ocrx_word' id='word_1_174' title='bbox 361 2880 586 2944; x_wconf 88' lang='lat' dir='ltr'><strong>intromiserint</strong></span> <span class='ocrx_word' id='word_1_175' title='bbox 599 2902 726 2964; x_wconf 91' lang='lat' dir='ltr'><strong>quoquo</strong></span> <span class='ocrx_word' id='word_1_176' title='bbox 741 2882 846 2956; x_wconf 92' lang='lat' dir='ltr'><strong>modo,</strong></span> <span class='ocrx_word' id='word_1_177' title='bbox 868 2881 1012 2964; x_wconf 77' lang='lat' dir='ltr'><strong>ingressu</strong></span> <span class='ocrx_word' id='word_1_178' title='bbox 1028 2879 1161 2944; x_wconf 88' lang='lat' dir='ltr'><strong>ecclesie</strong></span> <span class='ocrx_word' id='word_1_179' title='bbox 1176 2888 1209 2945; x_wconf 87' lang='lat' dir='ltr'><strong>et</strong></span> 
     </span>
     <span class='ocr_line' id='line_1_24' title="bbox 110 2991 1208 3074; baseline 0 -20"><span class='ocrx_word' id='word_1_180' title='bbox 110 2997 117 3008; x_wconf 77' lang='grc'><strong>“</strong></span> <span class='ocrx_word' id='word_1_181' title='bbox 182 2992 389 3074; x_wconf 89' lang='lat' dir='ltr'><strong>percepcioue</strong></span> <span class='ocrx_word' id='word_1_182' title='bbox 411 3001 676 3055; x_wconf 87' lang='lat' dir='ltr'><strong>sacramentorum</strong></span> <span class='ocrx_word' id='word_1_183' title='bbox 700 2993 981 3056; x_wconf 88' lang='lat' dir='ltr'><strong>ecclesiastieorum</strong></span> <span class='ocrx_word' id='word_1_184' title='bbox 1004 3012 1038 3053; x_wconf 90' lang='lat' dir='ltr'><strong>se</strong></span> <span class='ocrx_word' id='word_1_185' title='bbox 1061 2991 1208 3054; x_wconf 87' lang='lat' dir='ltr'><strong>nouerint</strong></span> 
     </span>
     <span class='ocr_line' id='line_1_25' title="bbox 182 3100 1206 3185; baseline -0.001 -21"><span class='ocrx_word' id='word_1_186' title='bbox 182 3104 376 3177; x_wconf 88' lang='lat' dir='ltr'><strong>interdictos,</strong></span> <span class='ocrx_word' id='word_1_187' title='bbox 398 3105 499 3166; x_wconf 91' lang='lat' dir='ltr'><strong>donec</strong></span> <span class='ocrx_word' id='word_1_188' title='bbox 515 3104 728 3167; x_wconf 74' lang='lat' dir='ltr'><strong>satisfactione</strong></span> <span class='ocrx_word' id='word_1_189' title='bbox 745 3105 913 3185; x_wconf 89' lang='lat' dir='ltr'><strong>premissa,</strong></span> <span class='ocrx_word' id='word_1_190' title='bbox 936 3123 953 3164; x_wconf 92' lang='lat' dir='ltr'><strong>a</strong></span> <span class='ocrx_word' id='word_1_191' title='bbox 968 3100 1206 3182; x_wconf 84' lang='lat' dir='ltr'><strong>perturbacione</strong></span> 
     </span>
     <span class='ocr_line' id='line_1_26' title="bbox 183 3208 1210 3294; baseline -0.005 -19"><span class='ocrx_word' id='word_1_192' title='bbox 183 3222 214 3276; x_wconf 88' lang='lat' dir='ltr'><strong>et</strong></span> <span class='ocrx_word' id='word_1_193' title='bbox 228 3214 468 3289; x_wconf 90' lang='lat' dir='ltr'><strong>molestacione,</strong></span> <span class='ocrx_word' id='word_1_194' title='bbox 491 3224 523 3277; x_wconf 90' lang='lat' dir='ltr'><strong>et</strong></span> <span class='ocrx_word' id='word_1_195' title='bbox 536 3214 604 3276; x_wconf 88' lang='lat' dir='ltr'><strong>aliis</strong></span> <span class='ocrx_word' id='word_1_196' title='bbox 620 3215 804 3294; x_wconf 90' lang='lat' dir='ltr'><strong>supradictis</strong></span> <span class='ocrx_word' id='word_1_197' title='bbox 821 3212 1010 3283; x_wconf 88' lang='lat' dir='ltr'><strong>destiterint,</strong></span> <span class='ocrx_word' id='word_1_198' title='bbox 1025 3220 1056 3272; x_wconf 91' lang='lat' dir='ltr'><strong>et</strong></span> <span class='ocrx_word' id='word_1_199' title='bbox 1069 3231 1127 3292; x_wconf 89' lang='lat' dir='ltr'><strong>per</strong></span> <span class='ocrx_word' id='word_1_200' title='bbox 1141 3208 1210 3271; x_wconf 82' lang='lat' dir='ltr'><strong>die·</strong></span> 
     </span>
     <span class='ocr_line' id='line_1_27' title="bbox 183 3321 1207 3402; baseline -0.005 -16"><span class='ocrx_word' id='word_1_201' title='bbox 183 3345 330 3387; x_wconf 89' lang='lat' dir='ltr'><strong>cesanum</strong></span> <span class='ocrx_word' id='word_1_202' title='bbox 353 3325 477 3389; x_wconf 88' lang='lat' dir='ltr'><strong>illarum</strong></span> <span class='ocrx_word' id='word_1_203' title='bbox 504 3325 706 3388; x_wconf 88' lang='lat' dir='ltr'><strong>ecclesiarum</strong></span> <span class='ocrx_word' id='word_1_204' title='bbox 731 3344 786 3386; x_wconf 92' lang='lat' dir='ltr'><strong>sen</strong></span> <span class='ocrx_word' id='word_1_205' title='bbox 816 3321 1096 3393; x_wconf 88' lang='lat' dir='ltr'><strong>monasteriorum,</strong></span> <span class='ocrx_word' id='word_1_206' title='bbox 1127 3338 1207 3402; x_wconf 88' lang='lat' dir='ltr'><strong>quos</strong></span> 
     </span>
     <span class='ocr_line' id='line_1_28' title="bbox 183 3431 1209 3513; baseline -0.001 -18"><span class='ocrx_word' id='word_1_207' title='bbox 183 3435 362 3498; x_wconf 90' lang='lat' dir='ltr'><strong>huiusmodi</strong></span> <span class='ocrx_word' id='word_1_208' title='bbox 391 3438 556 3499; x_wconf 89' lang='lat' dir='ltr'><strong>occasione</strong></span> <span class='ocrx_word' id='word_1_209' title='bbox 584 3434 720 3497; x_wconf 82' lang='lat' dir='ltr'><strong>leserunt</strong></span> <span class='ocrx_word' id='word_1_210' title='bbox 747 3434 787 3496; x_wconf 92' lang='lat' dir='ltr'><strong>ad</strong></span> <span class='ocrx_word' id='word_1_211' title='bbox 812 3433 944 3496; x_wconf 88' lang='lat' dir='ltr'><strong>ecclesie</strong></span> <span class='ocrx_word' id='word_1_212' title='bbox 972 3431 1148 3513; x_wconf 79' lang='lat' dir='ltr'><strong>ingressum</strong></span> <span class='ocrx_word' id='word_1_213' title='bbox 1175 3438 1209 3494; x_wconf 89' lang='lat' dir='ltr'><strong>et</strong></span> 
     </span>
     <span class='ocr_line' id='line_1_29' title="bbox 184 3544 1207 3629; baseline -0.001 -21"><span class='ocrx_word' id='word_1_214' title='bbox 184 3557 451 3610; x_wconf 88' lang='lat' dir='ltr'><strong>sacramentorum</strong></span> <span class='ocrx_word' id='word_1_215' title='bbox 475 3546 712 3629; x_wconf 87' lang='lat' dir='ltr'><strong>percepciouem</strong></span> <span class='ocrx_word' id='word_1_216' title='bbox 734 3545 850 3607; x_wconf 85' lang='lat' dir='ltr'><strong>luerint</strong></span> <span class='ocrx_word' id='word_1_217' title='bbox 870 3544 1012 3606; x_wconf 88' lang='lat' dir='ltr'><strong>restituti.</strong></span> <span class='ocrx_word' id='word_1_218' title='bbox 1034 3544 1086 3626; x_wconf 92' lang='lat' dir='ltr'><strong>qui</strong></span> <span class='ocrx_word' id='word_1_219' title='bbox 1102 3551 1207 3607; x_wconf 89' lang='lat' dir='ltr'><strong>autem</strong></span> 
     </span>
     <span class='ocr_line' id='line_1_30' title="bbox 183 3655 1208 3740; baseline -0.003 -18"><span class='ocrx_word' id='word_1_220' title='bbox 183 3660 226 3722; x_wconf 90' lang='lat' dir='ltr'><strong>sic</strong></span> <span class='ocrx_word' id='word_1_221' title='bbox 241 3660 402 3740; x_wconf 89' lang='lat' dir='ltr'><strong>suspensis</strong></span> <span class='ocrx_word' id='word_1_222' title='bbox 418 3669 449 3723; x_wconf 87' lang='lat' dir='ltr'><strong>et</strong></span> <span class='ocrx_word' id='word_1_223' title='bbox 462 3659 652 3731; x_wconf 88' lang='lat' dir='ltr'><strong>interdictis,</strong></span> <span class='ocrx_word' id='word_1_224' title='bbox 673 3666 839 3739; x_wconf 90' lang='lat' dir='ltr'><strong>autequam</strong></span> <span class='ocrx_word' id='word_1_225' title='bbox 863 3664 897 3718; x_wconf 92' lang='lat' dir='ltr'><strong>ut</strong></span> <span class='ocrx_word' id='word_1_226' title='bbox 918 3655 1061 3736; x_wconf 89' lang='lat' dir='ltr'><strong>superius</strong></span> <span class='ocrx_word' id='word_1_227' title='bbox 1084 3662 1132 3718; x_wconf 92' lang='lat' dir='ltr'><strong>est</strong></span> <span class='ocrx_word' id='word_1_228' title='bbox 1152 3675 1208 3719; x_wconf 83' lang='lat' dir='ltr'><strong>ex·</strong></span> 
     </span>
     <span class='ocr_line' id='line_1_31' title="bbox 183 3768 1208 3849; baseline 0 -20"><span class='ocrx_word' id='word_1_229' title='bbox 183 3790 325 3849; x_wconf 89' lang='lat' dir='ltr'><strong>pressum</strong></span> <span class='ocrx_word' id='word_1_230' title='bbox 346 3768 557 3832; x_wconf 86' lang='lat' dir='ltr'><strong>ecclesiastica</strong></span> <span class='ocrx_word' id='word_1_231' title='bbox 577 3768 819 3831; x_wconf 88' lang='lat' dir='ltr'><strong>ministrauerint</strong></span> <span class='ocrx_word' id='word_1_232' title='bbox 841 3774 1052 3839; x_wconf 88' lang='lat' dir='ltr'><strong>sacramenta,</strong></span> <span class='ocrx_word' id='word_1_233' title='bbox 1079 3787 1137 3848; x_wconf 88' lang='lat' dir='ltr'><strong>per</strong></span> <span class='ocrx_word' id='word_1_234' title='bbox 1150 3785 1208 3829; x_wconf 83' lang='lat' dir='ltr'><strong>sex</strong></span> 
     </span>
     <span class='ocr_line' id='line_1_32' title="bbox 184 3878 1209 3960; baseline 0.001 -21"><span class='ocrx_word' id='word_1_235' title='bbox 184 3899 308 3942; x_wconf 88' lang='lat' dir='ltr'><strong>menses</strong></span> <span class='ocrx_word' id='word_1_236' title='bbox 323 3881 525 3944; x_wconf 87' lang='lat' dir='ltr'><strong>acollacioue</strong></span> <span class='ocrx_word' id='word_1_237' title='bbox 540 3888 805 3942; x_wconf 88' lang='lat' dir='ltr'><strong>sacramentorum</strong></span> <span class='ocrx_word' id='word_1_238' title='bbox 821 3878 966 3940; x_wconf 90' lang='lat' dir='ltr'><strong>nouerint</strong></span> <span class='ocrx_word' id='word_1_239' title='bbox 979 3899 1013 3940; x_wconf 92' lang='lat' dir='ltr'><strong>se</strong></span> <span class='ocrx_word' id='word_1_240' title='bbox 1028 3895 1209 3960; x_wconf 83' lang='lat' dir='ltr'><strong>suspensos.</strong></span> 
     </span>
    </p>

    <p class='ocr_par' dir='ltr' id='par_1_3' title="bbox 185 3987 1214 4284">
     <span class='ocr_line' id='line_1_33' title="bbox 267 3987 1210 4071; baseline 0 -20"><span class='ocrx_word' id='word_1_241' title='bbox 267 3988 332 4070; x_wconf 73' lang='lat'><strong>(52)</strong></span> <span class='ocrx_word' id='word_1_242' title='bbox 354 3991 433 4054; x_wconf 90' lang='lat' dir='ltr'><strong>Cum</strong></span> <span class='ocrx_word' id='word_1_243' title='bbox 456 3989 624 4054; x_wconf 92' lang='lat' dir='ltr'><strong>multorum</strong></span> <span class='ocrx_word' id='word_1_244' title='bbox 646 3991 825 4052; x_wconf 88' lang='lat' dir='ltr'><strong>assercione</strong></span> <span class='ocrx_word' id='word_1_245' title='bbox 847 3987 1058 4063; x_wconf 90' lang='lat' dir='ltr'><strong>didicerimus,</strong></span> <span class='ocrx_word' id='word_1_246' title='bbox 1086 3997 1210 4071; x_wconf 85' lang='lat' dir='ltr'><strong>pestem</strong></span> 
     </span>
     <span class='ocr_line' id='line_1_34' title="bbox 185 4098 1209 4185; baseline -0.002 -23"><span class='ocrx_word' id='word_1_247' title='bbox 185 4103 352 4183; x_wconf 91' lang='lat' dir='ltr'><strong>quamdam</strong></span> <span class='ocrx_word' id='word_1_248' title='bbox 373 4102 406 4163; x_wconf 90' lang='lat' dir='ltr'><strong>in</strong></span> <span class='ocrx_word' id='word_1_249' title='bbox 426 4123 524 4182; x_wconf 69' lang='lat' dir='ltr'><strong>regno</strong></span> <span class='ocrx_word' id='word_1_250' title='bbox 550 4103 724 4185; x_wconf 78' lang='lat' dir='ltr'><strong>lluugarie,</strong></span> <span class='ocrx_word' id='word_1_251' title='bbox 746 4110 779 4165; x_wconf 94' lang='lat' dir='ltr'><strong>et</strong></span> <span class='ocrx_word' id='word_1_252' title='bbox 797 4102 863 4165; x_wconf 88' lang='lat' dir='ltr'><strong>aliis</strong></span> <span class='ocrx_word' id='word_1_253' title='bbox 884 4102 974 4164; x_wconf 90' lang='lat' dir='ltr'><strong>terris</strong></span> <span class='ocrx_word' id='word_1_254' title='bbox 993 4109 1101 4163; x_wconf 90' lang='lat' dir='ltr'><strong>nostre</strong></span> <span class='ocrx_word' id='word_1_255' title='bbox 1122 4098 1209 4181; x_wconf 77' lang='lat' dir='ltr'><strong>lega-</strong></span> 
     </span>
     <span class='ocr_line' id='line_1_35' title="bbox 185 4205 1214 4284; baseline 0 -9"><span class='ocrx_word' id='word_1_256' title='bbox 185 4209 284 4275; x_wconf 88' lang='lat' dir='ltr'><strong>cionis</strong></span> <span class='ocrx_word' id='word_1_257' title='bbox 299 4218 408 4275; x_wconf 87' lang='lat' dir='ltr'><strong>contra</strong></span> <span class='ocrx_word' id='word_1_258' title='bbox 422 4211 517 4277; x_wconf 85' lang='lat' dir='ltr'><strong>deum</strong></span> <span class='ocrx_word' id='word_1_259' title='bbox 531 4222 564 4279; x_wconf 90' lang='lat' dir='ltr'><strong>et</strong></span> <span class='ocrx_word' id='word_1_260' title='bbox 577 4212 821 4284; x_wconf 83' lang='lat' dir='ltr'><strong>ecclesiasticam</strong></span> <span class='ocrx_word' id='word_1_261' title='bbox 842 4212 1019 4278; x_wconf 87' lang='lat' dir='ltr'><strong>libertatem</strong></span> <span class='ocrx_word' id='word_1_262' title='bbox 1037 4205 1214 4275; x_wconf 72' lang='lat' dir='ltr'><strong>inuuuiuc</strong></span> 
     </span>
    </p>
   </div>
   <div class='ocr_carea' id='block_1_3' title="bbox 0 0 1413 4764">
    <p class='ocr_par' dir='ltr' id='par_1_4' title="bbox 0 0 1413 4764">
     <span class='ocr_line' id='line_1_36' title="bbox 0 0 1413 4764; baseline 0 0"><span class='ocrx_word' id='word_1_263' title='bbox 0 0 1413 4764; x_wconf 95' lang='lat' dir='ltr'><strong> </strong></span> 
     </span>
    </p>
   </div>
  </div>
 </body>
</html>
