2798 4764
216 329 278 394 t00
420 346 550 393 tannen
565 346 597 391 n.
611 343 701 391 neers
722 342 873 390 nisanrrs
888 345 928 390 nr
943 344 1036 390 uern

301 497 345 581 (3)
377 500 540 562 Sancimus
565 507 725 581 preterea,
756 498 840 580 quod
863 496 939 577 ipsis
964 497 1022 558 sub
1049 498 1242 576 protectione

216 610 303 694 regia
327 610 517 682 constitutis,
543 630 561 672 a
586 609 671 671 nullo
695 609 874 691 principum
905 606 956 670 uel
982 608 1133 670 nobilium
1154 609 1242 690 regni

217 741 388 804 grauamen
411 720 539 803 aliquod
563 721 736 802 infligatur,
766 729 797 782 et
821 720 972 802 quidquid
998 721 1242 800 precedeucium

216 854 326 916 regum
337 834 510 897 authoritas
525 834 564 895 ad
579 832 719 914 ipsorum
735 833 898 895 utilitatem
914 832 1144 895 racionabiliter
1155 832 1243 895 insti-

215 943 292 1019 tuit,
312 945 443 1007 tirmiter
457 946 652 1007 obseruator.

198 1117 203 1128 ,
299 1056 337 1119 Ut
360 1056 454 1137 igitur
478 1057 571 1119 huius
599 1055 743 1118 beneficii
771 1053 869 1117 nostri
895 1054 1010 1116 ueritas
1036 1054 1242 1116 indissolubili

216 1167 383 1231 stabilitate
407 1169 498 1230 duret
521 1167 553 1228 in
578 1177 754 1249 posterum,
781 1174 960 1246 presentem
983 1167 1126 1247 paginam
1151 1166 1243 1245 sigilli

216 1280 315 1340 nostri
339 1279 427 1340 titulo
453 1277 681 1340 roborauimus.
722 1278 836 1338 Datum
861 1296 919 1357 per
942 1296 1051 1338 manus
1072 1277 1243 1349 Desiderii,

217 1390 289 1454 aule
310 1392 397 1472 regie
418 1390 593 1452 cancellarii
615 1398 647 1452 et
670 1389 820 1471 prepositi
842 1386 1037 1451 Zibiniensis.
1074 1390 1164 1449 Anno
1186 1390 1243 1450 do-

216 1504 330 1566 minice
345 1501 572 1566 incarnacionis
588 1504 628 1564 Μ.
645 1502 677 1564 C.
694 1502 727 1564 C.
743 1501 855 1583 primo.
892 1501 1067 1562 Uenerabili
1091 1502 1145 1562 lob
1167 1503 1244 1562 Stri-

218 1615 361 1697 goniensi
384 1615 420 1674 Α.
441 1614 590 1696 episcopo
614 1614 782 1686 existente,
804 1612 877 1675 Saul
894 1612 1058 1675 Colocensi
1072 1614 1244 1693 archiepis-

218 1744 312 1807 copo,
334 1724 451 1787 Kalano
475 1725 809 1807 Quinqueecolesiensi
830 1723 990 1804 episcopo,
1014 1723 1127 1803 Ugrino
1148 1724 1243 1784 lauri-

217 1837 309 1899 nensi
328 1835 493 1918 episcopo,
521 1836 679 1916 Catapano
700 1834 842 1916 Agriensi
863 1835 1022 1915 episcopo.
1054 1835 1137 1896 lllilre
1160 1835 1243 1915 pula-

217 1947 283 2009 tiuo
307 1954 339 2009 et
360 1946 534 2009 lliboriensi
559 1947 691 2018 comite,
716 1945 782 2007 lula
800 1945 953 2017 uaiuoda,
974 1944 1115 2007 Achilleo
1136 1946 1245 2007 curiali

217 2068 249 2122 et
260 2059 427 2121 lieueiensi
438 2058 551 2121 comite
561 2059 778 2140 Bodrogieusi,
793 2060 885 2119 Petro
901 2058 1015 2121 comite
1027 2057 1244 2139 Supruniensi‚

216 2170 285 2233 Bob
307 2171 420 2233 comite
442 2171 522 2233 Noui
546 2171 657 2244 castri,
679 2171 807 2233 Murano
828 2170 940 2232 comite
964 2170 1003 2232 de
1024 2170 1148 2243 Zonulr,
1170 2172 1244 2232 Paz-

216 2302 287 2347 man
303 2285 415 2347 comite
431 2284 470 2347 de
485 2282 593 2346 liuius.

533 2692 710 2776 lllllllllll
735 2693 777 2776 ll.
803 2692 925 2777 REGIS

367 2878 721 2968 LIBERTAS
754 2882 843 2968 ΕΤ
875 2881 1088 2968 METAE

517 3058 712 3124 ClUlTATlS
738 3059 942 3125 NONENSIS.

669 3201 790 3266 ltccv.

429 3342 614 3398 Etransumto
633 3343 701 3397 Belo
717 3345 762 3398 IV.
780 3342 854 3409 regis
870 3359 937 3397 enno
956 3342 1026 3399 124⁴.

297 3632 331 3692 ln
346 3633 472 3696 nomine
489 3643 596 3698 sancte
612 3634 756 3700 trinitatis
772 3644 803 3698 et
816 3635 976 3698 indiuidue
990 3635 1124 3698 unitatis.

296 3744 438 3806 Andreas
467 3745 518 3808 dei
546 3746 651 3828 gracia
679 3747 855 3829 Hungarie,
889 3747 1060 3822 Dalmaeie,
1092 3747 1240 3821 Croacie,

213 3851 310 3917 Reme
325 3855 497 3938 Seruieque
511 3877 565 3920 rex
580 3858 613 3920 iu
627 3866 827 3940 perpetuum.

295 3966 419 4049 Regalis
435 3969 625 4033 excellencie
640 3970 806 4053 multiplex
821 3970 998 4054 benignitas
1013 3992 1142 4035 suorum
1158 3972 1239 4035 uotis

212 4075 353 4141 fidelium
367 4078 563 4142 subditorum
578 4087 663 4143 tanto
679 4083 862 4163 generosius
878 4084 1045 4147 consueuit
1062 4103 1240 4159 occurrere,

213 4197 331 4277 quanto
353 4190 535 4256 deuocionis
555 4190 698 4275 ipsorum
718 4202 751 4259 et
771 4193 846 4260 fidei
866 4193 1058 4261 seruenciam
1079 4196 1120 4263 ad
1133 4214 1169 4262 se
1182 4195 1241 4261 im·
