2798 4764
450 366 608 413 nostram
632 366 673 413 oa
693 366 850 413 mannia.
892 348 984 415 lm
1168 344 1232 413 ts!

202 523 346 596 uenisse,
367 521 462 585 talem
478 521 638 595 dedimus,
660 520 846 585 domuimus
861 529 893 585 et
907 520 1120 585 concessimus
1132 519 1231 585 libor-

202 642 313 698 talem:

283 749 339 823 (l)
354 748 440 830 quod
452 767 537 810 more
545 747 703 810 Saxonum
717 747 841 811 uillicus
855 747 995 829 ipsorum
1006 752 1144 810 armatus
1154 766 1228 811 cum

201 866 336 941 quatuor
347 860 490 941 personis
504 859 671 942 sagittariis
685 860 849 922 nobiscum
864 859 1058 922 exercituarc
1072 866 1228 922 teneatur.

282 973 339 1050 (Ξ)
360 971 540 1036 Esemimus
562 973 662 1035 eciam
684 992 739 1036 eos
761 973 801 1035 ab
823 973 962 1036 omnium
982 971 1119 1033 iudicum
1134 968 1228 1034 inris-

200 1082 351 1157 dictione,
370 1082 529 1146 iudiosndi
552 1084 697 1146 facultate
718 1083 809 1148 nobis
829 1091 947 1148 tautum
963 1102 999 1146 ac
1013 1082 1163 1166 magistro
1176 1088 1226 1146 ta-

199 1196 399 1257 uernicorum
416 1204 592 1258 nostrorum
608 1215 664 1278 pro
677 1204 817 1280 tempore
831 1196 1008 1259 constituto.
1028 1193 1090 1257 boc
1104 1193 1227 1277 specia-

198 1307 270 1370 liter
286 1306 454 1382 declarato,
476 1315 509 1371 ut
524 1327 746 1391 quemcunque
762 1308 929 1381 noluerint,
949 1308 1102 1370 maiorum
1116 1324 1153 1370 ac
1167 1302 1226 1368 mi·

200 1436 311 1480 norum
333 1437 488 1481 consensu
511 1419 628 1502 pariter
642 1420 869 1494 concordante,
889 1420 1041 1483 maiorem
1061 1417 1136 1481 uille
1150 1436 1225 1481 con·

199 1530 347 1593 stituendi
363 1529 493 1593 liberam
507 1530 644 1595 habeant
658 1530 847 1595 facultatem.

280 1642 338 1717 (3)
361 1642 422 1718 Qui
436 1643 468 1704 iu
482 1641 556 1705 uilla
571 1662 680 1704 eorum
696 1643 727 1705 in
742 1642 836 1717 furto,
857 1642 1032 1718 latrocinio,
1053 1640 1223 1707 homicidio

198 1772 254 1817 seu
269 1755 380 1836 quouis
395 1754 523 1816 crimine
537 1753 753 1818 malefactorio
768 1774 803 1817 ac
818 1753 953 1839 maligno
968 1754 1158 1838 deprehensi
1169 1754 1225 1821 uel

198 1866 334 1928 accusati
355 1865 482 1940 luerint,
504 1884 560 1928 eos
581 1865 698 1931 iudicet
718 1874 750 1931 et
770 1868 960 1930 condemnet
979 1866 1066 1930 iuxta
1084 1866 1224 1933 cuminis

197 1977 411 2058 quantitatem.

279 2087 336 2163 (l)
356 2089 506 2151 Preteren
526 2098 651 2172 portum
673 2089 713 2152 ab
727 2089 812 2151 omni
835 2090 997 2152 exactione
1019 2109 1075 2152 seu
1093 2089 1223 2153 intesta·

198 2199 287 2262 cicue
308 2200 415 2262 tributi
436 2198 571 2263 liberum
594 2221 688 2283 supra
702 2208 867 2282 prenotato
887 2199 984 2262 lluuio
1004 2199 1125 2263 eisdem
1146 2217 1222 2263 cott-

103 2364 109 2371 .
196 2310 360 2386 cessimus,
388 2312 430 2375 ita
444 2320 478 2374 ut
492 2332 552 2375 uec
567 2331 674 2375 comes
689 2312 780 2376 castri
796 2312 836 2375 de
850 2311 1019 2385 Zattbmar,
1039 2330 1099 2375 nec
1114 2328 1222 2375 comes

196 2442 319 2486 camere
340 2431 447 2487 nostre
469 2442 528 2486 nec
551 2422 629 2486 alius
650 2421 806 2506 quispiam
828 2442 925 2504 super
945 2421 1095 2485 iamdicti
1116 2420 1223 2504 pontis

196 2532 311 2596 tributo
326 2533 411 2615 ipsos
427 2535 525 2616 possit
539 2541 592 2597 aut
606 2534 720 2597 debent
733 2534 930 2617 aliquatenus
945 2533 1123 2597 molestare.

278 2647 335 2720 (5)
357 2645 576 2710 Concessimus
596 2646 697 2709 eciam
712 2645 832 2710 eisdem
854 2654 888 2709 ut
902 2643 1147 2709 decimatoribus
1162 2662 1222 2728 pro

197 2766 339 2841 ternpore
353 2759 526 2821 constitutis
543 2778 601 2840 pro
616 2758 744 2842 capecia
758 2758 927 2821 duodecim
943 2758 1090 2822 denarios
1104 2755 1223 2821 usualis

197 2876 324 2933 monete
338 2870 462 2934 soluere
477 2878 650 2935 teneantur.

281 2982 338 3058 (6)
358 2982 435 3044 ltem
450 2982 644 3045 sacerdotem
656 3000 877 3065 quemcunque
890 2981 1050 3046 uoluerint
1063 2979 1096 3044 in
1111 3000 1222 3045 eorum

197 3093 333 3156 ecclesia
354 3094 473 3175 possint
492 3112 698 3168 conseruare,
720 3095 760 3157 ab
781 3095 866 3157 omni
885 3093 1102 3157 iurisdictione
1119 3102 1152 3157 et
1164 3110 1223 3175 po·

197 3212 308 3268 testate
330 3203 541 3266 archidiaconi
562 3204 603 3268 de
616 3204 740 3279 Sasvar,
762 3222 833 3267 oum
848 3212 960 3287 quarta
979 3212 1069 3288 parte
1083 3202 1222 3266 decima·

197 3336 267 3379 rum
288 3317 320 3378 in
341 3315 416 3378 uilla
435 3315 574 3397 ipsorum
595 3315 814 3400 contingente,
842 3316 968 3397 penitus
987 3314 1132 3377 duximus
1153 3312 1222 3375 exi·

197 3428 355 3492 mendum.
384 3436 415 3491 et
435 3428 475 3490 ad
493 3428 643 3490 maiorem
664 3435 777 3492 stutute
795 3426 946 3491 libertatis
959 3426 1100 3507 ipsorum
1115 3430 1223 3489 caute·

196 3540 274 3614 lam,
296 3560 458 3603 assensum
481 3546 513 3602 et
535 3556 722 3602 consensum
736 3537 907 3602 lleinoldus
927 3535 1117 3601 uenerabilis
1131 3544 1223 3619 puber

196 3652 362 3734 episcopus
374 3649 597 3713 Transiluanus
612 3650 734 3731 prebuit
748 3650 863 3713 nostris
877 3648 1029 3712 ordinatis
1042 3656 1075 3712 et
1087 3646 1222 3725 sumtu,

196 3769 227 3824 et
241 3782 299 3825 uos
313 3762 346 3824 in
360 3761 606 3825 retribucionem
619 3759 741 3844 prefate
755 3760 968 3824 concessionis
984 3759 1134 3843 episcopo
1146 3778 1222 3843 pre·

196 3873 279 3939 dicto
293 3874 326 3937 in
340 3874 460 3958 pociori
474 3874 649 3939 donacione
668 3892 795 3938 manum
814 3872 1013 3957 porreximus
1026 3872 1113 3957 regie
1125 3870 1222 3957 lurgi-

192 3987 275 4050 lntis.
1210 3994 1215 4003 “

277 4100 334 4175 (7)
361 4098 449 4163 lstud
471 4098 571 4162 eciam
594 4117 658 4162 non
683 4104 732 4163 est
752 4097 884 4162 silencio
907 4093 1220 4180 pretermittendum,

192 4209 281 4293 quud
302 4208 395 4275 nobis
415 4204 582 4275 sd'uillam
604 4228 716 4277 eurum
734 4205 1164 4293 contenebrantem
1186 4208 1221 4271 ct
