2798 4764
399 347 549 392 cariacae
571 346 657 392 racis
679 347 738 390 cen
764 348 901 393 reseris.
928 327 1016 393 ldll.
1161 327 1223 392 bdb

275 501 333 573 (2)
355 500 432 561 Item
448 503 533 581 quod
549 503 663 563 dictum
681 503 792 563 ducem
808 512 838 563 et
855 502 992 565 Venetos
1008 502 1220 583 permittemus

192 619 299 672 tenere
323 612 480 674 ciuitatem
504 614 694 674 ladriensem
720 633 789 674 cnm
815 613 1015 694 pcrtinenciis
1039 614 1121 687 suis,
1142 615 1223 675 sicut

192 722 279 783 ciues
294 722 471 785 ladrienses
492 733 677 796 tennerunt,
700 724 819 805 absque
843 725 903 785 nlla
924 726 1154 806 inquietacione
1170 725 1222 788 uel

192 836 428 908 contrarietate,
451 857 508 897 nec
532 838 774 898 intromittemus
796 858 853 897 nos
876 857 932 917 per
953 858 1009 897 nos
1026 837 1075 897 uel
1098 846 1221 900 nostros

192 967 408 1020 soccessoreS,
432 958 486 1010 aut
502 970 556 1030 per
572 960 694 1011 nostros
710 949 852 1010 homines
870 950 908 1010 de
931 951 1055 1012 ciuitate
1071 950 1221 1012 ladriensi

193 1077 262 1118 cnm
287 1061 350 1120 suis
373 1060 571 1139 pertinenciis
587 1061 616 1120 in
634 1069 829 1140 perpetuum.

275 1171 331 1242 (3)
366 1171 442 1231 ltem
469 1192 533 1232 non
559 1173 773 1252 permittemus
800 1171 851 1233 uel
877 1173 1130 1246 consenciernns,
1159 1175 1221 1239 imo

191 1280 337 1342 fidelibus
352 1284 467 1343 nostris
484 1282 627 1343 dabimus
643 1283 811 1344 districtius
831 1282 861 1344 in
878 1286 1076 1356 mandatum,
1099 1295 1129 1347 et
1151 1306 1222 1366 spe·

191 1392 310 1453 cialiter
325 1393 468 1454 Cachelis
492 1402 523 1454 el
537 1393 701 1455 tudertinis
722 1395 881 1467 omnibus,
903 1396 956 1476 qui
980 1397 1124 1458 exierunt
1144 1392 1223 1458 ciniss

193 1509 287 1564 tatem
302 1504 493 1565 ladriensem
510 1513 540 1564 et
557 1513 628 1565 sunt
644 1506 701 1566 sub
717 1514 870 1585 potestate
887 1517 1008 1581 nostra,
1031 1517 1064 1569 ut
1079 1508 1221 1571 homiues

193 1613 281 1674 ducis
296 1615 396 1676 ladrie
420 1625 649 1677 commorantes
665 1627 693 1675 et
710 1617 785 1677 alios
802 1617 939 1679 l'enelos
961 1640 1023 1679 non
1040 1627 1222 1700 presumant

193 1729 231 1789 de
252 1736 358 1789 cetero
381 1727 561 1800 molestare,
593 1727 644 1788 uel
665 1727 800 1808 aliquam
823 1728 967 1790 iniuriam
987 1750 1043 1790 sen
1068 1733 1221 1792 offensam

191 1839 318 1902 inferre.

273 1952 330 2025 (l)
362 1953 439 2013 Item
465 1953 550 2032 quod
580 1962 768 2014 memoratos
794 1953 966 2015 tudertinos
993 1955 1046 2035 qni
1076 1956 1222 2017 exierunt

191 2062 364 2133 ciuitatem,
393 2071 423 2123 et
450 2072 520 2122 sunt
547 2065 598 2123 uel
619 2084 687 2124 esse
710 2063 818 2125 uolunt
843 2065 901 2124 snb
929 2073 1082 2144 potestate
1114 2073 1221 2126 nostre

192 2184 221 2236 et
244 2175 376 2235 interra
400 2183 524 2246 nostra,
552 2176 784 2236 remouebimus
808 2198 824 2236 a
849 2178 988 2237 districtu
1015 2177 1165 2237 ladriensi
1190 2183 1222 2237 et

191 2287 400 2397 Nouensi·et
415 2284 636 2348 collocabimus
658 2306 713 2347 eos
734 2286 815 2346 infra
831 2296 964 2366 quatuor
979 2307 1102 2347 menses
1119 2306 1221 2348 remo-

194 2397 259 2458 cius
281 2418 298 2458 a
318 2400 411 2470 mari,
432 2409 466 2459 nt
487 2420 548 2459 raon
573 2399 691 2479 possint
714 2417 826 2459 nocere
849 2399 1113 2460 commorantibus
1129 2399 1220 2461 ladre

191 2518 222 2571 et
237 2509 304 2571 aliis
320 2511 457 2572 Venetis.

273 2627 329 2699 (5)
353 2625 428 2685 llem
444 2622 560 2684 nullam
578 2625 836 2695 conuencionem,
856 2623 974 2684 nullum
991 2634 1134 2704 partum,
1149 2623 1218 2685 nnl-

189 2734 249 2797 lam
265 2735 559 2798 ronlederacionem
576 2746 606 2798 et
623 2736 738 2796 nullam
755 2736 935 2797 societatem
956 2756 1025 2796 cum
1046 2735 1149 2816 aliqua
1167 2735 1218 2798 uel

189 2847 346 2928 aliquibus
368 2848 511 2927 personis
536 2856 645 2908 eontra
667 2847 728 2908 iam
752 2849 866 2908 dictum
884 2849 994 2909 ducem
1010 2855 1040 2908 et
1061 2867 1134 2908 snos
1149 2865 1219 2909 suc-

189 2979 343 3032 cessores,
361 2980 396 3020 ac
412 2961 511 3021 eciam
527 2969 637 3020 contra
652 2961 904 3021 communitatem
921 2959 1139 3030 l'eneciarum,
1161 2978 1219 3021 nec

189 3072 317 3153 aliquod
345 3072 509 3134 consilinm
538 3074 589 3135 uel
613 3074 761 3135 auxilium
784 3074 916 3134 inimicis
942 3072 1039 3152 ipsius
1061 3072 1148 3131 duris
1168 3070 1219 3132 uel

190 3202 317 3243 suornm
341 3203 575 3255 suceessorum,
599 3205 654 3245 seu
680 3184 908 3244 communitatis
930 3182 1136 3243 l'eneciarnm
1162 3180 1220 3240 im-

193 3294 365 3371 pendemus
385 3303 437 3356 ant
460 3295 597 3376 impendi
621 3296 779 3374 paciemur
802 3304 907 3354 contra
925 3293 1040 3352 dictum
1058 3291 1168 3351 ducem
1188 3297 1220 3351 et

192 3403 444 3466 communitatem
456 3405 672 3475 Ueueciarum,
684 3425 742 3465 nec
754 3404 837 3485 ipsos
854 3403 1006 3472 inimicos,
1017 3409 1068 3462 aut
1080 3401 1219 3479 ipsorum

192 3514 308 3576 amicos
329 3523 381 3576 aut
396 3515 537 3579 homines
553 3537 609 3597 prr
623 3525 739 3578 terram
758 3522 895 3575 nostram
912 3513 1044 3572 transire
1060 3512 1219 3592 permitte-

190 3645 270 3697 mus,
286 3636 390 3689 contra
405 3628 559 3708 prelatum
573 3629 683 3689 ducem
698 3636 727 3688 et
740 3626 991 3687 communitatem
1005 3624 1219 3687 Ueneciarum.

273 3739 329 3812 (6)
353 3740 427 3802 ltem
451 3758 522 3799 cnm
544 3738 684 3819 requisiti
709 3737 859 3797 fuerimus
883 3736 1055 3816 apredicto
1072 3736 1152 3797 duce
1166 3735 1220 3798 uel

190 3849 286 3928 ipsius
302 3870 498 3922 successore,
513 3859 606 3931 prout
622 3851 712 3911 decet
726 3849 765 3909 ab
782 3850 892 3918 amico,
907 3845 1070 3908 consilinm
1086 3855 1118 3909 et
1132 3846 1220 3907 auxi-

189 3960 263 4023 lium
279 3963 495 4043 impendemus
507 3973 614 4024 contra
629 3980 703 4022 suos
719 3959 862 4020 inimicos
874 3968 905 4021 et
920 3957 1071 4032 infideles,
1084 3958 1219 4020 maxime

189 4075 270 4137 circa
293 4075 459 4148 maritima,
484 4075 562 4137 sicut
585 4073 751 4136 consueuit
771 4073 888 4134 amicus
913 4072 1013 4135 amico
1036 4072 1163 4144 iuuare,
1193 4067 1220 4132 si

188 4187 363 4271 poterimus
378 4206 448 4249 cnm
463 4187 547 4249 bono
563 4195 594 4251 et
610 4187 731 4250 honore
747 4194 778 4249 et
792 4182 892 4250 salute
906 4186 995 4273 regni
1010 4180 1119 4245 nostri.
