2798 4764
309 336 430 418 mut
449 370 490 419 uu
511 372 594 418 mi
615 372 714 419 crsrr
734 372 901 420 numurus
921 352 977 440 (lla
1110 336 1150 423 ll

132 532 254 608 mepta
268 524 360 609 luga,
381 526 592 592 tabernacula.
620 527 652 589 in
667 547 706 590 eo
721 525 804 590 euim
819 525 917 608 prelio
932 546 971 591 ex
984 516 1083 590 Hunis
1106 526 1154 590 ui-

131 648 235 702 rorum
251 638 284 702 C.
300 637 411 713 millia,
432 647 464 703 el
484 638 583 703 XXV.
597 637 693 702 millia
715 646 915 714 corruerunt,
937 638 1031 703 Cuwe
1055 639 1153 702 eciam

130 752 292 835 capitaneo
308 750 424 815 ibidem
439 752 612 816 interiecto.
641 753 680 816 de
696 753 808 816 milicia
825 771 902 816 uero
915 750 1022 815 Dilrici
1044 761 1074 816 el
1088 742 1154 815 lia·

130 865 207 929 crini
222 864 361 948 exceptis
375 864 452 939 illis,
475 867 527 949 qui
543 866 575 928 in
589 866 653 930 suis
669 865 811 929 tentoriis
827 875 899 927 ante
913 864 1020 927 urbem
1035 884 1153 927 memu-

129 986 228 1043 ratam
243 978 365 1042 l'u'cranl
380 977 523 1042 trucidati
539 977 585 1042 CC
602 978 696 1041 millia
711 987 742 1042 et
756 978 795 1040 X.
811 975 905 1040 millia
921 977 1087 1058 perierunt.

212 1090 329 1154 llideus
345 1108 421 1174 ergo
436 1089 568 1154 Ililricus
591 1097 707 1155 lautam
721 1092 830 1154 cedem
852 1109 980 1153 suorum
996 1088 1155 1165 accidisse,

129 1202 180 1268 dic
194 1202 292 1266 altera
311 1212 382 1286 pust
405 1223 608 1288 congressum
626 1201 714 1286 prelii
736 1203 873 1287 perrexit
896 1222 1006 1266 uersus
1022 1200 1154 1266 Tulnam

131 1302 288 1380 ciuitatem
310 1336 382 1379 cum
404 1314 558 1391 llacrinu,
579 1336 640 1401 que
663 1324 735 1380 tunc
756 1326 824 1380 erat
844 1316 951 1379 ciuitas
975 1315 1153 1378 Latinorum

133 1424 212 1491 iuter
224 1428 318 1492 urbes
327 1429 486 1492 Pannonie
501 1437 688 1512 computata.
703 1426 878 1491 Tunclluui
892 1424 1059 1503 intellecto,
1069 1425 1153 1509 quud

137 1536 285 1603 liutricus
308 1549 339 1603 el
353 1540 487 1603 Ditricus
513 1540 551 1604 lle
576 1541 645 1605 locu
668 1541 844 1605 certaminis
868 1541 1076 1604 remouisseul
1095 1558 1152 1603 sua

134 1656 246 1726 cmlrn,
268 1652 387 1715 reuersi
412 1653 451 1715 ad
473 1652 577 1716 locum
602 1653 795 1727 certaminis,
819 1654 974 1718 sociorum
999 1634 1152 1716 cadauera¹

130 1764 192 1846 que‘
205 1771 348 1845 poteraut
362 1762 520 1840 inuenire,
543 1764 733 1849 Cuwemque
748 1764 945 1847 capitaneum
958 1785 1058 1849 prope
1073 1766 1152 1828 stra·

127 1878 206 1950 lam,
221 1875 275 1938 ubi
289 1885 389 1939 statua
404 1886 452 1940 est
465 1886 565 1941 ereclu
581 1877 706 1961 lapidea
720 1898 807 1942 mure
824 1878 937 1943 Sciticu
952 1874 1153 1957 solempniter

127 1988 211 2049 terre
231 1988 507 2061 commendarunt,
530 1997 694 2072 partesque
716 1988 798 2053 illius
822 1986 967 2052 territorii
981 1986 1152 2052 Cuueazoa

127 2107 261 2183 propter
273 2098 334 2163 hoc
349 2109 552 2163 uocauerunt.

211 2209 342 2293 Co'gnitc
362 2206 466 2294 itaque
489 2232 644 2276 armorum
667 2221 698 2277 et
719 2211 812 2274 animi
827 2210 996 2275 occidentis
1012 2208 1152 2276 nacionis

126 2320 275 2406 qualitate
290 2329 321 2385 et
335 2322 517 2406 quantitate,
541 2324 624 2386 Huni
644 2321 778 2386 animum
794 2321 992 2394 resumendo,
1014 2320 1152 2385 exercitu

125 2424 277 2497 resarcitu
299 2435 450 2497 aduersus
471 2435 623 2497 llitricum
644 2443 676 2497 et
696 2432 869 2496 Macrinum
889 2450 1001 2494 uersus
1023 2430 1154 2494 Talnam

127 2545 296 2630 pugnaturi
312 2557 525 2629 perrexerunt.
553 2566 686 2630 quorum
702 2547 870 2610 aduentum
883 2543 1017 2607 Ditrlcua
1032 2551 1066 2605 ul
1080 2563 1155 2627 cog·

126 2656 258 2721 nouitio
273 2657 468 2722 Cesuumaur
483 2680 537 2722 eus
551 2660 715 2737 conuenit,
736 2668 768 2721 et
785 2678 802 2721 a
818 2676 908 2721 mane
923 2677 1023 2741 usque
1039 2675 1153 2719 nonam

128 2768 261 2853 prelium
276 2779 324 2834 est
338 2771 537 2834 commissum
552 2781 612 2834 tam
628 2772 800 2834 uehemens
814 2788 850 2832 ac
865 2769 988 2842 hostile,
1009 2766 1152 2842 utWela,

127 2874 223 2944 lleva
237 2889 269 2944 et
283 2881 429 2945 Caduclra
444 2880 607 2945 Hunorum
621 2881 755 2945 illustres
770 2878 922 2964 capitanei
936 2878 1008 2943 cuni
1017 2879 1084 2942 aliis
1096 2878 1152 2941 XL

129 2990 266 3056 millibus
280 2993 311 3054 in
325 2993 395 3075 ipsu
410 2994 580 3056 certamine
596 2993 768 3056 interirent.
797 3012 930 3075 quorum
945 2991 1044 3055 eciam
1059 2991 1153 3053 cadu-

127 3110 203 3167 uc'ra
226 3104 341 3167 abinde
366 3114 565 3171 remouenles
590 3106 674 3190 apud
697 3115 829 3169 statuum
856 3114 1058 3168 memoratum
1082 3122 1152 3167 cum

128 3215 239 3278 'celeris
260 3216 353 3280 sociis
375 3218 601 3281 subterraruut.
631 3217 775 3280 occubuit
798 3235 923 3299 quoque
937 3214 1093 3278 Macrinus
1114 3232 1153 3276 ex

127 3318 269 3392 llomano
290 3330 429 3393 exercitu
452 3331 521 3413 ipsu
543 3328 610 3404 die,
631 3338 662 3393 el
684 3328 883 3414 quamplures
905 3326 1062 3410 principes
1077 3325 1154 3388 Ger·

130 3430 309 3514 manorum,
330 3441 446 3505 Ih'tricu
458 3462 515 3525 per
529 3440 662 3504 iaculum
677 3442 709 3502 iu
725 3442 827 3503 lronle
841 3437 976 3500 letaliter
989 3434 1153 3499 uulnerato

131 3560 162 3615 cl
174 3553 264 3635 quasi
279 3561 346 3616 loto
361 3553 501 3616 exercitu
516 3552 686 3617 occidentis
700 3552 873 3633 intercepto
889 3569 925 3612 uc
941 3547 1058 3631 fugato.

210 3665 377 3749 Postquam
399 3685 477 3728 uero
499 3666 654 3731 exercitus
675 3685 709 3728 se
731 3662 877 3746 dispersit
893 3661 1033 3727 Romanu
1056 3681 1155 3736 more,

129 3770 214 3839 Huni
229 3795 326 3858 super
345 3796 379 3839 se
393 3775 536 3840 Ethelum
552 3777 669 3861 Regem
684 3775 864 3858 preliciuul‚
889 3775 1020 3858 ipseque
1033 3774 1153 3838 Budam

129 3884 256 3953 matrem
280 3908 373 3952 suum
393 3889 432 3952 de
453 3887 581 3951 lluminc
596 3887 667 3950 Tire
694 3889 875 3972 usqucllon
897 3906 993 3969 super
1014 3885 1155 3948 diuersas

130 4009 255 4066 extens
274 4002 424 4066 naciones
446 4000 620 4085 principem
641 4000 798 4066 constituit
824 4018 860 4062 ac
881 4008 1046 4063 rectorem.
1083 3996 1155 4081 lpse

131 4120 234 4179 cutem
257 4114 394 4197 seipsum
408 4112 574 4178 Hunorum
594 4131 717 4195 regem,
746 4119 863 4176 melum
877 4108 977 4184 orbis,
998 4106 1155 4193 flagellum

130 4222 185 4295 lei
198 4246 219 4291 ι
231 4224 381 4293 subiectis
395 4226 460 4294 mia
473 4226 548 4292 lecit
562 4222 700 4312 apellari.
722 4231 790 4291 erut
803 4224 886 4290 culm
900 4242 957 4290 rex
970 4220 1082 4287 Ethelu
1102 4237 1156 4284 co·
