2798 4764
191 304 233 375 22
412 322 552 371 snorum
573 321 673 369 essm
693 319 903 368 nmcssosou
924 297 1015 385 (at),

194 480 273 545 duce
289 479 415 561 Arpado
439 487 544 541 essent
568 475 738 551 licenciati,
767 496 837 538 cum
860 476 1000 539 exercitu
1020 494 1086 538 non
1106 474 1232 539 modico

194 593 313 676 egressi
328 601 417 665 sunt,
439 599 469 654 el
484 590 640 654 Thisciam
661 597 938 653 transnataueront
951 589 982 651 in
999 597 1092 670 portu
1107 588 1226 662 Laden,

197 706 323 770 nemine
337 703 520 769 aduersario
534 703 777 766 contradicente.
798 703 939 766 secundo
953 710 1058 765 autem
1074 701 1126 764 die
1137 719 1235 784 cepo·

197 826 273 883 runt
291 817 433 899 equitare
447 815 534 877 iuxta
548 814 704 876 Tbisciam
719 834 831 878 uersus
845 814 976 877 llnuium
991 816 1115 886 Zomns,
1136 822 1170 876 et
1183 831 1236 876 ca·

201 937 265 995 stra
279 927 386 991 metati
401 925 519 988 suntin
534 923 587 988 illo
602 923 672 987 loco
687 925 741 986 ubi
756 944 838 987 nunc
854 935 902 988 est
914 924 1067 999 Zobolsn,
1088 931 1120 988 et
1135 924 1168 987 in
1183 944 1238 989 eo·

200 1041 273 1105 dem
293 1039 363 1104 loco
386 1038 453 1102 lere
476 1058 586 1101 omncs
607 1037 799 1100 habitatores
822 1045 905 1101 terre
925 1058 959 1098 se
982 1056 1040 1099 sua
1061 1045 1175 1118 sponte
1191 1037 1239 1099 eis

200 1153 468 1234 subiugauerunt,
490 1149 671 1231 etpedibus
685 1169 794 1212 eorum
809 1148 985 1231 prouoluli,
1005 1148 1086 1212 lilios
1107 1168 1183 1211 snos
1205 1149 1239 1211 in

202 1265 332 1329 obsides
345 1263 511 1336 dederunt,
526 1269 561 1325 ut
574 1282 615 1325 ne
631 1259 747 1344 aliquid
762 1260 835 1324 mali
850 1269 1043 1343 paterentur.
1064 1279 1137 1324 nam
1149 1260 1240 1323 lime·

201 1376 278 1440 bant
299 1394 355 1438 eos
381 1373 449 1437 lere
463 1393 572 1438 omnes
588 1382 717 1457 gentes,
739 1381 771 1436 et
784 1373 912 1455 quidam
933 1392 951 1434 a
967 1371 1046 1436 facie
1061 1391 1172 1436 eorum
1190 1372 1241 1434 lu·

204 1488 327 1571 pentes
342 1486 397 1549 uix
411 1494 596 1560 euaserunt,
617 1485 670 1568 qui
686 1485 850 1548 uenientes
865 1486 905 1547 ad
920 1485 1143 1548 Menumorout
1155 1480 1238 1547 lacta

205 1616 318 1660 eorum
333 1596 572 1660 nunciaueruut.
599 1595 660 1659 boc
675 1596 781 1658 audito
796 1595 865 1658 talis
880 1605 912 1657 et
926 1603 1028 1658 tantus
1044 1595 1136 1658 timor
1150 1595 1250 1660 irruit.

206 1725 303 1788 snper
321 1705 557 1780 lllenumorout,
585 1708 671 1787 qnod
692 1726 819 1770 manum
841 1705 948 1770 leuare
970 1726 1065 1769 ansus
1087 1726 1152 1769 non
1173 1704 1242 1779 nsit,

207 1817 281 1902 quia
301 1836 414 1882 omnes
431 1816 622 1882 habitatores
644 1817 795 1880 timebant
817 1838 872 1881 eos
892 1817 1084 1899 ultraquam
1098 1816 1158 1879 dici
1180 1837 1240 1898 po·

208 1935 288 2003 test,
310 1948 350 1992 eo
365 1929 452 2011 quod
466 1930 655 1992 audiuerunt
668 1926 792 1991 ntmnm
814 1930 927 1991 ducem
948 1938 1069 2011 patrem
1086 1929 1204 2010 Arpadi
1223 1947 1244 1990 a

209 2060 328 2123 genere
341 2039 444 2103 Atbile
465 2039 548 2123 regis
569 2040 782 2104 descendisse.
812 2041 896 2102 uude
918 2039 1023 2103 nullus
1038 2040 1188 2103 credebat
1207 2059 1242 2103 se

208 2172 303 2235 posse
318 2154 428 2216 uiuere
443 2153 502 2215 nisi
517 2172 576 2234 per
589 2152 724 2234 graciam
738 2152 844 2233 Arpnd
857 2151 913 2214 lilii
926 2152 1007 2214 ntmi
1022 2153 1110 2216 ducis
1124 2160 1155 2215 et
1169 2171 1243 2215 sno-

209 2284 280 2327 rum
295 2264 461 2339 nobilium,
474 2265 559 2328 unde
575 2263 700 2346 plurimi
715 2284 820 2327 sesua
835 2272 947 2346 sponte
962 2264 1171 2346 subiugabant
1185 2263 1240 2327 eis.

211 2377 294 2442 bene
314 2377 457 2461 impleuit
478 2377 623 2441 dominus
644 2377 676 2439 in
699 2377 789 2439 Almo
812 2378 891 2440 duce
915 2385 946 2440 el
969 2376 1034 2441 filio
1055 2396 1115 2440 suo
1135 2375 1243 2458 Arpod

210 2489 432 2573 propheciam,
453 2510 547 2571 quam
562 2489 674 2553 cecinit
687 2489 812 2572 Moyses
830 2489 986 2571 propbeta
1004 2490 1044 2551 de
1058 2489 1130 2551 nnis
1145 2487 1243 2551 lsrael

211 2600 335 2664 dicens:
359 2608 412 2663 oel
425 2598 524 2673 locus,
539 2621 634 2682 quem
644 2601 813 2662 colcauerit
827 2621 883 2680 pes
901 2608 1015 2671 uester,
1030 2607 1137 2661 nester
1151 2600 1240 2672 eritn

213 2709 288 2791 qnia
301 2729 320 2772 a
335 2709 386 2771 die
400 2707 453 2771 illo
468 2710 537 2771 loca
548 2729 610 2790 qne
622 2710 823 2772 calcauerunt
835 2708 942 2770 Almus
952 2710 1017 2771 dux
1028 2718 1060 2770 et
1071 2708 1153 2770 lilius
1170 2729 1245 2772 suns

215 2821 322 2904 brpnd
339 2840 410 2881 cum
424 2819 536 2882 ceteris
551 2818 718 2893 nobilibus,
739 2840 839 2901 usque
852 2820 893 2883 ad
902 2838 1034 2900 presens
1045 2820 1246 2903 posteritates

215 2950 328 2995 eorum
343 2930 521 2994 babuerunt
535 2939 566 2994 et
580 2929 707 2993 babent.

299 3150 366 3236 (21)
395 3156 440 3216 lle
462 3154 599 3219 Zobolso.
643 3155 731 3218 Tunc
750 3153 887 3220 Zobolsn
919 3154 968 3218 uir
988 3156 1246 3239 sapientissimus,

216 3264 422 3330 considerans
436 3266 594 3348 quendam
608 3264 712 3329 locum
724 3267 809 3331 iuxta
824 3267 997 3342 Tbiscium,
1019 3279 1135 3333 etcum
1150 3270 1246 3333 nidis·

216 3384 265 3441 sel
275 3376 455 3461 qualitatem
466 3375 537 3453 loci,
551 3376 702 3442 intellexit
716 3398 787 3442 esse
802 3379 1042 3443 munitissimum
1057 3382 1099 3445 ad
1109 3390 1245 3445 castrum

218 3485 406 3553 laciendum.
433 3491 591 3554 communi
605 3510 681 3572 ergo
692 3479 823 3555 consilio
832 3491 989 3555 sociorum
1003 3512 1150 3567 snorum,
1171 3512 1246 3555 con·

218 3600 405 3681 gregacione
416 3602 499 3665 lacta
512 3602 640 3676 oinium,
655 3602 728 3667 lecit
742 3603 890 3666 fossatam
904 3623 1050 3685 maguam
1064 3613 1096 3668 et
1109 3612 1246 3667 castrum

217 3709 420 3778 tmtssimun
433 3711 591 3776 edilicauit
605 3714 645 3776 de
660 3723 757 3791 terra,
771 3715 857 3796 quod
869 3734 954 3776 nunc
964 3723 1100 3778 castrum
1109 3713 1245 3779 Zobolsn

217 3830 425 3903 nuncupator.
456 3832 529 3887 tunc
544 3825 679 3888 Zobolsn
697 3834 729 3889 et
749 3824 824 3888 socii
844 3824 892 3887 soi
915 3825 955 3887 de
972 3823 1083 3888 incolis
1101 3833 1184 3889 terre
1204 3827 1245 3890 ad

219 3939 356 3997 casuum
368 3931 446 3997 illud
461 3933 575 4000 multos
589 3936 815 3999 ordinauerunt
830 3935 1015 4010 sarcientes,
1036 3936 1092 4019 (tui
1104 3956 1187 3999 nanc
1201 3937 1246 3999 ci·

219 4039 299 4108 uiles
312 4054 475 4110 uocantur.
502 4055 534 4111 et
547 4046 681 4109 dimissis
694 4045 737 4109 ibi
752 4047 910 4121 militibus,
929 4047 989 4110 sub
1003 4048 1141 4130 quodam
1154 4049 1247 4115 nobi·

219 4152 338 4223 holmo
351 4155 447 4222 milite
460 4156 725 4235 namneticum,
738 4178 772 4223 se
788 4157 911 4244 lougius
922 4159 970 4225 ire
984 4172 1254 4245 preparauernnl..
