2798 4764
208 312 273 380 w
307 269 314 275 ι
408 328 592 379 macaron
610 327 736 376 camus
755 329 941 409 masuram
963 309 1040 395 (m

209 506 303 572 gere,
324 506 387 570 que
402 485 437 550 in
451 485 587 551 confinio
602 485 726 548 Austris
741 485 932 559 morabatur,
953 491 1105 566 quantum
1120 492 1245 567 poterat

210 600 409 681 properabat.
435 599 499 660 dux
513 598 636 661 sustris
658 596 718 658 boc
735 595 842 658 audito
856 595 962 677 iniqua
974 595 1010 657 in
1026 596 1121 657 corde
1137 598 1245 659 couci·

211 708 302 792 piens
317 715 427 771 contra
443 728 532 783 eum,
553 708 612 772 sub
626 708 753 770 nomine
768 705 907 769 amicicie
923 706 1033 769 obuius
1049 709 1078 770 ei
1093 706 1161 770 fuit.
1185 708 1243 770 sed

211 838 269 884 rex
283 819 377 881 armis
392 827 523 893 exutus,
552 819 628 880 dum
642 818 809 900 prandium
823 826 996 900 pararetur,
1024 819 1149 881 modico
1163 827 1244 882 tern-

210 930 298 1013 poris
315 930 481 993 interuallo
502 930 615 992 somnii
640 929 778 1011 quietem
800 931 987 1011 capessebat
1005 930 1090 993 iuxta
1111 950 1243 1012 aquarn,

210 1044 321 1124 utpote
335 1042 389 1122 qui
404 1041 507 1104 iuerat
523 1042 635 1104 itinere
651 1041 807 1123 fatigatus.
839 1040 900 1115 Qui
914 1041 1041 1103 tandem
1057 1041 1244 1105 excitatusa

211 1171 341 1228 mne,
370 1173 440 1216 cum
463 1154 576 1216 ducem
597 1154 692 1226 uidit,
716 1153 829 1215 letatus
851 1161 898 1215 est
921 1152 1022 1215 ualde.
1052 1153 1242 1216 durantem

211 1284 321 1348 regem
342 1266 425 1329 inter
448 1266 509 1328 aiia
527 1265 736 1329 consolatoria
760 1265 858 1328 uerba
881 1265 990 1346 peciit,
1011 1273 1047 1328 ut
1064 1266 1242 1328 Danubium

212 1377 377 1452 transiret,
397 1384 433 1439 ut
452 1377 570 1440 ibidem
590 1376 731 1439 securius
752 1376 917 1458 quiescere
939 1383 970 1437 et
989 1374 1108 1438 morari
1126 1385 1243 1457 posset.

212 1506 271 1551 rex
290 1507 369 1551 uero
389 1487 437 1550 bis
452 1488 582 1561 auditis,
605 1495 753 1568 tanquam
772 1487 940 1559 innocens,
962 1486 1038 1548 nibil
1053 1487 1127 1549 maii
1140 1488 1244 1568 suspi-

213 1606 313 1672 catus,
334 1598 522 1662 dictisduois
537 1599 705 1680 adquieuit.
729 1599 852 1661 dicebat
863 1598 946 1660 enim
959 1598 1039 1671 dux,
1061 1607 1242 1662 secastruur

215 1727 255 1773 ea
271 1709 369 1771 altera
385 1711 471 1789 parte
486 1710 622 1783 habere,
643 1716 675 1772 et
693 1709 810 1771 ibidem
832 1729 941 1791 regem
959 1709 1071 1772 metius
1084 1710 1242 1775 bonorare

211 1835 325 1900 posse,
347 1838 417 1881 cum
438 1827 542 1882 tamen
563 1820 596 1880 in
618 1820 734 1893 animo,
755 1838 818 1881 non
837 1819 1011 1894 honorare,
1032 1821 1088 1882 sed
1109 1820 1242 1884 coutun-

212 1927 290 1991 dere
305 1928 391 1991 ilium
412 1929 545 1992 haberet
563 1930 768 2012 propositum.
800 1939 832 1994 et
846 1951 916 1994 oum
931 1952 966 1995 se
981 1952 1038 1994 rex
1052 1932 1180 2016 scyllam
1195 1934 1243 1994 ui·

211 2047 280 2103 tare
295 2042 458 2115 crederet,
478 2041 587 2105 incidit
600 2041 632 2102 in
647 2042 846 2125 charybdim,
867 2053 899 2107 et
912 2044 992 2106 sicat
1004 2044 1108 2125 piscis,
1130 2043 1242 2108 uolens

211 2152 313 2217 uitare
335 2153 501 2215 frixorium
523 2174 563 2216 ne
585 2153 728 2236 frigatur,
749 2155 790 2219 ad
812 2157 980 2220 assandum
1004 2157 1126 2237 proiicit
1146 2176 1181 2218 se
1201 2157 1242 2218 ad

211 2280 347 2345 prunas,
375 2265 507 2327 credens
531 2266 647 2329 malum
667 2269 827 2349 effugere,
855 2266 978 2330 inuenit
997 2268 1141 2350 nequius.
1169 2286 1243 2330 nam

211 2374 277 2438 dux
291 2376 415 2439 bustric
435 2376 555 2439 astucia
568 2377 759 2460 excogitata,
786 2397 857 2441 cum
872 2361 947 2460 regis
961 2396 1052 2441 suum
1068 2378 1107 2440 ad
1122 2376 1241 2441 libitum

211 2488 330 2568 potitus
344 2489 460 2561 extitit,
482 2489 523 2550 ab
537 2508 575 2551 eo
588 2489 744 2570 quandam
758 2489 892 2571 pecunie
907 2490 1125 2571 quantitatem,
1148 2511 1243 2573 quam

211 2598 336 2660 dicebat
359 2599 431 2661 olim
454 2620 473 2661 a
493 2621 604 2681 seper
626 2602 727 2682 ipsum
751 2609 936 2665 extortatam
959 2600 1076 2674 fuisse,
1102 2603 1242 2682 repeciit.

211 2709 288 2791 qaid
311 2708 420 2791 piarat
444 2732 501 2774 rex
520 2732 631 2774 manus
654 2712 735 2774 illius
760 2713 897 2776 euadere
918 2712 1077 2795 nequiuit,
1097 2732 1240 2802 quosque

212 2829 333 2903 partem
348 2823 489 2884 eiusdem
504 2823 639 2905 pecunie
654 2824 685 2885 iu
702 2832 834 2905 promto,
856 2835 976 2906 partem
992 2826 1024 2887 in
1038 2825 1121 2888 uasis
1137 2825 1241 2887 aureis

211 2940 244 2996 et
265 2933 423 3015 argenteis
444 2934 488 2997 itti
512 2936 678 3016 persoiuit:
700 2956 759 3018 pro
774 2946 862 3018 parte
878 2947 983 3000 autem
997 2946 1063 3000 tres
1077 2936 1241 3000 comitatus

211 3044 260 3106 sui
274 3045 380 3126 requi,
401 3045 484 3109 itlius
499 3054 582 3109 terre
597 3047 762 3130 contiguos
781 3049 825 3110 illi
840 3048 1001 3130 obligauit.
1031 3056 1064 3112 et
1081 3046 1155 3111 licet
1174 3047 1242 3130 ipsa

209 3174 287 3219 uasa
301 3176 398 3220 aurea
412 3165 444 3220 et
458 3167 607 3240 argentea
622 3157 748 3222 maioris
763 3160 880 3223 tuerint
893 3161 1114 3234 estimaoionis,
1135 3169 1240 3223 tamen

210 3269 276 3334 dux
296 3269 349 3331 itia
370 3268 471 3333 scium
494 3270 528 3333 in
547 3271 671 3334 duobus
692 3271 830 3335 miltibus
850 3291 1041 3347 marcarum,
1061 3272 1153 3335 simul
1168 3291 1239 3334 cum

208 3379 366 3463 lapidibus
391 3383 553 3464 preciosis,
581 3385 712 3467 recepit.
742 3385 807 3448 dux
830 3394 935 3449 autem
959 3384 1044 3448 ittico
1067 3391 1240 3447 castrorum

209 3492 333 3556 iilorum
361 3496 526 3558 comitatus
552 3496 707 3576 corporali
732 3497 933 3578 possessione
954 3503 1003 3558 est
1028 3496 1180 3576 adeptus,
1210 3501 1241 3555 et

209 3603 262 3665 iila
276 3624 314 3665 ex
332 3606 468 3685 propriis
483 3607 625 3687 pecuniis
640 3616 748 3670 contra
764 3609 909 3670 Tartarus
931 3605 1019 3669 seuit·
1029 3621 1186 3686 reparare.
1214 3603 1239 3662 si

208 3723 360 3794 queratur
381 3723 498 3796 quauta
522 3716 619 3779 suerit
643 3715 776 3797 pecunie
801 3716 984 3798 quantitas?
1016 3722 1064 3778 est
1087 3714 1239 3794 ignotum.

208 3822 352 3884 namatii
373 3825 413 3887 de
434 3835 573 3908 septem,
594 3826 781 3908 quidam'de
803 3842 936 3898 nouem,
959 3823 1056 3886 ceteri
1070 3823 1111 3885 de
1127 3822 1238 3885 decem

208 3951 384 3997 marcarum
400 3938 537 4000 millibus
551 3937 742 4000 reserabant.
763 3936 819 4000 sed
834 3937 875 3999 de
888 3934 1021 3998 ueritate
1036 3934 1159 4015 liquere
1175 3954 1238 3996 nou

211 4053 351 4129 poterut,
372 4051 447 4131 quia
468 4058 591 4112 secrete
613 4057 792 4113 contractos
811 4048 968 4119 fecerant,
990 4054 1022 4110 et
1036 4047 1241 4111 firmauerunt

207 4157 342 4242 propriis
364 4158 557 4223 iuramentis.
598 4157 712 4243 quibus
730 4155 894 4244 'expeditis
916 4159 957 4223 ad
981 4159 1143 4244 reginam,
1175 4177 1238 4246 que
