2798 4764
176 336 237 403 636
277 346 539 404 consrrrurronus
553 355 767 402 susurronum
780 355 823 398 er
836 350 994 401 aomina.
1016 334 1111 402 ΜΒ.

176 512 215 574 ad
235 511 404 574 exercitum
424 510 543 572 domini
564 509 648 592 regis
668 509 778 571 uenire
798 516 951 571 teneatur.
976 510 1038 591 qui
1053 508 1078 570 si
1093 511 1219 572 uenire

177 620 354 693 obmiserit,
376 640 440 682 uon
456 621 495 681 ad
510 619 601 701 plura
615 619 747 693 iudicia,
769 640 826 681 seu
841 619 1022 700 grauamine
1039 621 1220 695 exercitus,

176 740 282 814 preter
297 732 337 793 ad
352 736 448 793 ulrum
464 729 556 793 simul
571 743 680 792 omnes
696 738 871 792 teneantur.

259 839 324 922 (20)
346 843 422 905 ltem
449 841 622 912 statuimus,
648 849 681 902 ut
702 842 788 902 curia
811 839 928 901 domini
951 840 1034 921 regis
1054 839 1220 904 honorili-

178 953 304 1015 ceucius
322 953 388 1034 regi
403 952 520 1032 possit,
542 960 573 1013 et
588 970 718 1034 regnum
733 950 894 1031 llungarie
910 950 1076 1012 decencius
1093 950 1219 1031 guber·

177 1066 261 1138 nari,
283 1063 428 1126 dominus
443 1072 549 1124 noster
564 1083 619 1124 rex
634 1060 762 1144 siugulis
787 1061 885 1124 tribus
903 1062 1081 1133 mensibus,
1102 1062 1220 1145 siugu-

176 1175 225 1238 los
244 1177 327 1237 'duos
348 1174 524 1254 episcopos,
546 1176 721 1236 secundum
744 1173 940 1254 exigenciam
959 1173 1088 1246 ordinis,
1109 1195 1217 1238 unum

179 1286 219 1348 de
243 1284 447 1367 suffraganeis
466 1285 757 1366 strigoniensis,‘et
782 1282 914 1345 alterum
938 1285 976 1346 de
1001 1286 1216 1365 suffraganeis

180 1395 361 1461 colocensis
383 1393 533 1468 ecclesie,
564 1395 758 1475 totidemque
783 1405 814 1458 et
839 1396 928 1477 quasi
952 1414 1061 1457 omnes
1086 1397 1217 1461 nobiles

179 1507 282 1587 regni,
310 1525 389 1588 quos
413 1517 557 1567 exnunc
579 1505 747 1587 elegimus,
775 1524 882 1567 secum
903 1505 1032 1578 babeat,
1060 1507 1216 1588 congru‘u

182 1616 353 1696 stipendiis,
375 1616 414 1677 de
428 1616 512 1676 bono
528 1615 615 1694 regio
626 1615 858 1676 sustentandos.
881 1622 912 1676 et
926 1615 952 1675 si
965 1615 1049 1676 idem
1062 1614 1217 1679 dominus

180 1747 236 1787 rex
255 1726 317 1787 boc
335 1726 439 1787 lacere
454 1726 631 1798 obmiserit,
653 1726 806 1807 quidquid
828 1734 935 1806 preter
949 1724 1114 1788 consilium
1141 1747 1218 1809 pro·

181 1836 334 1899 dictorum
352 1836 411 1898 sibi
426 1836 701 1919 applicandorum,
723 1837 755 1898 iu
771 1836 1014 1909 donacionibus,
1035 1838 1163 1913 arduis,
1185 1847 1218 1902 et

181 1947 383 2030 dignitatibus
398 1947 607 2022 conterendis,
628 1949 680 2010 uel
695 1950 727 2010 in
742 1949 808 2011 aliis
824 1949 993 2010 maioribus
1008 1949 1134 2023 fecerit,
1149 1971 1218 2015 noe

181 2067 319 2123 teneant

264 2169 329 2252 (Ἃ)
351 2173 519 2235 Statuimus
542 2174 658 2247 eciam,
680 2175 765 2255 qnod
780 2174 905 2236 domina
927 2173 1034 2253 regina
1049 2173 1218 2257 llungarie

183 2284 288 2346 debite
304 2282 462 2365 dignitatis
482 2282 616 2345 culmine
639 2285 776 2365 gaudere
800 2285 916 2365 possit,
938 2285 1023 2346 curia
1039 2304 1095 2346 sua
1110 2285 1220 2370 digm'-

180 2394 295 2457 tatibus
309 2395 490 2467 ethonore,
510 2394 542 2454 in
562 2394 705 2475 personis
720 2395 942 2476 Hungarorum
956 2394 1128 2469 nobilium,
1152 2415 1221 2463 nou

181 2525 260 2567 uero
282 2504 527 2586 alienigenarum
555 2505 766 2586 solempnius,
794 2505 876 2567 sicut
898 2505 1005 2577 debet,
1034 2505 1219 2570 ordinetur.

183 2625 214 2679 et
234 2624 269 2677 ut
289 2617 374 2677 curia
397 2616 539 2677 ciusdem
554 2616 679 2678 domiue
695 2616 803 2695 regine
819 2616 987 2677 decencius
1003 2617 1218 2697 gubernetur,

182 2726 336 2806 quosdam
358 2725 475 2786 electos
497 2745 515 2786 a
537 2727 664 2787 domiuo
681 2746 753 2806 rege
769 2727 902 2787 barones
924 2729 992 2807 ipsa
1012 2728 1146 2790 domina
1166 2749 1220 2793 re·

184 2834 256 2916 gina
275 2836 392 2896 babere
415 2844 566 2897 teneatur.
596 2845 627 2898 et
650 2836 765 2917 regalia
788 2858 844 2898 scu
866 2838 1063 2918 reginaliain
1077 2840 1222 2913 tributis,

183 2964 241 3007 seu
262 2944 434 3017 tricesimis,
457 2947 628 3006 cumomni
650 2947 825 3028 integritate
849 2947 967 3028 percipi
990 2947 1126 3027 possint.
1152 2959 1221 3013 ste·

183 3060 296 3119 luimus
323 3065 356 3118 ut
379 3057 483 3117 omnia
507 3056 637 3129 tributa,
667 3078 683 3118 a
706 3067 845 3139 tempore
866 3058 949 3139 regis
972 3057 1112 3119 Ladislai
1133 3060 1220 3123 lacta

184 3168 309 3250 penitus
326 3168 499 3241 deleantur,
521 3168 746 3250 etquicunque
769 3188 820 3229 res
843 3166 963 3249 aliquas
984 3169 1015 3228 in
1032 3166 1220 3232 huiusmodi

184 3279 295 3341 deletis
310 3279 432 3341 tributis
448 3279 584 3340 retinere
600 3280 865 3359 presumpserint,
879 3279 1070 3340 sentenciam
1084 3298 1219 3343 excom·

183 3390 407 3453 municacionis
429 3390 599 3452 incurrant.
626 3389 840 3470 possessiones
864 3409 940 3450 uero
960 3408 1015 3451 seu
1039 3398 1141 3462 terre,
1165 3391 1220 3454 ubi

185 3500 364 3564 huiusmodi
388 3500 494 3560 illicita
512 3500 690 3581 exiguntur,
720 3499 758 3561 ad
779 3500 827 3561 ius
846 3501 966 3580 regium
991 3499 1220 3565 deuoluantur.

268 3609 336 3690 (22)
359 3611 528 3672 Statuimus
540 3610 694 3690 siquidem
706 3617 737 3669 et
747 3617 901 3689 perpetuo
913 3611 1017 3671 edicto
1029 3610 1222 3684 stabilimus,

188 3722 272 3800 quod
292 3722 478 3783 ecclesia-
490 3731 608 3782 —tam
630 3721 661 3781 in
684 3721 784 3801 capite
800 3740 894 3802 quam
917 3721 949 3781 in
972 3720 1124 3784 membris
1141 3742 1222 3804 guu-

188 3831 262 3892 dere
284 3831 387 3894 ualeat
406 3832 470 3894 suis
493 3832 697 3894 libertatibus.
724 3833 793 3894 iura
814 3833 914 3893 eciam
937 3833 1130 3908 ordinamus,
1154 3837 1222 3899 imo

188 3940 227 4001 ab
250 3928 378 4023 antiquo
401 3942 542 4005 ordinata
565 3941 768 4017 declaramus,
797 3951 846 4017 ut,
869 3951 1011 4024 tempore
1033 3945 1224 4009 uacacioriis

186 4053 270 4115 bona
284 4060 316 4116 et
326 4054 540 4135 possessiones
552 4055 771 4129 ecclesiarum,
786 4076 849 4117 non
863 4076 921 4137 per
933 4055 1096 4118 dominum
1108 4076 1225 4142 regern

189 4166 241 4232 uel
255 4167 294 4232 ab
309 4184 348 4233 eo
363 4165 510 4241 mesum,
530 4187 589 4232 neo
602 4188 659 4255 per
675 4189 729 4233 eos
746 4168 799 4253 qui
814 4188 847 4234 se
868 4168 1030 4234 nominant
1050 4171 1227 4253 parocbia-
