2798 4764
164 384 250 430 amn
266 382 307 428 cv.
321 381 411 427 anam
425 381 575 426 ernenras
589 380 745 426 nosrnuu
761 382 801 425 nn
817 378 988 425 szssrocon.
1005 359 1094 425 ibit.
1131 361 1193 426 t57

163 547 193 600 et
215 539 240 599 si
264 538 322 619 ipsi
345 538 422 598 alias
441 555 545 597 coram
567 536 686 608 iudice,
708 555 801 617 quem
824 535 1012 614 impeterent
1029 555 1123 615 supcr
1140 532 1196 597 ali-

163 670 237 730 quo,
259 650 326 710 eius
348 648 503 709 iudicetur
519 647 739 708 iuramentum.

246 757 290 838 (2)
313 760 481 821 Statnimus
508 759 598 829 item,
630 758 714 838 quod
740 756 766 816 si
790 757 891 818 banus
917 757 962 817 eis
989 758 1028 818 ad
1053 757 1194 819 ualorem

162 873 255 934 nnius
279 892 382 932 ruame
408 872 552 932 damnum
580 870 712 938 laceret,
742 870 771 929 in
794 868 940 950 centuplo
962 869 1081 929 eisdem
1104 868 1195 930 resti-

162 992 273 1045 lueret.

243 1094 250 1174 l
258 1092 289 1174 3)
313 1095 451 1155 Tandem
470 1094 551 1155 bano
564 1114 625 1154 non
642 1092 728 1155 alind
743 1092 803 1153 nisi
818 1092 928 1153 domos
942 1110 1013 1154 suas
1026 1092 1191 1154 occasione

162 1208 331 1269 descensus
357 1205 432 1266 dare
457 1213 634 1277 teneantur,
665 1222 723 1285 pro
749 1203 817 1264 aliis
847 1223 923 1265 nero
954 1202 1193 1266 necessitatibus

160 1316 299 1398 precium
319 1316 481 1396 recipiant.

243 1424 285 1507 (l)
308 1428 346 1489 Et
369 1428 394 1487 si
410 1426 521 1507 aliquis
537 1426 676 1506 ipsorum
697 1424 785 1506 prole
801 1424 952 1496 caruerit,
976 1432 1036 1485 tam
1060 1424 1128 1502 ipso
1144 1422 1192 1485 ui-

161 1546 253 1598 uente
269 1556 363 1617 quam
384 1557 402 1597 a
423 1536 529 1597 seculo
555 1536 805 1617 transmigrante,
827 1536 910 1596 bona
933 1555 990 1596 sua
1014 1535 1189 1615 cuicunque

159 1646 294 1709 uoluerit
309 1647 405 1708 libere
421 1647 562 1708 conserat
581 1646 753 1707 retinenda.

158 1872 269 1945 niatur,
292 1879 322 1933 ct
345 1873 383 1932 ab
400 1871 505 1953 aliquo
521 1892 577 1953 pro
595 1880 714 1951 quanto
737 1880 968 1933 sacramentum
991 1871 1095 1932 lacere
1118 1890 1190 1952 pre·

158 1983 320 2054 sumserit,
351 1983 374 2044 is
399 1982 570 2044 calumnias
599 1983 728 2043 testibus
755 1983 949 2043 adstantibus
971 1983 1130 2053 restituat,
1159 1988 1189 2044 et

157 2114 208 2155 res
223 2115 279 2175 pro
295 2115 355 2177 qua
371 2096 557 2155 causabatur
573 2094 612 2154 ad
632 2094 844 2174 requirentem
861 2092 1057 2155 deuoluatnr.

239 2203 282 2287 (d)
304 2207 342 2267 Et
361 2207 386 2267 si
402 2207 471 2288 quis
491 2206 592 2286 ipsam
613 2205 719 2264 uillam
741 2206 857 2266 intrare
875 2202 1026 2275 nolucrit,
1048 2211 1187 2264 moratu·

152 2338 216 2390 rus,
238 2319 342 2379 omnia
356 2320 439 2379 bona
454 2338 526 2389 sua,
542 2319 653 2377 domus
669 2316 817 2377 uidelicet
834 2326 864 2378 et
879 2315 938 2375 alia
953 2334 1014 2395 que
1032 2314 1183 2394 possidet,

152 2431 296 2492 omnibus
316 2430 486 2492 scientibus
509 2429 639 2490 liberam
667 2428 784 2490 habeat
807 2427 967 2490 uendendi
993 2426 1187 2500 facultatem,

153 2549 184 2603 et
197 2543 348 2604 recedens
365 2544 403 2604 de
419 2544 493 2604 uilla
508 2542 641 2603 retineat
656 2541 798 2602 eandem.

235 2652 281 2735 (7]
304 2655 473 2716 Statnimus
489 2653 588 2714 eciam
605 2661 638 2714 nt
653 2653 868 2725 sacerdotem,
890 2670 1110 2733 quemcunque
1126 2670 1184 2715 uo·

151 2766 282 2840 luerint,
303 2768 439 2828 insuam
455 2765 607 2846 recipiant
621 2766 794 2828 ecclesiam.

235 2875 281 2959 (8)
302 2881 348 2939 De
365 2878 493 2940 decimis
510 2899 634 2951 eorum,
655 2886 749 2960 prout
769 2898 836 2942 rnos
854 2886 901 2941 est
916 2877 1093 2958 hospitibus
1116 2879 1185 2941 ubi-

154 3010 276 3073 cunque
294 2991 501 3064 manentibus,
525 2991 701 3072 disponant.

236 3099 280 3182 (o)
303 3104 366 3163 Nec
391 3102 452 3163 hoc
478 3111 583 3164 tamen
609 3103 667 3165 sub
690 3102 821 3165 silencio
847 3101 992 3166 uolumus
1022 3101 1183 3182 preterire,

152 3214 236 3295 qnod
257 3213 389 3295 predicti
411 3214 551 3295 hospites
575 3215 673 3276 nostri
695 3215 784 3275 nobis
800 3212 959 3275 annuatim
979 3232 1036 3292 pro
1051 3208 1183 3275 collecta

151 3332 275 3386 centnm
298 3345 425 3405 pensas,
448 3333 479 3386 et
493 3344 549 3405 pro
566 3325 680 3386 tributo
696 3323 757 3384 fori
773 3325 897 3404 triginta
919 3341 1033 3403 pensas
1055 3320 1180 3383 soluere

154 3445 330 3500 teneantur.

233 3547 270 3607 tt
290 3548 383 3628 igitur
403 3557 544 3609 enarrate
563 3547 712 3609 libertatis
735 3548 832 3610 series
858 3545 1024 3628 sepedictis
1052 3545 1181 3626 hospiti·

151 3657 209 3717 bus
229 3657 318 3719 salua
339 3678 464 3739 semper
487 3667 518 3720 ct
540 3658 754 3721 irrcuocabilis
778 3667 977 3739 permaneat,
998 3665 1181 3738 presentem

149 3769 249 3850 ipsam
267 3772 498 3843 auctoritatem,
521 3791 555 3834 ac
571 3771 703 3854 duplicis
718 3771 811 3855 sigilli
825 3771 924 3833 nostri
940 3769 1181 3850 impressionem

149 3883 337 3964 propensius
364 3882 594 3946 confirmamus.
629 3886 744 3947 Datum
765 3883 798 3946 in
820 3881 894 3945 uilla
910 3883 1076 3946 Wereuze.
1108 3902 1181 3945 ann.

150 3996 304 4058 dominice
326 3996 555 4060 incarnacionis
576 3997 753 4059 ltCCXLlI.
782 3997 871 4079 regni
886 4016 964 4060 uero
978 3996 1077 4060 nostri
1092 4013 1182 4079 anrco¹

148 4106 226 4173 Vlll.

489 4239 839 4271 m

889 4314 930 4379 30
