2798 4764
227 356 270 423 bd
401 372 523 422 smorrs
542 373 584 420 mr
605 370 688 419 neza
709 370 808 417 orara
827 366 995 416 numerosa
1013 344 1071 432 [il.

228 528 345 592 clamor
360 527 400 592 ad
419 526 514 590 aliurn
535 524 635 590 audiri
656 524 823 607 potuisset,
845 520 973 585 Colonie
988 519 1153 584 Germanic
1172 518 1250 582 ciui·

227 646 291 706 tate
307 640 357 705 die
379 659 414 703 ac
429 647 519 703 nocte
534 646 616 702 stare
632 643 854 710 consueuerat,
876 632 974 698 altera
994 652 1096 716 usque
1111 632 1248 706 Lituam,

228 753 323 819 tercia
338 752 369 815 in
384 752 452 815 Don
472 750 558 813 tluuii
575 749 692 823 littore,
713 757 821 832 quarta
842 767 920 811 uero
935 746 1023 810 ladre
1038 745 1163 809 ciuitate
1176 742 1250 807 uat-

229 864 327 928 macie
349 862 502 926 staciones
524 860 674 934 faciebat,
695 879 829 943 quorum
850 878 927 921 uoce
951 866 983 921 et
1002 855 1152 930 clamore,
1174 854 1249 940 quid

228 975 340 1039 Ethela
350 982 474 1059 ageret,
495 992 551 1037 seu
562 971 645 1057 quali
659 972 875 1037 exercitacioni
888 969 1011 1034 deditus
1023 977 1121 1041 esset,
1143 968 1249 1031 mundi

229 1092 333 1169 partes
349 1092 482 1168 quatuor
496 1085 670 1167 potuissent
685 1083 827 1167 experiri.

311 1305 357 1392 (l)
378 1308 563 1372 lncidcncia.
583 1308 762 1382 Pannonie,
782 1306 939 1381 Pamfilie,
960 1304 1158 1378 Macedonia,
1179 1302 1251 1366 Dal·

231 1422 330 1485 macie
353 1430 385 1484 et
398 1421 499 1504 Frigie
522 1420 681 1494 ciuitates,
702 1439 762 1503 que
778 1419 895 1482 crebris
910 1417 1016 1502 spoliis
1035 1426 1067 1482 et
1080 1414 1252 1481 obsidioni·

229 1534 288 1597 bus
305 1554 360 1616 per
373 1532 484 1597 Hunos
499 1542 586 1596 erant
601 1533 745 1615 fatigate,
766 1531 860 1594 natali
875 1531 942 1595 solo
957 1530 1106 1594 derelicto
1121 1531 1153 1592 in
1168 1528 1252 1610 Apu·

228 1646 299 1710 bam
326 1666 384 1728 per
405 1665 491 1708 mare
511 1644 699 1707 Adriaticum
723 1645 762 1707 de
786 1643 896 1706 Etbela
918 1642 1048 1706 licencia
1072 1642 1251 1724 impetrata,

230 1757 439 1830 transierunt,
459 1755 591 1829 blachis,
613 1756 665 1839 qui
681 1757 817 1838 ipsorum
832 1754 922 1818 luere
936 1764 1076 1837 pastores
1092 1760 1124 1817 et
1138 1750 1251 1826 coloni,

229 1867 463 1932 remanentibus
486 1873 597 1949 sponte
618 1867 650 1928 in
673 1866 842 1929 Pannonia.
869 1872 1037 1949 repausato
1058 1874 1161 1929 autem
1176 1882 1251 1948 rege
1306 1930 1309 1937 ,

228 1977 340 2043 Ethela
354 1979 524 2043 Sicambrie
539 1978 567 2039 V
581 1979 672 2041 annis
687 1977 842 2041 defectum
865 1979 960 2041 tercie
979 1977 1075 2060 partis
1097 1976 1144 2039 sui
1161 1996 1251 2040 exer·

230 2088 325 2163 citus,
355 2109 417 2172 que
439 2096 631 2152 remanserat
655 2089 856 2162 Katalaunis,
885 2089 1037 2152 resarcire
1062 2088 1252 2171 procurault,

229 2201 375 2284 curiaque
390 2200 543 2283 solempni
558 2200 715 2264 celebrata
729 2220 875 2283 egressus
890 2209 937 2265 est
952 2202 991 2264 de
1004 2200 1180 2275 Pannonia,
1195 2220 1253 2284 per

229 2313 370 2387 Stiriam,
392 2312 563 2377 Carinciam
587 2320 619 2375 et
640 2312 830 2376 Dalmaciam
853 2313 1076 2395 pertransiens,
1098 2312 1181 2394 apud
1202 2332 1254 2375 ur·

230 2423 301 2487 bem
326 2420 470 2487 Salonam
498 2424 574 2486 mari
593 2422 760 2497 Adriatico,
781 2431 812 2487 et
836 2424 995 2506 Spalatum
1020 2444 1053 2487 se
1079 2424 1254 2498 coniunxit,

230 2536 283 2599 ubi
305 2537 411 2598 ambas
431 2536 525 2598 urbes
548 2536 628 2599 dirui
644 2536 718 2601 fecit
738 2546 769 2599 et
789 2537 933 2600 cremari.
962 2557 1107 2620 egressus
1128 2537 1253 2600 tandem

231 2646 311 2707 circa
334 2665 421 2708 mare
436 2647 627 2727 l'raguram,
656 2647 856 2721 Sebeuicum,
886 2649 1089 2722 Scardonam‚
1116 2648 1254 2723 ladrum,

231 2757 370 2830 Nonam,
398 2758 526 2830 Senam,
555 2757 676 2832 Polam,
704 2758 901 2833 Parenciam,
923 2760 1144 2843 Capostiriam,
1166 2761 1254 2823 Trie-

231 2869 342 2931 stinam
358 2867 515 2932 ciuitatem
530 2887 566 2930 ac
581 2878 686 2933 cetera
700 2869 793 2933 multa
809 2872 925 2954 oppida
938 2892 1107 2954 occupans,
1122 2875 1153 2936 in
1165 2892 1253 2936 mon-

231 2981 312 3044 tanis
328 2981 472 3063 peruenit
491 2983 618 3045 tandem
632 2982 842 3065 aquilegiam,
864 2985 952 3048 ouius
968 2986 1180 3070 magnitudine
1195 2985 1256 3048 cir-

232 3100 409 3174 cumspecta
431 3091 636 3174 stupefactus,
658 3114 692 3157 se
714 3094 880 3158 contusum
900 3097 1078 3178 reputabat,
1100 3096 1125 3159 si
1141 3097 1254 3159 dictam

232 3204 387 3269 ciuitatem
402 3204 646 3288 inexpugnatam
665 3204 861 3287 reliquisset,
882 3226 939 3291 pro
955 3228 993 3270 eo
1008 3208 1160 3282 maxime,
1181 3208 1255 3290 quia

231 3317 432 3400 quamplures
447 3317 644 3401 Longobardi
661 3318 700 3381 de
714 3318 891 3393 Pannonia,
912 3320 965 3403 qui
976 3320 1141 3384 Hunorum
1155 3320 1255 3384 domi·

231 3429 315 3491 nium
336 3436 367 3491 et
387 3429 499 3493 Ethele
526 3438 775 3503 contemserunt,
798 3431 976 3514 confugisse
996 3432 1029 3494 iu
1051 3433 1151 3515 ipsam
1171 3430 1254 3495 lere·

231 3539 354 3603 bantur.
384 3561 464 3623 quos
484 3543 612 3626 quidem
633 3563 652 3605 a
673 3543 794 3605 ciuibus
817 3563 873 3625 per
893 3543 1023 3605 nuncios
1045 3550 1202 3625 repetens,
1223 3550 1255 3606 ot

205 3702 216 3731 ,
232 3650 305 3712 dum
319 3652 442 3715 tradere
457 3660 654 3727 recusarent,
670 3672 851 3737 expugnare
867 3654 949 3736 eupit
963 3654 1122 3717 ciuitatem
1136 3654 1254 3717 machi-

231 3780 341 3824 narum
357 3763 488 3827 diuersis
503 3764 728 3829 instrumentis.
751 3784 844 3849 quam
859 3766 932 3829 dum
947 3785 1061 3849 capere
1077 3766 1255 3830 nullatenus

230 3873 399 3954 potuisset,
419 3875 543 3938 obsedit
556 3895 625 3938 eam
641 3896 723 3941 anno
737 3895 802 3941 uno
817 3884 848 3941 et
862 3878 1000 3940 dimidio.

311 3985 430 4050 Accidit
450 4006 526 4070 ergo
548 3987 599 4050 die
620 4006 695 4062 uno,
717 3997 751 4053 ut
766 3988 910 4054 eamdem
925 3991 1072 4054 circuiret
1085 3990 1255 4071 ciuitatem,

231 4094 335 4159 multis
356 4096 491 4161 fitooicis
515 4099 583 4163 eius
606 4099 695 4163 laten'
719 4102 955 4176 adherentibus,
982 4103 1015 4165 in
1036 4104 1149 4187 quibus
1167 4104 1255 4171 iuxta

231 4226 289 4275 suo
302 4206 481 4295 opinionem
500 4209 574 4276 fidei
594 4231 683 4297 spem
697 4214 864 4278 maximam
886 4217 1075 4301 apponebat.
1096 4224 1129 4282 et
1141 4219 1253 4287 uidens
