2798 4764
176 338 218 418 dl
469 364 598 414 monaca
617 360 827 411 nmoaaoaorr
847 340 908 427 (ὅ).

178 532 253 590 ruant
275 522 452 586 condictum
477 540 624 605 magnum
647 528 717 584 octo
739 518 858 582 diebus.
887 517 1013 582 tradidit
1029 523 1133 580 autem
1148 535 1205 581 eoa

162 635 257 700 *deus
272 635 304 699 in
320 652 430 697 manos
445 630 557 716 Aquilo
578 631 661 715 regis
682 637 809 714 propter
828 649 935 713 regem
950 649 1058 694 eorum
1074 627 1206 694 casimi-

179 767 257 822 rum,
268 766 362 830 quem
375 744 573 808 tradiderunt
583 752 615 808 et
627 743 760 825 turpiter
769 739 963 805 occiderunt
985 739 1049 806 cesi
1062 749 1135 804 sunt
1150 759 1206 803 au-

179 866 243 923 tem
265 855 368 919 Sclaui
388 864 419 919 et
438 853 581 928 Cbruati,
603 853 654 917 alii
674 851 848 935 lugierunt,
869 851 922 916 alii
938 851 972 914 in
992 851 1206 934 captiuitatem

181 969 359 1036 ductisunt.
1130 1053 1133 1056 ψ

263 1081 339 1144 Cum
361 1086 464 1143 autem
487 1088 559 1162 post
579 1078 741 1142 uictoriam
760 1076 890 1141 lluuiunr
906 1077 961 1161 qui
975 1077 1078 1140 Draua
1092 1076 1208 1143 dicitur

179 1195 417 1280 pertransisset,
439 1201 470 1256 et
485 1191 616 1256 uidisset
630 1200 744 1254 terram
759 1188 883 1273 planam
898 1198 993 1272 atque
1006 1187 1207 1272 frugiferam,

180 1313 305 1390 etpost
329 1303 418 1366 XXV
432 1321 585 1366 annorum
610 1298 800 1366 curriculum
825 1300 865 1363 ab
887 1320 1017 1383 egressu
1040 1307 1124 1364 terre
1149 1318 1206 1365 aaa

180 1415 341 1482 orientalis
355 1415 489 1500 Ungarie
504 1420 731 1496 computasset,
753 1420 785 1474 et
798 1420 869 1493 post
882 1418 1037 1474 tantorum
1051 1409 1208 1475 bellorum

179 1528 329 1594 uictorias
350 1547 383 1589 se
404 1527 598 1590 debilitatum
619 1523 844 1607 presensisset,
865 1522 940 1606 quid
962 1542 1058 1606 agere
1075 1521 1207 1589 deberet

181 1637 317 1722 cogitare
333 1635 431 1718 cepit,
446 1644 549 1699 utrum
564 1637 598 1699 in
611 1644 728 1698 terram
743 1635 901 1717 propriam
915 1633 1035 1707 redire,
1049 1633 1102 1697 uel
1115 1634 1207 1701 istaut

180 1758 364 1832 occupatam
379 1748 566 1831 possideret
587 1749 672 1811 uude
683 1766 753 1810 cum
764 1746 955 1812 multosdies
967 1748 1000 1811 in
1012 1748 1206 1831 cogitatione

180 1871 213 1927 et
225 1861 354 1925 tristicia
369 1862 500 1925 duceret
512 1879 579 1934 rex,
600 1859 662 1923 boe
677 1859 707 1924 ei
721 1860 839 1922 bonum
854 1861 956 1924 uisum
971 1869 1019 1924 est
1032 1860 1207 1936 consiliata,

180 1974 207 2039 si
221 1992 337 2038 uxores
352 1970 480 2036 Sclauas
494 1979 527 2037 et
538 1971 690 2037 Chruatas
703 1972 880 2054 copularet,
895 1972 938 2036 ita
953 1981 1067 2037 terram
1082 1974 1114 2037 in
1127 1992 1207 2057 paca

181 2095 213 2152 et
234 2086 341 2170 quiete
364 2084 550 2167 possideret.
583 2084 667 2167 quod
691 2103 762 2147 cum
783 2084 942 2148 retulisset
965 2086 1115 2150 exercitui
1137 2106 1208 2164 eoo,

180 2197 298 2285 placuit
318 2197 463 2261 omnibus
484 2196 657 2260 consilium.
687 2194 901 2261 obambulauit
920 2207 1023 2261 autem
1045 2207 1160 2286 terram
1174 2206 1209 2265 at

182 2311 396 2377 delectabatur
410 2311 443 2373 in
458 2329 509 2384 ea,
530 2311 604 2394 quia
620 2320 702 2374 terra
716 2310 943 2393 promissionis,
965 2320 1111 2394 unquam
1124 2318 1209 2378 terra

181 2423 350 2488 israelitico
361 2421 489 2506 populo.
511 2421 611 2485 missis
622 2432 727 2486 autem
742 2422 864 2486 nunciis
878 2422 944 2486 sois
954 2423 1075 2506 accepit
1089 2443 1108 2486 a
1121 2422 1210 2507 prin·

183 2536 251 2618 nipe
262 2534 443 2597 Sclauorum
458 2533 553 2597 tiliam
569 2535 705 2598 detribu
720 2535 842 2609 eadem,
856 2543 888 2599 et
899 2534 1055 2618 copulauit
1067 2535 1127 2599 sibi
1137 2542 1209 2602 earn

182 2647 214 2709 in
230 2664 377 2717 uxorem,
398 2644 539 2707 similiter
553 2653 585 2707 et
598 2646 754 2709 exercitus
768 2646 837 2710 eius
852 2647 891 2709 de
908 2647 1018 2708 eadem
1033 2646 1115 2710 tribu
1131 2666 1209 2713 uxo-

184 2754 271 2818 ribus
285 2755 449 2838 copulatos
464 2764 521 2819 est.
549 2756 762 2837 pertransiens
778 2764 882 2821 autem
898 2756 1073 2820 Danubium
1088 2756 1209 2824 inuenit

184 2875 297 2930 terram
313 2866 437 2948 planam
452 2875 484 2929 et
497 2876 719 2948 campestrem,
739 2867 910 2950 herbisque
925 2870 1090 2950 supertluis
1104 2870 1210 2935 uiren-

184 2989 264 3052 tem,
286 2978 463 3062 pastoribus
486 2989 518 3043 et
539 2979 710 3061 pecudibus
732 2999 790 3055 sou
803 2979 950 3045 iumentis
964 2990 996 3045 et
1011 2981 1148 3064 poledris
1162 2982 1211 3046 in-

185 3091 309 3155 domitis
332 3091 466 3174 pleoam.
491 3111 564 3155 uam
585 3091 618 3154 in
640 3101 723 3156 terra
743 3091 803 3156 bac
817 3091 917 3156 solum
932 3102 1075 3177 pastores
1095 3102 1128 3158 et
1141 3114 1210 3163 ara·

184 3213 270 3268 tores
290 3203 502 3267 morabantur.
537 3223 593 3266 rex
615 3223 693 3267 uero
712 3202 879 3269 Sclauouie
899 3215 931 3269 et
950 3206 1106 3271 Cbruacie
1127 3206 1212 3291 cirea

186 3337 273 3382 mare
297 3317 511 3381 delectabatur
531 3317 563 3380 in
585 3317 712 3381 ciuitate
736 3337 798 3401 que
821 3318 941 3400 Sipletb
965 3319 1088 3395 dicitur,
1115 3338 1210 3404 quan

185 3438 311 3493 sanctus
325 3426 438 3494 Paulus
459 3428 619 3513 apostolus
641 3430 683 3491 ad
702 3428 797 3493 fidem
817 3429 1017 3495 christianam
1041 3431 1210 3507 conuertit,

185 3546 218 3603 et
236 3540 336 3624 ipsam
358 3540 567 3624 episcopalem
589 3541 770 3605 cathedram
791 3541 818 3604 V
835 3544 926 3606 annis
947 3542 1063 3618 tenuit,
1095 3542 1209 3609 deiude

187 3650 331 3713 ordinato
346 3652 495 3734 episcopo
510 3653 638 3716 Romam
653 3652 757 3736 peciit.

267 3762 342 3825 Post
355 3761 415 3825 bec
430 3770 535 3826 autem
557 3765 656 3829 mouit
669 3785 720 3840 se,
741 3772 773 3828 et
786 3765 998 3848 pertransiens
1011 3765 1142 3829 fluuium
1155 3767 1211 3852 qai

187 3872 281 3938 Cbisa
301 3874 423 3950 dicitur,
451 3875 558 3960 ibique
579 3876 783 3958 planiciorem
803 3888 836 3942 et
854 3877 1077 3960 speciosiorem
1097 3887 1211 3946 terrare

185 3984 323 4062 inuenit,
346 3986 379 4049 in
392 4005 456 4073 qua
469 3987 568 4073 magis
584 3988 740 4056 delectare
755 3988 848 4072 cepit.
869 3998 941 4052 tuuc
957 3988 1110 4053 aduocato
1124 3990 1211 4057 omui

188 4098 326 4164 exercitu
340 4118 409 4175 suo,
430 4100 470 4165 ad
483 4099 609 4166 laudem
623 4109 656 4168 et
668 4101 797 4188 pluriam
811 4100 969 4166 exercitus
983 4101 1031 4166 soi
1045 4101 1211 4190 Unpariara

186 4230 258 4283 eam
278 4213 453 4303 appelauit,
472 4214 691 4304 distribuitque
708 4214 901 4303 principibus
916 4223 948 4282 st
961 4214 1133 4287 baronibus
1148 4227 1210 4288 ter·
