2798 4764
193 324 255 387 rao
515 341 700 388 nnsssrnnu
725 341 767 387 nn
789 340 900 387 utun.

194 491 257 575 Stp
270 493 310 556 ad
325 494 462 557 condens
476 494 595 557 serrum
607 493 814 566 barnoinum,
835 500 869 555 ut
882 490 978 555 bomo
988 487 1163 571 Obulgnni
1177 487 1242 553 ier·

190 625 263 687 'rum
277 614 428 687 portaret.
453 606 487 669 in
502 607 552 669 die
567 614 673 669 nutem
687 605 859 669 leuocionis
871 603 950 667 ferri
964 602 1105 685 predicti
1120 601 1239 665 bliculn

193 728 226 783 et
240 719 384 782 Cracbun
404 718 662 799 subterfugerunt
682 717 829 779 iudicium
851 714 949 790 locri,
969 714 1123 779 dicentes
1149 716 1237 797 quot

192 848 257 893 non
281 829 471 893 obsisterent
494 829 613 911 absque
636 826 877 911 ioubagionibus
906 825 1001 891 castri
1031 825 1238 903 absentibus,

193 960 264 1004 cum
279 942 392 1023 quibus
407 959 535 1003 causam
549 940 742 1004 leuauerunt.

212 1083 217 1107 ι
275 1049 360 1134 (366)
382 1052 459 1115 Cum
481 1058 567 1114 esset
587 1050 723 1114 edictum
751 1070 768 1113 o
790 1069 866 1131 rege
887 1049 1031 1122 Andrea‚
1060 1049 1158 1132 quod
1180 1069 1235 1113 cn·

192 1173 330 1228 strenses
348 1163 505 1246 dispersos
530 1163 622 1226 castri
644 1161 876 1244 recolligerent,
905 1159 1138 1225 Bicborienses
1160 1182 1234 1225 cum

191 1275 432 1358 ioubogionibus
455 1294 580 1349 corum,
601 1273 722 1337 scilicet
743 1274 842 1348 Luca,
870 1272 979 1346 Paulo,
1002 1273 1073 1336 Tio
1101 1282 1138 1337 et
1162 1272 1234 1337 aliis

192 1387 402 1471 impccierunt
423 1386 577 1469 quosdam
604 1385 828 1468 inseparabiles
851 1384 1061 1467 ioubagionos
1089 1385 1234 1449 ecclesie

175 1499 328 1572 'Tedarn,
348 1497 465 1561 scilicet
485 1496 622 1568 Bellum,
642 1498 709 1571 Fib,
738 1505 770 1560 et
790 1497 920 1578 Bogunn
942 1495 983 1559 de
1004 1494 1083 1558 uilla
1102 1496 1234 1579 Apatbi,

192 1610 331 1674 dicentes
352 1611 437 1694 quod
457 1610 544 1673 ciues
564 1618 671 1673 essent
684 1607 912 1672 Bicbon'entes
940 1608 1040 1671 obbas
1055 1617 1173 1672 nutem
1191 1609 1233 1675 de

131 1784 142 1791 .
191 1722 368 1804 supradicta
383 1721 514 1784 ecclesia
529 1728 560 1783 et
571 1721 637 1781 Uilc
650 1727 804 1802 patronus
818 1717 952 1782 ecclesie
968 1718 1138 1793 eiusdem,
1159 1739 1234 1783 cun

190 1833 284 1895 Petro
299 1839 432 1912 cognato
447 1829 512 1893 Uilc
531 1830 677 1892 dixerunt
691 1830 777 1911 quod
796 1829 1003 1912 ioubogioucs
1023 1838 1141 1893 essent
1163 1850 1236 1893 ιιιο·

190 1941 320 2007 nestorii
334 1940 502 2005 l'ordensis
516 1939 751 2024 inseparabiles.
782 1961 862 2024 quos
878 1940 1053 2015 Tiburnus,
1075 1940 1188 2024 Gyuln
1201 1950 1238 2007 et

190 2052 299 2118 llelias
320 2053 467 2129 comites,
495 2052 682 2116 auctoritate
703 2053 788 2134 regis
810 2052 991 2117 huiusmodi
1012 2071 1135 2117 cousus
1149 2054 1237 2118 iudi·

190 2175 307 2239 cantos,
333 2183 471 2248 posuere
496 2184 591 2248 super
614 2165 824 2228 iuramentum
849 2162 1012 2227 memorati
1034 2163 1177 2231 Abbati·
1202 2174 1237 2230 et

188 2277 319 2360 predicti
343 2277 466 2359 patroni
492 2297 563 2339 cum
587 2276 728 2358 predicto
751 2282 885 2358 cognato
906 2293 976 2338 suo.
1006 2274 1062 2356 qui
1090 2276 1236 2343 uentum

189 2408 295 2451 coram
317 2388 468 2470 pristaldo
483 2408 592 2451 eorum
607 2386 763 2450 dominico
779 2386 818 2447 de
833 2403 949 2468 genere
962 2385 1068 2456 Rusti,
1098 2386 1236 2451 iuraue-

188 2507 262 2562 runt
281 2518 376 2580 super
391 2498 592 2581 sepulchrum
613 2496 711 2560 sancti
724 2495 861 2560 Ladislai
874 2495 977 2578 regis,
998 2495 1095 2561 etsie
1110 2500 1236 2579 probu-

187 2619 304 2672 uerunt
318 2609 404 2690 quod
419 2617 526 2672 essent
539 2606 744 2689 ioubagiones
760 2606 969 2691 prenominati
981 2608 1020 2670 de
1036 2607 1110 2671 iuro
1125 2609 1236 2672 ecclc·

188 2719 233 2781 sie
250 2720 401 2801 predicte.
436 2719 439 2723 ’

271 2829 359 2905 (367)
388 2828 490 2890 liceto
519 2829 557 2892 de
584 2830 657 2891 uilla
681 2830 834 2892 Cbokobn
861 2839 893 2892 et
917 2830 1045 2892 Cburno
1077 2831 1122 2892 de
1149 2831 1234 2896 uilla

189 2936 308 3020 Umony
333 2937 418 2999 ciues
445 2938 484 2999 dc
507 2938 644 3011 Rumon,
674 2940 933 3004 coodiuuantibus
957 2939 1102 3003 eiusdem
1130 2945 1232 3007 castri

189 3047 440 3131 ioubagionibus‚
461 3047 580 3113 scilicet
601 3050 713 3123 chur,
734 3052 838 3125 Petro,
858 3050 948 3113 Dedo
968 3059 999 3112 et
1017 3051 1100 3125 aliis,
1122 3053 1233 3135 impe-

191 3161 312 3223 cierunt
332 3162 484 3244 quosdam
510 3162 549 3225 de
574 3161 649 3223 uilla
669 3161 756 3245 Pelg,
778 3163 903 3238 Cikom,
925 3163 1053 3227 etitem
1080 3165 1124 3225 de
1148 3166 1232 3227 uilln

192 3274 318 3335 Tornua
333 3274 451 3336 Nonum
474 3281 505 3336 et
518 3273 703 3346 Belcheam,
723 3273 782 3335 hos
802 3274 930 3357 inquom
946 3293 1054 3335 omnes
1068 3274 1231 3357 impecie·

188 3393 262 3446 runt
277 3405 332 3466 pro
344 3384 524 3446 conciuibus
538 3383 614 3446 suis.
633 3382 678 3446 illi
691 3393 796 3447 nutem
808 3385 956 3447 dixerunt
968 3406 1003 3448 so
1017 3405 1089 3448 esse
1101 3386 1230 3451 liberos

189 3504 220 3559 et
233 3496 314 3557 filios
328 3496 461 3578 hospitis
475 3496 675 3558 Boe-morum.
702 3515 838 3578 quorum
852 3496 1027 3560 libertatem
1042 3517 1115 3559 cum
1132 3508 1230 3562 tene·

187 3617 257 3669 rent
272 3609 375 3669 Puslra
396 3609 434 3672 dc
450 3607 524 3670 uilla
540 3608 647 3669 Simon
671 3618 703 3669 et
717 3607 830 3670 Nuubu
847 3608 886 3670 de
902 3609 1041 3688 predicta
1061 3609 1138 3672 uilio
1152 3611 1230 3673 blo·

189 3717 312 3791 chunis,
325 3719 535 3800 prenominati
550 3728 723 3782 castrenses
738 3718 884 3781 dixerunt
897 3717 983 3800 ipsos
998 3739 1129 3801 quoque
1144 3741 1229 3786 suos

188 3847 257 3889 esse
273 3830 430 3892 concines.
457 3853 592 3914 quorum
607 3850 735 3894 causam
758 3829 879 3892 iudices
894 3849 913 3893 a
926 3851 1002 3912 rege
1015 3830 1148 3895 Andron
1167 3835 1229 3897 de-

186 3940 297 4023 legati,
319 3940 437 4003 scilicet
457 3944 571 4007 Tomos
596 3942 780 4025 episcopos,
808 3943 912 4005 Pousa
935 3944 1052 4016 benus,
1079 3942 1230 4025 Symeon

188 4071 303 4127 comes,
325 4072 382 4133 per
396 4051 582 4133 pristaldum
596 4055 730 4117 Gutmon
751 4055 791 4117 ad
815 4074 948 4117 examen
963 4053 1039 4116 ferri
1053 4057 1229 4121 candentis

186 4163 338 4227 miserunt
353 4162 559 4241 barnoinum,
580 4174 614 4229 ut
625 4165 741 4249 prolati
754 4166 933 4231 libertatum
947 4165 1149 4245 defensores,
1174 4170 1232 4234 iu-
