2798 4764
506 1423 559 1486 DE
580 1420 784 1485 NOBILIBUS
805 1419 984 1484 ADUENIS.

314 1713 361 1799 (1)
383 1716 460 1779 Cum
481 1735 560 1798 pura
581 1716 740 1798 ilungaria
764 1716 871 1798 plures
894 1715 992 1778 tribus
1015 1713 1068 1777 uel
1091 1714 1258 1796 progenies

232 1849 297 1891 non
311 1829 442 1902 babeat,
457 1848 549 1911 quam
565 1827 789 1910 generaciones
803 1835 929 1890 eentum
943 1834 975 1888 et
988 1834 1071 1898 octo,
1084 1826 1258 1889 uidendum

232 1948 293 2014 est,
314 1941 398 2004 unde
412 1960 482 2002 esse
497 1940 615 2003 babent
633 1939 757 2001 illorum
773 1938 955 2021 progenies,
977 1938 1031 2021 qui
1047 1939 1086 2001 do
1100 1947 1184 2001 terra
1197 1939 1258 2000 La·

231 2051 296 2115 tina
315 2050 367 2114 nel
388 2051 427 2114 dc
445 2050 644 2127 Alamannia,
671 2049 724 2114 uel
745 2050 785 2113 de
806 2050 876 2113 aliis
886 2050 1070 2138 pegionibus
1085 2050 1258 2113 descende-

231 2170 314 2225 runt.

312 2270 359 2355 (2)
377 2275 448 2336 Dux
463 2294 598 2357 namque
613 2271 731 2336 Gcicha
745 2273 785 2335 de
800 2292 916 2356 genere
933 2273 1045 2347 Turul,
1065 2274 1116 2335 cui
1133 2293 1188 2355 pre
1205 2292 1257 2335 ce-

228 2384 305 2447 teris
318 2385 475 2467 Hungnris
496 2386 657 2448 oraculum
681 2384 845 2466 prolluisse
868 2384 907 2447 de
921 2384 1067 2465 superius
1081 2384 1202 2457 dicitur,
1222 2390 1258 2445 ut

230 2498 388 2578 reciperet
408 2497 504 2560 iidem
524 2499 724 2571 catholicam,
756 2505 788 2560 et
810 2497 1008 2577 baptismum.
1048 2497 1122 2579 qnia
1146 2512 1256 2558 manus

230 2608 545 2689 gestabatsanguine
568 2609 705 2671 hnmano
727 2608 883 2681 medates,
905 2626 964 2670 nec
979 2615 1046 2672 erat
1060 2608 1193 2671 idonens
1216 2607 1257 2669 ad

229 2715 323 2780 fidem
337 2728 524 2782 conuertere
537 2728 653 2782 tantam
670 2731 814 2804 gentem,
834 2720 907 2783 licet
921 2720 987 2803 ipse
999 2720 1175 2801 domusque
1187 2720 1255 2781 eins

229 2848 287 2911 per
307 2838 448 2892 sanctum
463 2831 665 2894 Adalbertnm
684 2833 830 2914 baptismi
850 2834 987 2916 graciam
1006 2831 1187 2912 recepisset,
1209 2840 1256 2894 ta-

230 2961 302 3004 men
318 2942 347 3006 ei
363 2942 403 3005 dc
418 2943 526 3006 celesti
547 2944 661 3008 throno
676 2946 808 3008 uerbum
827 2946 929 3018 uenit,
949 2945 1034 3028 quod
1049 2964 1068 3007 a
1081 2943 1134 3006 tali
1147 2943 1257 3007 resile-

229 3061 278 3117 ret
292 3054 443 3137 cogitatu,
464 3057 550 3139 qnod
565 3057 625 3119 hec
641 3057 746 3120 omnin
759 3057 904 3120 iacienda
918 3067 1028 3121 sancto
1043 3056 1200 3137 Stephano
1217 3075 1257 3120 ex

229 3165 300 3249 ipso
315 3166 472 3230 nascituro
488 3167 627 3231 altissimi
642 3168 814 3231 clemencia
830 3168 1000 3233 ordinarat
1026 3168 1112 3232 Unde
1127 3169 1189 3231 hoc
1203 3188 1258 3231 au-

231 3279 310 3353 dito,
333 3280 365 3341 id
386 3280 472 3362 quod
495 3281 597 3361 potuit
616 3288 648 3343 et
668 3281 778 3344 debuit
799 3281 883 3343 circa
901 3282 1177 3344 conuersncionom
1199 3300 1257 3343 sue

230 3392 332 3473 gentis
352 3394 526 3456 secundum
542 3393 777 3456 ordinacionem
801 3393 832 3455 S.
842 3392 1003 3456 Adalberti
1017 3392 1184 3473 Progensis
1199 3391 1258 3453 sct-

230 3501 304 3566 lieet
319 3506 459 3588 episcopi
473 3506 578 3570 iacere
593 3526 656 3567 non
673 3505 786 3569 omisit.
815 3505 899 3567 misit
911 3507 1016 3586 itaque
1038 3523 1112 3565 suos
1126 3501 1258 3564 nuncios

230 3610 264 3673 in
284 3612 483 3678 christianam
503 3618 666 3699 regionem
685 3636 777 3678 suum
791 3615 984 3677 desiderium
998 3614 1142 3676 omnibus
1157 3610 1260 3675 diuul-

232 3723 344 3805 gsndo.
377 3736 571 3809 quapropter
591 3728 653 3790 boc
675 3727 797 3800 audito,
819 3725 905 3788 multi
924 3726 1072 3799 comites,
1093 3724 1206 3787 milites
1228 3732 1262 3787 et

230 3835 353 3899 nobiles
373 3856 411 3898 ex
433 3838 524 3899 terris
539 3838 786 3902 Christianorum
807 3839 847 3902 ad
871 3856 943 3900 eum
958 3842 1168 3898 accesserunt.
1190 3835 1261 3917 qui-

231 3947 303 4013 dam
319 3947 402 4010 enim
418 3967 457 4011 ex
471 3949 517 4012 cis
531 3968 639 4012 amore
653 3951 728 4026 Dei,
750 3960 784 4012 nt
797 3950 899 4032 ipsum
914 3947 1028 4009 ducem
1041 3953 1149 4008 contra
1163 3965 1261 4029 paga·

229 4078 300 4134 nos,
322 4060 376 4143 qui
397 4058 492 4122 fidem
513 4079 578 4122 non
595 4059 792 4142 acciperent,
814 4059 1017 4132 adiuuarent,
1038 4065 1069 4121 et
1083 4056 1151 4132 alii,
1174 4060 1259 4142 quod

231 4170 271 4237 de
285 4169 361 4256 ipsis
375 4170 516 4256 paganis,
537 4179 569 4237 et
581 4170 837 4256 persecutoribus
852 4170 994 4254 ipsorum
1009 4178 1114 4235 essent
1127 4169 1260 4236 liberati.
