2798 4764
480 327 664 389 memnon
688 338 729 387 ns
750 334 862 397 nrm
1119 311 1182 397 Η

157 494 257 569 torio,
276 492 386 559 Petrus
408 493 496 557 orbis
510 493 685 575 prefectus,
705 504 737 557 et
751 512 860 557 omnes
873 491 925 557 olii
938 493 1107 576 impeciere
1122 492 1183 578 Cp·

158 606 229 669 titt
242 613 276 669 et
288 605 400 669 iratres
415 625 500 679 snos,
520 605 653 669 scilicet:
677 607 814 679 Nemeo,
836 606 972 679 Petrum,
994 604 1184 681 Psnlnmnt

156 715 318 795 trecium,
339 718 426 799 qnod
440 726 547 781 essent
560 736 669 780 eornm
685 717 896 792 contribules,
914 718 972 781 sed
985 715 1030 779 illi
1044 736 1184 801 negotiob

156 836 245 901 runt,
271 828 328 890 sed
354 827 501 891 dixerunt
524 846 560 891 se
582 847 653 889 esse
679 826 718 889 de
744 846 861 908 genere
885 827 1037 909 equestri,
1065 824 1184 891 scilicet

156 939 289 1002 militum
304 939 399 1021 regis,
413 948 445 1002 ot
459 938 608 1002 dixerunt
621 939 774 1021 quosdam
789 940 829 1005 ‹le
843 959 961 1020 genere
975 958 1034 1002 suo
1048 937 1183 1003 scilicet:

155 1049 235 1115 Petis
249 1058 281 1114 et
294 1050 408 1117 Sicism
422 1050 463 1113 de
478 1049 552 1113 nilla
562 1050 656 1139 Bago.
678 1050 791 1131 quibus
806 1051 889 1113 idem
904 1057 1083 1113 constanter
1097 1068 1185 1113 esso·

156 1161 308 1234 rentibus,
330 1160 429 1244 Gyule
445 1180 552 1224 comes
566 1159 663 1223 irater
677 1161 797 1234 Retolt,
819 1160 955 1225 nicatius
977 1160 1072 1225 index
1092 1160 1179 1243 repis

158 1270 307 1334 indicauit
319 1273 402 1353 quod
415 1271 509 1333 homo
521 1272 655 1333 duorum
671 1272 894 1346 adductorum,
914 1272 1032 1336 t'errum
1046 1278 1185 1354 portem

159 1381 320 1454 Uaredini,
352 1381 424 1446 dsto
444 1382 601 1446 intereos
623 1383 774 1464 pristaldo
795 1383 1021 1466 christophoro
1044 1383 1085 1446 de
1107 1381 1184 1446 nilla
1199 1424 1215 1437 κ

158 1493 309 1557 nontam.
322 1512 405 1557 cem
421 1494 609 1560 Uoratlinum
624 1496 785 1559 uenissent
801 1495 931 1577 predicti
945 1495 1054 1559 ciuiles
1068 1504 1101 1559 et
1112 1494 1184 1559 ione

156 1603 307 1687 sagiones
328 1606 440 1677 nestri,
460 1604 647 1687 refugerunt
667 1605 814 1669 iodicium
835 1606 912 1670 terri
930 1606 1111 1680 condentis,
1131 1625 1188 1682 roe.

156 1726 383 1798 cognoscentes
407 1736 443 1781 se
466 1716 674 1781 reddiderunt
698 1715 888 1798 culpabiles,
908 1728 939 1781 et
961 1737 1066 1780 norem
1087 1716 1185 1781 Uert-

157 1827 259 1891 diensi
281 1828 419 1909 capitolo
433 1838 550 1893 terram
569 1829 616 1892 eis
629 1828 670 1891 nd
686 1828 749 1892 dno
763 1838 866 1892 aratra
881 1827 913 1890 in
928 1827 1001 1890 oilla
1016 1829 1096 1911 Oym
1110 1826 1184 1891 retl-

157 1940 233 2003 dore
248 1949 484 2015 conuenerunt,
506 1958 576 2004 cnm
591 1941 682 2004 metis
697 1941 835 2024 undique
850 1940 1090 2021 circumpositis.

237 2051 318 2126 (80)
339 2051 471 2133 Epidius
492 2051 588 2114 abbas
610 2058 641 2114 et
655 2049 780 2113 curialis
795 2070 901 2114 comes
914 2049 983 2113 eins
997 2049 1117 2113 scilicet
1132 2047 1184 2113 tti-

157 2159 263 2223 colaus
278 2162 317 2222 de
332 2161 470 2233 Potrtnh,
491 2161 697 2242 impecierunt
709 2163 868 2235 Dezmert,
890 2160 1039 2242 Uiotestig
1054 2161 1093 2222 de
1108 2158 1184 2225 uitts

157 2269 404 2352 Uogolnptinen,
425 2273 510 2354 quod
534 2281 643 2336 essent
661 2273 792 2337 selliieri
815 2289 970 2356 sperones
987 2270 1121 2334 ecclesie
1143 2270 1183 2334 de

156 2382 291 2456 Pnztnh,
310 2382 363 2465 qni
385 2382 621 2463 responderunt
642 2402 677 2447 se
698 2403 769 2447 esse
790 2383 997 2466 ioubsgiones
1016 2380 1185 2447 bellatores

157 2491 298 2572 predicte
322 2492 468 2557 ecclesie.
501 2492 658 2555 indicibus
680 2493 785 2557 Becco
810 2494 924 2556 comite
948 2501 981 2556 et
1002 2490 1182 2573 supradicto

157 2603 271 2684 Epidio
291 2603 421 2676 abbate,
443 2602 592 2685 pristaldo
608 2603 730 2666 Pernen
752 2605 792 2667 de
813 2604 889 2669 uitta
911 2605 1020 2677 Necar,
1040 2605 1185 2677 nomen

157 2733 215 2794 pro
236 2734 271 2777 se
292 2723 325 2777 et
344 2733 404 2796 pro
422 2714 490 2777 otiis
506 2712 651 2777 Unrndini
671 2722 794 2796 portato
813 2714 898 2778 terro
920 2714 1102 2779 iustificatos
1122 2724 1182 2781 ent.

157 2824 230 2887 item
247 2825 329 2887 idem
345 2825 440 2887 nbbns
454 2825 584 2908 Epidius
600 2833 632 2889 et
647 2824 769 2887 curialis
785 2845 891 2888 comcs
905 2828 982 2899 eins,
997 2828 1055 2889 snb
1068 2827 1181 2893 eode-

156 2935 260 2999 indice
286 2945 319 3003 et
343 2936 504 3018 pristaldo,
524 2937 734 3020 impecieront
751 2937 819 3001 Zub
840 2937 880 3002 de
902 2938 976 3002 nilis
996 2938 1069 3013 Tur,
1096 2938 1182 3020 qnod

156 3055 241 3110 esset
259 3047 378 3111 sollifer
392 3065 488 3130 egero
510 3047 645 3112 ecclesie
660 3048 787 3112 Pestuh.
816 3049 870 3129 qni
893 3049 969 3122 Zub,
991 3068 1062 3111 cnm
1086 3048 1183 3113 uellet

154 3176 188 3220 se
203 3159 338 3239 probare
353 3179 423 3223 esse
437 3160 660 3241 ionbagionem
684 3160 865 3223 bellatorem
880 3159 1024 3223 eiusdem
1039 3159 1181 3233 ecclesie,

154 3277 278 3351 porteto
292 3270 377 3334 ferro
392 3272 575 3335 combustus
589 3277 646 3334 est.

237 3380 316 3454 (81)
337 3381 459 3444 Eurens
483 3381 608 3463 iobngio
631 3380 733 3462 ligidii
754 3383 876 3445 comitis
898 3383 937 3445 de
959 3380 1034 3444 uilla
1054 3380 1182 3445 Moiodt

155 3488 296 3572 impeciit
315 3491 447 3555 Paulum
473 3501 504 3556 et
528 3492 657 3556 tratrem
681 3494 749 3556 eius
770 3493 936 3557 Bcchleem
962 3494 1001 3555 de
1023 3489 1182 3555 occisione

154 3599 258 3674 irotris
271 3602 336 3676 sni,
356 3603 459 3665 indice
474 3603 588 3666 eodem
601 3602 714 3685 Egidio
728 3603 858 3676 comite,
873 3600 1024 3684 pristaldo
1039 3602 1125 3669 Bnko
1139 3598 1181 3665 do

155 3711 229 3776 nilla
239 3714 369 3778 Moiote.
389 3715 505 3779 Paulos
519 3714 676 3796 predictos
690 3725 815 3797 porteto
827 3715 911 3779 t'erro
925 3713 1181 3790 institutorem,

153 3823 319 3891 Bechleenr
334 3846 411 3891 nero
426 3827 607 3889 combustus
621 3834 679 3890 est.

237 3935 319 4010 (82)
346 3936 470 4020 Scegen
493 3936 534 3999 de
559 3936 634 3999 nilln
658 3936 768 4001 Geken
792 3936 930 4020 impeciit
950 3938 1111 4004 Andreem
1138 3936 1181 4009 d·

152 4041 230 4107 -nilln
243 4044 370 4133 maioris
383 4046 509 4124 Geken,
530 4047 617 4131 qnod
631 4046 725 4112 tillem
740 4069 830 4113 susm
843 4050 951 4132 nepoti
963 4068 1021 4115 sno
1035 4045 1180 4115 monast
1299 4116 1304 4125 ,

156 4155 313 4222 uiolenter
333 4158 503 4245 repuisset,
524 4168 556 4224 et
576 4159 636 4225 hec
656 4159 740 4224 idem
760 4159 825 4235 fitia
840 4161 925 4229 illins
944 4162 1085 4231 uomit
1115 4160 1181 4233 Λᾶ·
