2798 4764
247 362 435 423 smuu
455 366 547 419 ssu·
564 367 717 427 umus
736 366 945 431 sonuum
977 350 1076 431 lm
1112 348 1180 435 ,ut

145 518 260 593 alenus
279 517 412 597 ecclesie
432 519 601 601 prepositi,
622 538 705 584 suno
725 521 814 585 uerbi
837 521 989 599 iuosrpsti
1009 521 1179 603 millesimo

148 629 364 693 ducentesimo
389 628 545 714 uigesimo
572 633 725 696 secundo.
748 631 921 696 uenerabili
941 633 1036 697 loaoe
1058 632 1179 717 Stripo-

146 741 277 816 mense,
305 741 484 806 reuereodo
503 741 621 824 Ugriuo
644 741 818 807 Coloceose
844 742 1089 826 archiepiscopis
1110 740 1178 809 exi·

143 852 311 931 steutibus.
341 852 507 918 Desiderio
522 852 755 929 Chaoadiense,
772 853 916 918 Ruberto
933 852 1178 936 Uesprimieuse,

147 964 269 1029 lboma
282 965 450 1047 Agriense,
471 964 633 1048 Stephano
648 966 873 1048 Zagrabieuse,
893 965 1072 1031 Alexandro
1084 966 1179 1033 Uara-

147 1077 271 1151 (lieuse‚
287 1077 506 1143 bartholomeo
518 1077 870 1161 Quinqueecclesieose,
882 1077 1177 1155 Cosmalaurieoee,

99 1256 103 1263 ,
144 1189 266 1253 briccio
291 1190 454 1264 Uacieose,
483 1190 628 1256 Uiceucio
652 1191 821 1255 Nittricose
849 1190 1006 1273 episcopis
1039 1191 1178 1256 existen·

145 1299 237 1364 tibus.
257 1299 347 1384 regui
361 1301 459 1365 nostri
472 1320 557 1365 aouo
572 1302 695 1367 decimo
709 1302 853 1385 septimo.

203 1720 381 1805 llllllllAE
404 1721 447 1806 ll
471 1721 593 1807 ttott
617 1720 819 1809 mtttttt
846 1720 1120 1811 tttttttttul

570 1908 753 1974 uccxxtt.

505 2051 529 2104 ll
553 2058 657 2117 regesto
676 2049 813 2103 Vaticano.

228 2311 264 2374 la
278 2312 406 2375 nomine
420 2318 527 2376 sancte
540 2321 574 2376 et
586 2310 749 2377 indiuiduo
764 2309 919 2377 trinitatis.
949 2310 1102 2384 Andreas,
1123 2308 1176 2391 dei

145 2421 252 2505 gracia
266 2422 409 2504 Uogarie,
428 2423 604 2498 Dalmeoie,
619 2421 750 2487 Croscie
758 2467 768 2498 ,
788 2422 897 2497 Rama,
910 2421 1031 2496 scruto,
1045 2418 1175 2487 Gallicis

147 2534 399 2618 Lodosuerieque
413 2555 471 2599 rex
484 2535 517 2597 io
531 2542 730 2617 perpetuum.

230 2645 335 2721 Quum
348 2645 437 2710 iuxta
450 2646 668 2730 propheticum
681 2646 825 2711 Dauidici
845 2645 1001 2711 sermonis
1015 2644 1176 2731 eloquium

146 2756 326 2841 specialiter
340 2759 547 2823 adscribenda
568 2759 609 2823 sit
622 2756 834 2842 inlelligeocia
848 2758 975 2843 regibus
989 2766 1022 2823 et
1035 2757 1176 2823 erudicio

147 2875 262 2932 terram
288 2867 512 2933 iudicantibus:
543 2870 672 2953 dignum
699 2878 762 2948 est,
792 2879 827 2935 ut
847 2871 881 2935 iu
902 2868 1016 2935 borum
1041 2877 1176 2953 utroque

145 2982 233 3064 repis
259 2980 428 3045 maiestatis
453 2982 682 3065 circumpscrio
706 3004 742 3049 se
763 2990 942 3063 excercest,
962 2991 997 3047 ut
1017 3002 1082 3067 que
1102 2988 1177 3063 suut

147 3091 264 3156 cesarie
282 3093 383 3156 cesari
402 3093 561 3169 restituat,
582 3101 615 3157 et
628 3115 691 3177 que
704 3103 778 3159 suot
792 3094 842 3158 (lei
857 3094 991 3159 reddere
1005 3113 1069 3158 nou
1083 3091 1177 3159 omil-

147 3211 201 3267 tat.
229 3223 288 3268 nos
303 3203 410 3287 itaque
425 3205 485 3268 iam
501 3205 654 3269 dictorum
666 3205 796 3269 amoniti
809 3205 893 3269 serie
906 3205 1087 3279 racionem,
1106 3202 1177 3271 uui·

146 3316 248 3378 uersis
262 3335 368 3381 rorum
381 3316 660 3399 disposiciooibue,
680 3316 822 3400 regalem
834 3317 867 3380 in
881 3314 1092 3388 secularibus,
1113 3310 1178 3377 cle-

144 3427 272 3493 ricalem
293 3428 325 3491 iu
345 3427 559 3512 spiritualibus
583 3428 781 3511 preferentes
803 3426 1003 3510 (lignitatem,
1028 3423 1175 3489 omnibus
1247 3458 1255 3479 ·-

145 3538 178 3602 io
191 3560 292 3623 reguo
305 3549 415 3605 nostro
429 3538 606 3605 constitutis
627 3539 855 3612 sacerdotibus,
878 3537 1031 3612 diaconis,
1048 3536 1176 3611 subdis·

145 3651 245 3728 eoois,
266 3650 429 3734 acolythis,
450 3650 630 3725 exorcistis,
650 3649 842 3735 quibuslibet
862 3649 896 3712 iu
915 3657 1034 3713 sortem
1055 3646 1175 3713 domini

146 3783 204 3846 per
217 3772 378 3827 tonsuram
392 3763 570 3829 derioalem
586 3761 753 3846 insignius,
774 3760 869 3827 telem
882 3781 920 3826 ac
933 3768 1052 3827 uotam
1065 3767 1175 3827 aucto·

144 3871 236 3953 ritate
249 3875 337 3958 rcgia
353 3874 545 3941 conserimus
556 3873 734 3953 libertatem
744 3893 754 3936 s

228 3987 288 4063 (l)
308 3995 344 4053 ut
363 3987 390 4053 si
411 3985 565 4072 quispiam
586 3986 739 4067 meorum
758 4005 799 4050 ex
818 3984 870 4051 bis
890 3982 1030 4069 Quem
1046 3984 1116 4051 siue
1133 3982 1175 4049 tle

140 4097 356 4183 possessorio,
385 4119 442 4164 eeu
461 4098 503 4164 de
523 4099 619 4176 lauto,
638 4118 696 4163 eeu
717 4099 757 4163 de
778 4097 886 4173 terris,
903 4116 963 4163 seu
983 4114 1175 4181 quocunque

141 4209 208 4289 elio
223 4210 356 4291 solonis
375 4207 468 4293 oruc
478 4210 685 4313 ass-marl
697 4211 743 4295 ul
754 4210 893 4293 trabes
910 4208 1040 4315 urle·
1046 4205 1175 4293 “stle-
