2798 4764
216 343 259 414 id
509 362 638 412 menica
657 360 867 411 autrannus
887 340 946 428 (d).

220 518 424 585 decoraturus
447 527 570 595 eterna,
599 519 678 583 sicot
702 536 764 582 cuo
787 517 856 581 eina
880 516 992 600 Aquilo
1018 535 1076 598 per
1098 515 1244 599 angelum

219 641 357 697 canctunr
378 651 469 696 auum
490 633 692 717 promiseratc
720 631 792 714 quia
810 631 850 694 de
864 629 983 695 oernine
997 637 1053 695 tuo
1068 629 1248 712 egredietur

221 745 275 831 qui
289 746 419 809 Romam
433 745 466 807 in
479 743 652 809 bumilitate
666 742 817 808 uisitabit.

306 965 354 1050 (6)
378 968 478 1048 Quoto
491 979 518 1031 et
532 988 587 1048 guo
601 987 709 1030 corono
723 968 842 1030 Poiooia
855 987 916 1029 oon
929 969 986 1047 suit
1000 968 1082 1028 doto.
1125 964 1247 1029 Predxa

163 1152 164 1156 Ἰ
221 1081 325 1164 itaque
341 1081 392 1142 die
406 1098 468 1162 qun
481 1096 598 1141 corona
612 1080 690 1142 miro
704 1098 800 1162 opere
815 1085 978 1161 preparata
993 1076 1175 1141 Mescbconi
1188 1076 1249 1138 Po-

222 1189 365 1254 tonorum
390 1191 541 1254 mittenda
566 1198 649 1265 erat,
678 1199 854 1274 nocteque
878 1189 1068 1273 precedebat
1088 1208 1169 1273 pape
1192 1208 1251 1271 per

222 1302 326 1365 uisum
340 1300 470 1385 angelus
486 1299 599 1366 Christi
612 1302 745 1365 nuncius
760 1303 856 1366 astitit
871 1301 919 1364 cui
935 1302 1028 1365 dixit:
1050 1300 1183 1364 crastina
1197 1300 1250 1364 dia

223 1415 301 1478 bora
321 1416 418 1496 prima
438 1415 543 1497 ignote
562 1413 681 1497 gentis,
702 1414 806 1497 stirpis
821 1414 980 1477 orientatis
994 1413 1153 1496 Hungarie
1169 1433 1250 1475 nun-

224 1528 287 1591 cios
299 1527 339 1589 ad
350 1535 381 1590 te
392 1533 542 1588 uenturos
553 1545 624 1588 esse
635 1523 796 1607 cognouia,
806 1525 860 1607 qui
872 1544 928 1588 sue
940 1525 1118 1608 gentilitatis
1130 1522 1251 1588 abiecta

223 1638 384 1704 ferocitate
404 1635 563 1700 bumiiiter
580 1638 726 1719 prostrati
750 1656 808 1699 auo
832 1638 959 1700 domino
984 1637 1143 1718 Stephano
1161 1654 1252 1699 coro·

224 1769 296 1816 nanu
311 1772 328 1814 n
343 1758 375 1814 te
388 1750 507 1833 regiam
521 1769 592 1812 cum
606 1748 834 1814 benedictionis
856 1750 1026 1831 opostoiice
1048 1769 1177 1814 munere
1195 1749 1252 1812 da·

225 1863 378 1949 gitabunt.
410 1880 557 1924 cornuum
572 1882 646 1946 ergo
660 1863 759 1944 ipsam
773 1880 942 1945 preparare
956 1862 1056 1925 iecisti
1072 1860 1253 1925 Mescbconi

227 1974 299 2040 duci
320 1974 527 2047 Polonrmm,
555 1973 774 2056 Hungarorunr
806 1973 878 2036 duci
905 1980 999 2055 prout
1018 1981 1127 2054 petent
1146 1972 1254 2036 nuncii

225 2087 292 2151 eiua
303 2104 394 2149 cures
408 2086 475 2147 aine
489 2085 726 2149 contristatione
741 2085 984 2148 concertacionis
999 2085 1114 2168 largiri,
1132 2084 1253 2168 sibique

228 2219 295 2264 earo
311 2218 382 2262 curn
396 2197 484 2281 regni
504 2197 604 2282 gloria
616 2217 674 2279 pro
688 2198 752 2261 uite
767 2216 824 2260 sue
838 2198 957 2260 meritis
971 2196 1048 2259 seito
1063 2196 1181 2260 deberi.
1209 2192 1254 2259 iiii

229 2320 333 2376 autem
350 2311 401 2374 cni
420 2310 576 2393 postulata
595 2310 699 2373 iuerat
718 2328 783 2372 non
804 2309 862 2373 erit
883 2309 969 2383 dutn,
991 2309 1065 2392 quia
1086 2310 1255 2391 generacio

228 2424 270 2488 de
288 2423 356 2505 ipso
371 2421 487 2497 exibit,
508 2422 583 2503 quia
603 2421 672 2503 plus
687 2419 894 2485 delectabitur
907 2421 939 2483 in
961 2421 1057 2504 syiuis
1075 2421 1255 2485 crescendis

229 2553 322 2619 quam
333 2533 444 2606 uineis,
460 2532 529 2614 pius
542 2533 575 2595 in
590 2532 710 2596 tributis
723 2533 900 2596 coercendis
917 2538 949 2595 et
962 2531 1067 2595 berbis
1078 2534 1254 2613 superfluis,

229 2665 323 2729 quam
338 2645 479 2727 frugibus
493 2653 527 2708 et
539 2645 702 2708 frumentis
717 2645 886 2726 speciosis,
909 2643 977 2726 pius
990 2643 1072 2706 ieras
1087 2643 1255 2727 syiuarurn,

229 2770 325 2837 quam
339 2771 416 2814 oues
429 2759 461 2815 et
474 2751 573 2815 boues
589 2771 784 2834 camporum,
802 2751 871 2835 pluo
887 2773 979 2819 canes
994 2773 1090 2837 quam
1104 2756 1258 2831 homines,

230 2865 300 2948 pius
323 2865 516 2948 iniquitatem
538 2883 634 2947 quam
655 2864 826 2940 iusticiam,
857 2844 1139 2947 pius-tradiciones
1162 2885 1257 2949 quam

231 2978 446 3052 concordiam,
475 2976 544 3061 pius
566 2977 759 3059 tyrannidem
782 2996 875 3061 quarn
899 2978 1075 3053 caritatem,
1104 2989 1258 3064 eruntque

232 3089 322 3172 quasi
335 3088 439 3153 bellue
452 3098 600 3153 uorantes
614 3089 775 3164 homines,
796 3100 828 3156 et
841 3092 931 3174 quasi
946 3091 1119 3173 geminiccn
1135 3093 1258 3174 uipera·

232 3222 303 3268 rum
316 3203 463 3266 rodentes
477 3220 533 3266 cor
545 3210 628 3266 terre
642 3222 716 3277 oue,
738 3199 960 3268 obliuiscentes
976 3205 1093 3268 domini
1108 3205 1256 3270 creatoris

233 3315 298 3390 aui,
318 3313 511 3379 confidentes
526 3314 556 3377 io
572 3313 704 3378 stuiticiu
717 3315 864 3397 potencie
878 3333 952 3391 oue,
973 3324 1006 3380 et
1020 3336 1082 3378 non
1093 3319 1257 3381 credentes

234 3427 322 3491 dictis
345 3426 586 3510 propheciarum
608 3433 795 3488 sanctarum.
828 3427 902 3510 quin
926 3448 985 3512 ego
1012 3428 1156 3491 dominus
1179 3427 1257 3492 deua

234 3539 336 3613 iortia,
357 3537 508 3603 ulciscens
527 3539 561 3602 in
582 3540 710 3603 terciam
731 3546 763 3602 et
781 3546 925 3623 quartem
946 3541 1204 3622 generacionem,
1225 3546 1258 3603 et

235 3649 409 3732 affligentes
428 3668 480 3713 nne
500 3649 651 3731 affligam,
672 3669 732 3712 nec
746 3650 888 3714 transibit
908 3652 992 3733 apud
1007 3670 1057 3714 me
1071 3653 1186 3714 maium
1200 3652 1258 3714 inn-

235 3761 376 3846 punitum
390 3769 423 3824 et
434 3761 551 3824 bonurn
565 3769 808 3826 renumeratonr.
840 3760 1004 3843 posthanc
1019 3763 1258 3843 generacionem

236 3891 344 3939 eorum
365 3872 506 3956 sequenti
526 3890 577 3935 me
595 3873 744 3937 miserens
765 3872 948 3947 miserabor,
967 3881 1001 3937 et
1022 3893 1091 3937 earu
1112 3872 1258 3940 excitabo

159 4053 166 4069 ,
236 3994 269 4051 et
281 4003 395 4049 corona
408 3983 496 4068 regni
509 3984 676 4049 coronabo.
699 3987 794 4050 modo
807 4002 885 4048 uero
900 3984 949 4048 iac
963 3992 997 4049 ut
1011 3984 1087 4053 dixi.
1110 3992 1141 4049 et
1154 3985 1257 4052 stetim

237 4097 378 4168 discescit
391 4096 520 4186 angelus
533 4106 658 4164 raudus
677 4097 717 4164 ab
735 4118 788 4165 eo.
1261 4110 1264 4119 '
