2798 4764
243 338 545 403 umis-mnium
559 340 708 395 curreris
723 337 990 393 sorrosussrour
1010 319 1106 393 tw.
1146 317 1207 386 str

180 493 288 577 inclyti
307 513 399 575 reges
416 492 577 575 [iungaris
599 514 657 576 pro
679 494 882 575 repeticione
905 501 937 557 et
959 494 1206 559 conseruscione

180 605 328 678 turrium,
351 606 383 666 iu
398 605 512 668 eodem
525 614 629 670 castro
644 605 846 673 existenciunr
861 607 982 671 eisdem
996 607 1117 676 ciuibus
1130 624 1207 672 con-

181 724 356 790 cesserant,
376 716 471 779 iidem
487 716 648 798 percipere
665 717 788 782 ueiennt
803 716 933 799 pacifice
949 726 979 781 et
995 718 1110 799 quiete.

265 832 326 907 (5)
347 830 424 895 item
441 828 655 896 concessimus
668 829 788 893 eisdem
805 829 941 903 ciuibus,
962 830 1048 910 quod
1062 831 1208 911 quicum-

182 961 245 1024 que
259 941 367 1012 turrim
381 941 414 1002 in
428 941 497 1021 ipso
512 949 614 1005 castro
629 948 739 1003 nostro
753 938 980 1003 edificsuerunt
994 938 1045 1002 uel
1059 939 1208 1009 edificare

180 1052 338 1123 noluerint
358 1072 398 1116 ex
420 1072 522 1126 nouo,
547 1051 651 1122 nuilus
673 1061 778 1133 preter
796 1051 915 1134 regium
929 1073 1056 1116 manum
1070 1055 1207 1117 sufferre

181 1166 281 1249 possit
294 1164 345 1225 uei
359 1165 474 1227 debent
487 1165 526 1226 nb
541 1162 672 1226 eisdem.

264 1279 319 1352 (6)
341 1277 423 1338 Sane
443 1275 603 1348 uolumus,
625 1275 710 1357 quod
725 1276 904 1359 quicunque
924 1277 964 1340 de
986 1277 1063 1356 ipsis
1085 1278 1208 1340 ciuibus

183 1399 281 1463 terres
303 1408 360 1453 seu
382 1387 489 1450 uineas
510 1406 528 1448 n
544 1385 699 1451 nobilibus
717 1385 768 1450 uei
782 1387 821 1448 nb
836 1387 903 1455 siiis
921 1389 1078 1451 extraneis
1097 1388 1205 1469 precio

182 1499 447 1582 comparauerint,
469 1498 500 1558 in
524 1497 666 1561 libertate
686 1498 803 1561 ciuium
822 1499 947 1581 Supron
969 1500 1130 1581 possidere
1152 1520 1215 1569 uer

181 1611 267 1676 ieent
289 1619 321 1676 et
343 1611 474 1683 hebere,
496 1618 527 1673 et
552 1611 592 1673 de
617 1610 755 1692 qualibet
780 1611 873 1673 uinea
897 1612 929 1672 in
949 1620 1034 1693 terra
1056 1612 1206 1676 nobilium

183 1722 327 1788 existenti
342 1722 465 1784 nonnisi
480 1721 641 1802 sexaginte
654 1727 717 1784 tres
732 1720 855 1784 denarii
870 1721 1101 1802 persoluentur,
1120 1724 1208 1788 iuxts

182 1834 341 1917 antiquam
356 1852 466 1896 eorum
481 1831 667 1897 libertatem.

264 1948 324 2020 (7)
345 1946 423 2009 item
449 1944 609 2018 uolumus,
630 1945 716 2024 quod
739 1943 766 2007 si
792 1943 886 2026 aliqui
912 1945 1044 2020 nobiles,
1065 1947 1117 2011 uei
1138 1949 1209 2030 qui·

182 2078 315 2140 cumque
335 2057 434 2120 iibere
455 2056 646 2118 condicionis
667 2057 810 2119 homines
824 2057 864 2118 nd
882 2057 984 2138 ipsum
1000 2069 1136 2121 cestrum
1150 2080 1208 2122 uo·

181 2181 280 2247 strum
295 2168 485 2252 Soprunium
510 2169 681 2230 conuenire
703 2168 875 2243 noluerint,
895 2168 995 2231 iibere
1009 2171 1208 2246 conueniunt,¹

183 2291 214 2355 et
233 2302 343 2347 secure
366 2288 609 2353 commorentur,
630 2289 663 2342 et
682 2278 804 2342 nobiles
818 2279 1035 2361 possessiones
1051 2300 1160 2343 eorum
1174 2281 1208 2343 in

181 2394 322 2461 libertate
337 2392 453 2456 ciuium
469 2390 682 2473 predictorum
697 2390 822 2452 ualeant
840 2410 1047 2465 conseruere,
1068 2400 1100 2455 et
1112 2393 1139 2454 si
1153 2394 1208 2475 qui

183 2506 222 2571 de
246 2506 314 2587 ipso
338 2514 440 2567 cestro
464 2505 612 2566 recedere
635 2502 806 2575 noluerint,
827 2500 922 2565 saluis
943 2503 1038 2566 rebus
1052 2505 1209 2580 omnibus,

183 2617 317 2679 uenditis
331 2615 470 2687 edificiis,
485 2616 565 2677 iusto
582 2613 718 2696 terragio
730 2613 900 2696 persoluto,
915 2616 1067 2679 recedere
1082 2616 1209 2681 uniesnt

182 2729 223 2794 de
238 2729 361 2792 eodem.

264 2841 320 2915 (8)
341 2841 418 2902 item
441 2838 651 2902 concessimus
675 2837 795 2900 eisdem
816 2838 917 2901 iorum
932 2838 1064 2902 liberum
1087 2848 1119 2902 et
1138 2841 1207 2905 sine

167 2952 287 3035 <aliquo
301 2951 428 3024 tributo,
450 2950 529 3013 serie
545 2951 660 3024 tercie,
682 2950 767 3015 omni
781 2949 956 3032 septimana
970 2949 1207 3026 celebrandum

182 3064 242 3138 ita,
273 3064 359 3145 quod
384 3063 515 3126 comites
538 3061 765 3142 Sopronienses
789 3080 847 3142 pro
871 3070 1013 3142 tempore
1039 3062 1209 3137 constituti,

183 3175 252 3257 ipso
266 3175 317 3237 die
333 3194 397 3236 non
418 3173 457 3236 ab
473 3174 629 3237 extraneis
648 3172 680 3233 iu
695 3192 793 3253 regno
809 3180 916 3234 nostro
931 3173 1122 3244 constitutis,
1143 3191 1208 3234 non

184 3306 204 3350 n
218 3288 349 3361 ciuibus,
370 3286 518 3348 tributum
534 3285 661 3366 exigere
676 3284 812 3345 debeant
825 3292 856 3346 et
870 3291 1071 3364 presumunt,
1091 3302 1208 3344 nmer-

184 3397 342 3460 cetoribus
369 3416 445 3458 uero
470 3397 509 3459 de
535 3405 664 3457 externo
688 3414 787 3475 regno
813 3393 1027 3464 uenientibus,
1058 3393 1207 3455 tributum

183 3518 368 3575 consuetum
383 3507 536 3588 exigetur.

266 3621 322 3694 (9)
344 3619 490 3681 Ceterum
512 3615 675 3688 uolumus,
697 3615 782 3696 quod
804 3613 900 3677 iidem
915 3613 1001 3676 ciues
1016 3616 1056 3679 de
1070 3615 1209 3698 quelibet

183 3733 306 3815 cupecin
321 3732 463 3812 frugum,
484 3728 649 3790 duodecim
665 3728 810 3790 denarios
827 3727 1008 3801 Uienenses‚
1030 3728 1113 3791 iuris
1128 3729 1209 3791 enti-

181 3863 276 3924 quom
287 3839 546 3903 consuetudinem
558 3858 667 3900 eorum
678 3837 803 3900 soluere
814 3845 988 3910 teneantur,
997 3837 1119 3901 decime
1130 3856 1208 3901 uero

182 3954 265 4025 uini,
285 3960 426 4032 tempore
441 3947 600 4012 uindemio
616 3969 673 4030 per
687 3947 893 4010 decimatores
908 3967 980 4010 cum
995 3958 1108 4023 musto,
1120 3949 1209 4012 iuxta

182 4062 441 4127 consuetudinem
466 4061 685 4147 approbatam,
717 4059 891 4143 exigantur,
921 4058 974 4124 nei
1001 4061 1122 4124 denarii
1151 4079 1209 4143 pro
