2798 4764
227 360 289 427 382
328 378 481 426 srnrnuu
496 379 541 425 ur.
559 377 649 424 annas
663 377 865 425 corsrrrorro
879 375 1126 425 nccnnsnsracs.
1165 359 1256 425 1169.

311 537 368 611 (8)
390 545 443 598 aut
457 536 482 596 si
499 535 670 598 dominium
685 555 788 598 meum
805 535 974 617 aliquando
991 536 1126 618 aliquem
1143 556 1254 619 aggra-

228 670 303 714 uarc
326 650 490 721 uidebitur,
513 656 544 710 et
569 649 644 712 alias
669 647 715 710 ire
741 648 892 721 uoluerit,
921 668 1030 710 secure
1052 668 1121 710 oum
1147 668 1255 723 uxore,

227 762 298 825 filiis
322 770 353 824 et
373 759 488 823 familia
511 768 542 822 et
561 761 705 823 omnihus
727 760 791 823 suis
811 765 1088 843 quorsumcunque
1109 760 1167 823 sihi
1189 761 1256 843 pia-

228 875 346 947 cuerit,
371 882 431 936 eat.

312 987 371 1060 (9)
394 995 425 1049 et
446 985 507 1046 hoo
529 985 588 1046 iilis
605 986 746 1047 concedo
763 1006 818 1066 per
832 985 939 1067 regaie
960 985 1109 1047 iudiciuin
1126 995 1157 1048 et
1171 986 1256 1068 sigil-

228 1097 311 1170 lum,
333 1097 418 1177 quod
435 1104 522 1158 extra
537 1095 696 1159 ciuitatem
711 1115 774 1157 non
790 1105 912 1159 exeant.
944 1097 970 1161 si
985 1098 1024 1161 de
1040 1097 1161 1159 ciuihus
1176 1097 1256 1158 iudi·

230 1228 303 1270 care
328 1208 484 1270 noluerint
508 1209 540 1270 in
567 1207 694 1272 ciuitate
719 1229 789 1272 oum
813 1208 926 1272 comite
949 1215 980 1272 et
1000 1208 1155 1272 nohiiihus
1176 1210 1257 1270 iudi·

230 1328 351 1383 cernar.

312 1433 379 1495 Hoc
404 1442 508 1495 autem
533 1441 762 1495 sacramentum
791 1452 809 1494 a
835 1453 909 1515 rege
936 1432 1095 1514 Stephano
1124 1431 1255 1495 secundi

230 1546 331 1628 Geyse
356 1545 438 1626 regis
462 1544 526 1606 filio
549 1555 620 1607 eta
644 1545 836 1627 principibus
858 1545 1017 1627 Hungarie
1039 1545 1255 1608 confirmatum

231 1665 287 1719 est.
315 1657 407 1737 †ego
429 1657 532 1737 Sayna
547 1655 730 1719 Colooensis
749 1657 1002 1738 archiepiscopus
1024 1657 1117 1718 tando
1136 1665 1166 1718 et
1181 1676 1256 1717 cou-

230 1768 332 1830 firmo.
361 1788 420 1849 ego
434 1766 581 1829 Wuiciua
595 1765 830 1848 Ultrasyiuanus
849 1765 944 1829 laudo
965 1775 996 1829 et
1014 1768 1173 1830 confirmo.
1196 1789 1255 1850 ego

231 1878 408 1961 Stephanus
430 1880 587 1940 hiorisene
609 1879 692 1941 sedis
714 1879 832 1942 eiectus
851 1879 945 1940 laudo
960 1888 991 1942 et
1012 1878 1174 1942 confirmo.
1196 1900 1256 1962 ego

230 1989 426 2072 Ompodinus
455 2009 560 2051 comes
586 1989 739 2071 palatinus
766 1997 860 2072 atque
884 1989 984 2052 hanus
1008 1989 1102 2052 laudo
1127 1996 1158 2051 et
1182 2010 1256 2051 con-

229 2101 331 2165 tinno.
360 2122 418 2184 ego
439 2102 541 2163 inicus
562 2100 656 2164 laudo
678 2110 709 2164 et
731 2101 892 2163 confirmo.
921 2121 980 2183 ego
1003 2100 1089 2182 Gurg
1108 2101 1202 2162 laudo
1225 2110 1256 2164 et

229 2214 391 2277 confirmo.
420 2234 479 2296 ego
503 2213 691 2294 smaragdus
710 2213 803 2275 laudo
825 2221 856 2275 et
877 2211 1038 2274 confirmo.
1071 2232 1129 2293 ego
1145 2212 1255 2295 'sapho

227 2325 323 2388 laudo
338 2334 370 2388 et
384 2325 546 2388 confirmo.

568 2505 874 2514 ...m—...—

228 2586 1255 2766 turnumsstittclscoasultutttuttausuttltu

661 2839 829 2900 nacnxtx.

597 2977 620 3028 E
637 2983 740 3040 regesto
758 2977 882 3028 Romano.

312 3229 487 3310 Stephanus
503 3227 551 3289 clei
567 3226 670 3309 gracia
685 3247 741 3289 rex
753 3226 928 3309 Hungarie,
940 3225 1110 3300 Dalmacie‚
1125 3227 1253 3290 Croacie

228 3340 406 3422 ilameque‚
428 3340 512 3400 Luce
535 3339 645 3401 cadem
666 3338 770 3419 gracia
791 3337 1013 3419 strigoniensi,
1036 3337 1147 3399 Cosme
1163 3338 1256 3400 Colo-

230 3452 316 3513 censi
342 3450 583 3533 archiepiscopis
613 3459 705 3532 atque
733 3450 875 3510 omnihus
901 3468 1010 3512 eorum
1035 3451 1255 3531 suffraganeis,

229 3563 395 3644 prepositis
411 3580 537 3643 quoque
553 3560 707 3641 regalibus
725 3580 860 3622 necnon
877 3560 1020 3621 omnihus
1037 3560 1255 3622 uniuersaliter

229 3670 445 3732 ecciesiasticis
467 3674 608 3751 personis
629 3670 660 3730 in
679 3672 829 3751 predictis
845 3669 1165 3752 archiepiscopatibus
1181 3689 1256 3731 con·

228 3781 352 3852 utitatis,
374 3790 434 3842 tam
452 3782 650 3861 presentibus
665 3803 758 3864 quatu
775 3783 895 3845 suturis.

311 3890 428 3951 lustum
453 3911 487 3951 ac
510 3892 629 3953 racioni
654 3902 899 3957 consentaneum
925 3915 995 3955 esse
1020 3894 1192 3956 dinoscitur
1218 3914 1254 3956 ac

227 4007 403 4062 sanctarum
424 4001 649 4083 scripturarum
669 4006 854 4067 testimoniis
876 4006 1115 4087 comprobatur,
1145 4013 1179 4066 ut
1201 4005 1254 4085 qui

227 4113 314 4194 regie
327 4111 518 4176 celsitudinis
530 4114 653 4177 culmen
669 4119 707 4178 ah
720 4128 830 4180 eterno
841 4137 915 4199 rege
928 4126 1088 4179 merentur
1100 4118 1256 4198 accipere,

227 4223 265 4287 iis
290 4243 352 4307 que
378 4226 418 4288 ad
441 4225 575 4289 ecclesie
597 4234 629 4292 et
650 4226 882 4291 christianitatis
904 4235 1077 4290 noscuntur
1097 4225 1130 4287 in
1147 4223 1254 4307 aliquo
