2798 4764
178 314 241 404 Μ
405 338 408 344 ’
500 340 685 402 marmor
709 354 751 401 nr
773 334 886 402 aaran

179 508 329 582 dicentes,
350 509 435 591 quod
452 515 559 572 essent
578 515 755 572 castrenses
775 508 815 572 de
830 506 980 579 loanni,
991 505 1110 570 iudice
1124 504 1227 571 Sma-

178 619 277 702 ragdo
292 619 405 683 comite
419 619 562 683 eiusdem
575 621 688 693 castri,
702 638 721 682 a
735 639 812 702 rege
827 619 954 682 Andrea
968 618 1127 701 delegato,
1150 619 1227 700 pri·

178 730 280 794 staldo
299 732 426 794 Andrea
448 731 488 794 de
512 730 698 794 uillaliaril.
731 731 885 813 Georgius
910 731 1015 814 itaqua
1039 749 1099 812 pro
1124 750 1165 793 se
1188 738 1227 797 et

178 842 317 924 cognatis
341 842 407 905 suis
429 842 655 923 prenominatis
682 849 806 924 portato
831 843 917 905 ferro
943 842 1110 914 Uaradini‚‘
1139 862 1225 907 curn

177 950 258 1014 solui
278 951 421 1026 deberet,
443 971 506 1014 non
526 960 574 1015 est
594 952 766 1034 permissus
788 951 909 1015 absolui
930 952 1058 1014 aBulsu
1073 958 1106 1014 et
1119 952 1224 1016 Buci-

178 1063 256 1138 cud,
277 1081 412 1146 quorum
434 1071 568 1145 uterque
593 1062 664 1125 uice
689 1069 721 1126 et
740 1062 773 1124 in
795 1079 931 1144 persona
955 1061 1224 1127 aduersariorum

178 1193 308 1237 suorum
322 1193 357 1237 se
372 1182 455 1237 stare
471 1174 626 1248 dicentes,
646 1174 887 1254 resignauerunt
906 1174 1062 1256 predictos
1077 1173 1224 1239 felicia·

179 1304 272 1359 uum,
293 1285 447 1347 Thomam
468 1294 499 1349 et
520 1284 691 1367 Georgium
711 1303 781 1347 esse
802 1283 931 1347 omnino
952 1283 1088 1358 liberos,
1110 1294 1150 1348 ut
1172 1285 1224 1350 illi

178 1397 220 1459 de
233 1417 268 1460 se
284 1396 477 1461 asserebant.

261 1506 347 1591 (ll9)
368 1508 483 1571 Buciur
497 1509 536 1572 de
550 1509 626 1571 uilla
639 1507 841 1571 Pullusteluc
860 1507 999 1590 impeciit
1013 1506 1222 1573 conuiltanes

178 1638 253 1683 suos
276 1619 395 1682 Leliam
418 1629 450 1682 et
470 1619 574 1683 lsoum
599 1620 639 1683 de
662 1618 836 1692 latrocinio,
858 1619 962 1682 iudice
978 1619 1078 1681 Paulo
1100 1620 1222 1685 curiali

179 1730 291 1793 comite
313 1729 353 1792 do
368 1728 482 1790 lliolior
502 1737 535 1791 et
548 1728 670 1792 Gihoud
693 1728 801 1802 biloto,
828 1728 977 1811 pristaldo
999 1728 1085 1792 ilica.
1125 1731 1222 1796 Leka

178 1841 285 1922 itaque
300 1849 332 1903 ot
345 1841 418 1902 lsou
432 1848 555 1921 portato
571 1840 656 1902 terro
671 1841 819 1903 Uaradini
832 1839 989 1903 iustificati
1004 1850 1087 1904 sunt.

259 1948 345 2033 (15⁰)
367 1949 446 2013 Cum
460 1951 548 2014 Mosa
563 1950 603 2014 de
617 1950 692 2012 uilla
705 1951 807 2013 Soron
822 1948 938 2014 iudicio
953 1951 1121 2016 candentis
1137 1955 1221 2020 terri

178 2062 342 2126 conuictus
363 2068 447 2125 esset
461 2061 609 2125 Uaradini
626 2061 666 2123 de
680 2061 775 2135 tuno,
795 2062 1010 2137 attollimur,
1032 2071 1068 2125 ut
1082 2064 1221 2145 pristal-

177 2174 237 2238 dus
262 2171 412 2247 asseruit,
441 2171 636 2255 confugisset
663 2181 694 2235 et
722 2171 908 2247 ecclesiam,
940 2173 1118 2237 aduersarii
1148 2176 1221 2241 uu

176 2285 277 2349 llaled
292 2292 324 2349 et
337 2286 431 2359 Rota,
446 2293 478 2348 et
492 2283 658 2368 pristaldos
672 2284 771 2366 ipsius
785 2284 904 2358 Honos,
919 2293 1065 2368 presente
1077 2285 1222 2355 Cesarin

178 2397 362 2461 centurione
381 2397 594 2487 uendiderunt
614 2395 770 2478 prefatum
784 2397 921 2471 Musam,
944 2405 975 2460 et
989 2417 1128 2461 uxorem
1144 2402 1220 2466 eim

176 2508 385 2582 Felicitatem,
414 2517 445 2572 et
467 2508 547 2571 lilios
567 2507 665 2589 ipsius
680 2506 850 2581 Thomam,
873 2508 985 2571 Tanals
1007 2518 1039 2573 et
1053 2510 1220 2592 Gyenon,

177 2629 208 2685 et
221 2620 300 2684 filias
316 2620 434 2684 scilicet
447 2621 575 2703 Magnet
589 2630 620 2683 et
633 2621 734 2703 llega,
756 2638 813 2701 pro
823 2620 939 2682 decem
954 2621 1084 2694 marcis,
1110 2625 1222 2688 Abso-

175 2729 240 2792 loui
254 2730 318 2791 lilio
329 2730 411 2791 Hurt
424 2729 478 2810 qui
493 2730 646 2811 persoluit
659 2729 727 2793 illas
742 2732 852 2793 decem
867 2750 987 2793 marcas
1002 2734 1220 2812 presentibus

177 2840 268 2902 nobis
289 2839 450 2901 canonicis
466 2839 719 2914 Uaradieusibus,
740 2840 856 2904 scilicet
875 2839 1039 2903 Ualeriano
1061 2854 1221 2921 cantore,

176 2948 332 3013 Michaele
354 2949 500 3022 custode,
523 2949 663 3014 Gerardo
678 2953 810 3026 decano,
832 2953 936 3026 l’etro,
957 2952 1221 3033 surrecturis,

177 3067 209 3125 et
228 3060 311 3122 idem
335 3059 503 3122 scientibus
519 3058 647 3122 Cesarin
668 3061 852 3140 centurione
874 3071 905 3126 et
927 3062 993 3124 aliis
1008 3063 1222 3147 ioubagioni·

177 3172 236 3235 bus
251 3172 344 3234 castri
359 3169 581 3233 Bichoriensis.

259 3280 345 3364 (151)
368 3283 443 3345 Paul
465 3283 504 3345 de
520 3282 594 3345 uilla
608 3274 716 3346 Urhud
736 3284 875 3366 imperiit
890 3284 1102 3348 couuillanam
1119 3308 1219 3354 suam

176 3396 304 3458 nomine
322 3395 403 3478 Uyes
428 3413 559 3457 uxorem
581 3394 698 3457 Forcos
723 3395 764 3457 de
787 3395 952 3468 ueneficio,
972 3396 1077 3459 iudice
1105 3399 1221 3467 Pousa

177 3507 399 3570 archidiacono
413 3506 453 3568 de
467 3504 590 3578 Bichor,
611 3505 762 3587 pristaldo
777 3505 949 3569 Ualentino.
975 3506 1026 3568 illa
1043 3511 1136 3574 uenit
1152 3513 1222 3579 lla-

178 3619 321 3681 radinum
343 3639 413 3681 cum
437 3616 599 3699 pristaldo.
631 3618 706 3680 Paul
726 3638 789 3679 non
810 3619 983 3699 comparuit
1001 3618 1036 3680 in
1058 3623 1220 3702 termino,

177 3746 271 3808 quem
287 3727 455 3808 pristaldos
470 3726 548 3790 dixit
560 3746 594 3790 se
609 3726 733 3810 utrique
749 3727 829 3809 parti
843 3728 1029 3810 assignasse.

260 3835 345 3917 (152)
366 3837 516 3902 Martinus
539 3840 579 3902 de
601 3837 677 3902 uilla
697 3839 820 3902 Utholm
844 3838 983 3920 impeciit
1008 3842 1222 3913 conuillanos

176 3965 251 4010 suos
267 3947 412 4029 Tyuaod,
433 3947 618 4031 Georgium,
644 3949 774 4013 Fulcum
794 3959 826 4013 et
847 3949 1018 4025 Briccium,
1046 3950 1133 4018 tilios
1157 3957 1223 4024 tus

177 4059 250 4124 bani
276 4059 316 4123 de
342 4057 513 4133 latrocinio,
543 4059 648 4125 iudice
670 4062 830 4128 Lethardo
855 4063 968 4128 comite
993 4063 1033 4126 de
1056 4065 1224 4149 Zoboldr,
