2798 4764
215 301 279 373 itt
554 315 628 365 urs
648 314 825 365 sasmmr
845 293 912 380 (t).

216 469 338 546 stmcti,
358 467 469 555 quinto
483 467 612 534 taudem
626 485 711 531 anno
724 466 866 534 reuocati
880 473 970 546 sunt,
989 465 1131 551 ipssnrm
1145 465 1248 533 scisn-

217 581 339 647 ciarum
351 580 447 647 libros
461 598 571 646 secum
582 584 796 663 apportantes.

302 801 348 887 (5)
368 802 525 866 Defuncto
545 782 653 885 itaque
675 808 764 884 patre
784 797 985 875 monasterii,
1005 798 1154 882 magister
1170 799 1249 865 Ger·

118 924 126 940 ⁹
216 915 335 981 bardus
358 912 484 996 eligitur
504 912 537 976 in
561 912 721 987 abbatem,
749 911 835 993 quod
856 909 1018 993 suscipere
1041 909 1249 986 renitentem,

217 1026 331 1093 iratres
346 1031 520 1089 conuentus
538 1030 687 1106 tauquam
700 1020 936 1086 inobedientem
949 1020 1169 1103 increpabant,
1189 1041 1250 1105 per

218 1157 298 1223 qnos
312 1135 440 1201 taudem
454 1144 544 1218 pater
559 1132 758 1209 monasterii,
785 1132 859 1197 licet
878 1131 997 1196 inuitus
1014 1132 1176 1198 ordinatus
1189 1140 1248 1198 est

218 1257 361 1333 tempore
386 1255 492 1310 autem
516 1264 581 1328 quo
604 1243 762 1327 prefatum
787 1244 1013 1308 monasterium
1036 1245 1181 1327 regebat,
1211 1264 1246 1310 se

217 1358 322 1442 ipsum
345 1356 452 1421 diuina
473 1355 580 1439 gracia
601 1354 635 1418 in
656 1352 836 1438 exemplum
855 1355 974 1419 cunctis
994 1355 1143 1419 iratribus
1158 1355 1248 1419 exbi-

218 1468 323 1533 bebat.
350 1467 456 1530 omnia
469 1464 617 1530 uidelicet
630 1486 693 1548 que
708 1466 842 1529 ducebat
856 1463 1022 1548 discipline
1038 1485 1108 1530 esse
1122 1474 1246 1530 contra·

218 1578 281 1655 ria,
300 1580 334 1641 in
356 1577 420 1642 suis
442 1577 600 1642 iudicabat
617 1576 766 1659 operibus
786 1595 852 1640 non
874 1578 1005 1659 agenda.
1032 1584 1104 1660 post
1125 1577 1247 1660 aliquot

220 1698 329 1755 autem
344 1707 461 1764 annos,
480 1688 595 1772 quibus
616 1695 742 1770 preerat
762 1688 886 1771 prefato
904 1689 1111 1764 monasterio,
1134 1689 1245 1754 uolens

219 1799 382 1886 proficisci
404 1800 445 1863 ad
472 1799 696 1864 monasterium
723 1799 807 1864 beati
831 1800 977 1864 leronimi
1006 1800 1040 1864 in
1067 1800 1246 1877 Betiebem,

219 1912 411 1994 uisitarequo
430 1918 574 1974 sanctum
590 1911 694 1975 locum
708 1931 804 2007 quem
818 1909 962 1975 Christus
981 1899 1170 1993 glorificauit
1188 1930 1247 1976 sua

220 2021 403 2109 presencia,
430 2018 569 2084 officium
591 2021 678 2104 quod
700 2029 884 2104 susceperat
912 2023 1053 2086 tentabat
1072 2021 1246 2106 resignare.

220 2134 307 2221 quod
321 2131 427 2199 statim
440 2150 512 2197 cum
525 2130 674 2195 iratribus
687 2130 891 2208 innotuisset,
912 2132 1100 2215 quibusdam
1120 2132 1247 2215 placuit,

218 2244 407 2330 quibusdam
427 2262 507 2308 uero
521 2241 678 2307 discessus
696 2243 793 2327 patris
807 2264 965 2310 merorem
979 2243 1199 2328 grauissimum
1213 2251 1247 2308 st

217 2356 408 2421 anxietatem
426 2354 554 2438 spiritus
574 2353 716 2419 incussit.
741 2355 827 2418 unde
844 2364 982 2419 assumto
997 2353 1110 2419 itinere
1130 2374 1245 2418 nauem

218 2466 437 2533 Zadriensium
462 2457 671 2531 mercatorum
698 2465 878 2551 ingressus,
905 2485 975 2529 cum
996 2464 1062 2528 suis
1082 2464 1248 2552 comitibus

217 2576 455 2661 nauigacionem
476 2577 716 2642 iucboauerunt.
742 2584 853 2641 exorta
873 2583 922 2640 est
939 2586 1043 2641 autem
1063 2575 1110 2639 cis
1132 2594 1246 2660 magna
1301 2609 1307 2619 ·

218 2687 386 2753 difficultas
406 2687 583 2771 remigandi
603 2688 637 2750 in
658 2686 736 2751 mari
757 2696 887 2771 propter
902 2687 1094 2753 contrarium
1113 2697 1245 2752 uentum

218 2807 252 2864 et
268 2798 422 2864 marinam
444 2807 670 2882 tempestatem.
697 2799 782 2864 uude
803 2799 1022 2882 applicuerunt
1040 2800 1164 2864 cuidam
1177 2819 1246 2863 mo·

218 2908 372 2985 nasterio,
392 2909 503 2992 inquo
518 2908 648 2992 contigit
668 2909 830 2974 dominum
844 2911 992 2974 Resinam
1012 2912 1158 2976 abbatom
1177 2932 1246 2977 mo-

218 3021 348 3086 nasterii
370 3040 397 3085 s.
406 3020 552 3096 Martini,
572 3021 647 3084 otim
661 3020 796 3085 amicum
810 3041 901 3086 suum
915 3022 1107 3105 pecudiarem
1121 3023 1245 3087 adame.

219 3134 338 3200 iactum
361 3140 409 3200 est
430 3141 536 3197 autem
561 3140 594 3197 ut
619 3140 747 3216 propter
767 3140 985 3216 tempestatem
1007 3133 1157 3219 progredi
1181 3154 1246 3198 nou

219 3246 377 3322 ualentes,
398 3244 551 3331 computsi
570 3245 650 3321 sint,
670 3251 734 3309 tota
750 3244 989 3330 quadragesima
1002 3246 1121 3312 ibidem
1136 3247 1246 3310 demo-

219 3358 298 3434 rari,
320 3359 406 3442 quod
421 3358 566 3422 dominus
581 3355 764 3422 Gerbardus
777 3358 916 3441 grauiter
931 3358 1010 3424 tulit.
1037 3357 1126 3423 cuius
1140 3357 1247 3422 mesti·

218 3470 299 3534 ciam
311 3469 427 3535 Rasina
439 3469 642 3534 considerans
656 3469 714 3535 ait:
735 3490 776 3534 ne
791 3469 931 3535 causaris
946 3470 1072 3534 domiue
1083 3468 1245 3538 Gerbarde

220 3580 261 3644 de
274 3580 453 3645 discrimine
473 3580 525 3647 uie
546 3590 609 3647 tue.
636 3581 781 3647 uoluntas
803 3581 887 3646 enim
910 3581 962 3647 dei
982 3590 1046 3657 est,
1073 3589 1108 3644 ut
1121 3580 1163 3643 ita
1175 3579 1246 3652 tiat,

220 3690 370 3773 quamdiu
385 3710 462 3753 uero
475 3712 601 3757 mecum
615 3694 687 3768 eris,
707 3672 764 3758 tibi
778 3700 811 3757 et
824 3693 885 3757 tuis
898 3691 1064 3757 comitibus
1077 3687 1176 3752 uictui
1190 3706 1247 3750 ne·

219 3797 357 3862 cessaria
370 3797 563 3863 ministrabo.
584 3804 641 3867 sed
654 3805 816 3887 interrogo
832 3809 863 3866 te
871 3847 883 3880 ,
902 3809 937 3866 ut
950 3801 1038 3865 iuxta
1051 3797 1246 3864 intellectum
1274 3824 1277 3831 ·

150 3934 158 3950 ·
217 3907 356 3974 sciencie
376 3915 430 3973 tue
452 3913 647 3995 respondeas
665 3913 760 3991 mibi,
780 3931 853 3979 cum
874 3910 918 3977 sis
937 3909 1087 3997 magister
1100 3907 1134 3972 in
1146 3907 1247 3989 ltalia,

219 4027 252 4086 et
263 4020 360 4085 abbas
381 4027 454 4085 tuus
468 4019 664 4088 Gsiilermus
684 4045 745 4109 pro
767 4044 807 4093 so
820 4016 861 4090 ts'
873 4020 958 4089 misit
979 4023 1023 4113 ad
1034 4020 1191 4100 studium,
1211 4029 1247 4089 ut

218 4132 330 4205 doctor
341 4131 473 4201 fratrum
485 4130 572 4205 iores
583 4132 761 4215 mutieres,
778 4134 855 4203 inde
872 4133 1001 4201 radiens
1015 4133 1124 4203 diuina
1136 4133 1245 4222 proni·
