2798 4764
476 881 678 966 Slhl’llhlll
703 882 743 968 V.
767 882 889 967 lllllllS

290 1041 554 1119 LIBERTAS
587 1042 768 1119 OPPlDl
799 1040 1072 1120 ZATHMAR.

585 1185 776 1249 ltcctxtt’.

357 1325 538 1378 Etmnsumto
552 1327 706 1378 Fcrdinsndi
724 1329 744 1382 l.
763 1327 834 1392 regis
852 1343 911 1380 ann.
930 1329 1001 1382 1648.

578 1483 773 1496 *—

250 1585 426 1667 Stephanus
441 1605 496 1648 rex
508 1584 631 1648 ciuibus
644 1584 831 1668 populisque
842 1586 950 1670 oppidi
960 1588 1107 1652 Zathmar
1117 1608 1193 1652 cou-

168 1695 275 1759 cessit:

249 1805 297 1891 (1)
320 1817 354 1871 ut
363 1808 436 1871 dicti
447 1808 594 1891 oppidani
607 1810 717 1891 ysdem
731 1809 936 1885 libertatibus,
950 1811 1064 1893 quibus
1077 1812 1193 1876 Alben-

166 1939 215 1984 ses
236 1919 400 2001 perlruere
424 1919 648 1993 dinoscuntur,
668 1921 727 2002 ipsi
750 1941 877 2004 quoque
901 1920 988 1985 ciues
1010 1921 1055 1983 uti
1077 1931 1109 1985 et
1130 1922 1193 1987 frui

166 2039 310 2112 possent,
338 2029 382 2093 ita
403 2039 438 2092 ut
456 2030 596 2095 uillicum
618 2051 712 2112 quem
734 2031 892 2094 noluerint
912 2032 995 2095 iuter
1014 2053 1049 2094 se
1067 2032 1194 2116 eligant.

166 2142 220 2225 qui
234 2163 344 2207 omues
359 2162 469 2206 causas
491 2142 626 2205 maiores
643 2152 674 2205 ct
695 2141 830 2205 minores
852 2142 933 2207 inter
949 2163 983 2205 se
1002 2153 1127 2207 exortas
1143 2143 1192 2208 iu·

166 2256 271 2316 dicare
289 2256 397 2336 possit.

249 2364 295 2447 (2)
316 2366 377 2429 Nec
392 2366 542 2447 tributary
557 2375 611 2429 aut
632 2366 680 2448 alp
701 2364 851 2458 officiales
872 2365 902 2426 in
917 2365 1064 2428 Zathmar
1078 2367 1194 2431 cousti-

167 2478 224 2539 tuti
245 2485 353 2540 corrtra
374 2476 526 2541 iusticiam
548 2478 731 2540 eorumdem
754 2477 874 2559 possint
892 2478 1074 2552 molestare,
1095 2479 1195 2563 sedai

168 2588 243 2671 quid
256 2587 425 2651 habuerint
438 2608 508 2650 eum
521 2589 638 2651 eisdem
655 2608 760 2650 comm
774 2589 879 2652 uillieo
895 2589 1004 2671 oppidi
1019 2610 1105 2652 more
1120 2608 1194 2673 pro·

169 2709 353 2783 sequantur.
388 2701 440 2781 qui
462 2700 488 2763 si
508 2701 612 2763 facere
635 2699 787 2762 iusticiam
811 2700 1001 2783 negligeret,
1032 2721 1095 2762 non
1116 2700 1195 2767 ciuis

168 2812 224 2874 sed
239 2811 307 2893 ipse
322 2809 444 2873 uillicus
458 2810 490 2872 in
505 2810 702 2892 presenciam
718 2810 801 2896 regis
816 2810 904 2874 citari
920 2810 1060 2874 deberet.

249 2921 299 3004 (3)
321 2923 396 2984 item
416 2941 476 2985 nec
495 2921 647 2985 officiales
670 2942 728 2984 nec
747 2922 844 3007 aliqui
863 2922 912 3006 aly
936 2923 1076 2987 extranei
1097 2923 1130 2985 in
1149 2931 1196 2986 ta·

169 3037 274 3099 bernis
299 3036 407 3097 uiuum
432 3035 571 3097 uendere
596 3035 731 3116 possint,
761 3056 820 3099 nec
843 3045 1031 3100 mercatores
1054 3036 1196 3101 extranei

168 3168 290 3230 pannos
304 3167 378 3211 suos
393 3147 561 3210 incidendo
577 3147 716 3210 uendere
732 3147 866 3212 ualeant.

252 3258 295 3338 (h)
318 3260 391 3321 item
407 3258 605 3320 sacerdotem
620 3278 713 3339 quem
737 3257 895 3320 noluerint
914 3255 1046 3338 eligant,
1069 3254 1121 3337 qui
1135 3274 1194 3336 per

168 3370 350 3452 episcopum
366 3370 566 3432 diecesauum
589 3390 646 3452 per
661 3370 932 3451 presentacionem
953 3367 1125 3430 eorundem
1139 3366 1195 3430 do-

167 3481 240 3544 beut
262 3480 454 3554 confirmari,
475 3491 506 3544 ct
528 3482 666 3563 ipsorum
690 3481 821 3544 ecclesia
843 3481 882 3542 sit
903 3486 1048 3560 exempta
1069 3476 1194 3542 ainris·

167 3594 303 3656 dictione
323 3592 545 3657 archidiaconi.

247 3705 292 3788 (5)
313 3707 388 3770 item
410 3706 576 3788 ingruente
597 3704 783 3768 necessitate
804 3704 844 3766 ad
860 3702 1032 3767 exercitum
1055 3702 1193 3789 regalem

167 3818 402 3898 proficiscantur
430 3836 501 3878 cum
529 3836 586 3880 sex
614 3816 768 3891 loricatis,
792 3815 846 3898 qui
874 3836 945 3879 esse
975 3817 1112 3883 debeant
1134 3816 1194 3882 sub

165 3929 280 3993 uexillo
296 3929 393 4012 regio.
1186 3992 1189 3999 ,

247 4038 293 4123 (o)
315 4050 432 4104 etcum
447 4061 505 4104 rex
520 4040 560 4104 ad
575 4039 644 4103 illos
658 4040 798 4116 uenerit,
819 4040 906 4104 ciues
919 4041 979 4125 ipsi
993 4036 1194 4124 procuracio-

165 4173 237 4217 nem
252 4173 363 4215 eorum
378 4151 471 4216 unius
485 4160 607 4218 tantum
621 4151 684 4215 diei
699 4152 854 4227 habeant,
875 4160 906 4216 et
920 4172 984 4217 nou
998 4152 1089 4215 ultra.

902 4249 942 4296 aa
