2798 4764
231 346 294 412 516
423 330 565 411 »noun
585 362 728 410 oornorus
750 361 939 409 caruimus.
976 345 1065 409 1267.

317 517 360 600 (9)
382 517 506 581 Nullum
523 519 555 580 in
570 519 713 582 abbatem
728 519 786 582 nisi
802 518 990 581 monachum
1006 518 1178 580 assumatis.

316 627 382 711 (10)
404 630 528 690 Nutinm
550 630 803 692 archidiaconum
823 629 876 691 uel
896 629 1064 701 decanum,
1086 627 1137 688 uei
1160 628 1263 689 archi·

234 743 470 824 presbyterum,
493 741 542 801 net
564 740 774 822 prepositum,
797 741 848 802 uei
868 740 1012 801 abbatem
1029 739 1067 800 de
1082 757 1145 800 nna
1160 739 1262 819 digni-

235 861 297 916 tate
320 852 358 914 ad
379 853 486 925 atium,
507 852 559 913 uei
574 852 613 913 de
628 852 695 933 ipsa
711 851 750 912 ad
766 852 899 913 eandem
921 849 952 911 in
972 850 1074 912 iocum
1091 851 1185 912 atium
1200 849 1260 912 nisi

235 963 386 1026 canonice
402 963 609 1035 transferatis,
631 969 663 1025 et
677 960 798 1024 notium
814 962 1068 1045 supradictorum
1091 961 1151 1023 nisi
1166 981 1262 1024 cano·

234 1075 304 1139 nice
319 1075 493 1157 deponatis.

318 1184 386 1268 (11)
407 1186 530 1248 Nuttum
553 1195 717 1249 uxoratum
739 1187 772 1249 in
788 1186 1005 1270 presbyterum
1027 1185 1077 1248 uei
1093 1185 1260 1248 diaconum

235 1299 288 1363 uei
301 1298 527 1362 subdiaconum
544 1297 765 1381 promoueatis,
786 1297 847 1360 nisi
862 1296 914 1380 qui
929 1317 970 1360 ex
985 1318 1139 1360 consensu
1156 1300 1261 1360 uxoris

234 1430 270 1474 se
293 1411 447 1472 uicturum
462 1418 547 1471 casto
565 1408 696 1471 tirmiter
713 1408 907 1488 promiserit,
928 1416 960 1471 et
981 1427 1111 1471 uxorem
1134 1429 1151 1470 a
1167 1409 1262 1471 coha-

234 1522 390 1586 bitacione
410 1521 594 1593 remouerit,
616 1528 647 1583 et
661 1520 763 1583 eidem
785 1520 962 1583 necessaria
976 1520 1148 1582 secundum
1163 1519 1262 1583 tacui-

235 1640 330 1696 tatem
344 1652 433 1712 snam
449 1631 631 1713 prodiderit.

319 1739 389 1823 (1·2)
410 1743 667 1824 Presbyteromm
687 1742 767 1805 titios
789 1745 829 1807 ad
846 1763 953 1807 sacros
967 1744 1095 1807 ordines
1110 1745 1263 1807 accedere

232 1855 413 1920 nuliatenus
431 1852 627 1936 permittatis,
648 1854 707 1917 nisi
722 1856 822 1918 autin
836 1857 975 1919 cenobiis
990 1867 1042 1920 aut
1057 1856 1089 1917 in
1105 1866 1262 1919 monaste-

235 1968 299 2033 riis.

319 2075 388 2159 (13)
409 2076 535 2141 Alienos
558 2077 706 2151 ciericos,
735 2097 815 2161 quos
835 2077 902 2142 sine
925 2079 1191 2142 commendaticiis
1214 2080 1263 2143 iit·

235 2190 311 2254 teris
329 2189 527 2271 suscepistis,
547 2190 580 2252 in
600 2188 831 2271 episcopatibus
850 2191 967 2253 uestris
984 2191 1162 2254 nuliatenus
1181 2193 1262 2255 tote-

232 2302 321 2376 netis,
342 2301 435 2365 etde
457 2310 564 2364 cetero
586 2320 646 2363 nec
666 2321 721 2364 eos
742 2303 898 2365 necetius
919 2303 986 2366 sine
1007 2303 1147 2365 formatis
1162 2303 1261 2366 titeris

236 2413 414 2487 admittatis,
437 2421 467 2474 et
482 2431 562 2494 quos
578 2412 616 2474 de
631 2411 680 2474 his
695 2420 853 2495 apostatas
871 2433 942 2477 esse
956 2415 1144 2489 constiterit,
1166 2434 1261 2477 exco-

232 2527 409 2590 municatos
432 2523 585 2598 habeatis,
617 2532 649 2586 et
672 2525 836 2607 prepositis
860 2526 924 2588 suis
948 2545 1004 2588 eos
1028 2525 1260 2614 requirentibus

235 2638 382 2701 reddatis.

317 2744 385 2829 (tt)
407 2747 529 2808 Nuttnm
545 2746 772 2808 subdiaconum
794 2747 845 2810 net
860 2748 1043 2821 diaconum,
1064 2749 1116 2809 net
1131 2749 1261 2829 presby-

235 2869 352 2931 terum,
373 2860 432 2921 nisi
447 2861 487 2922 ad
502 2868 620 2922 certum
634 2859 758 2922 titutum
771 2860 931 2934 ordinetis,
951 2860 1069 2923 nuttum
1084 2880 1211 2923 seruum
1226 2860 1259 2922 in

233 2973 384 3036 clericum
399 2971 559 3044 ordinetis,
580 2971 639 3033 nisi
653 2971 797 3033 dominus
812 2973 878 3034 eius
894 2992 965 3035 eum
982 2972 1210 3046 manumiserit,
1226 2979 1259 3035 ut

235 3084 276 3146 de
290 3091 396 3145 cetero
411 3102 448 3144 ex
465 3090 529 3145 toto
543 3080 621 3144 nibil
634 3081 666 3143 in
681 3102 720 3144 eo
734 3081 810 3145 iuris
827 3082 952 3146 babeat.

317 3191 381 3276 (15)
402 3195 553 3278 Bygamos
568 3194 734 3256 uiduarum
748 3193 800 3258 nel
812 3193 1063 3275 repudiatarum,
1085 3215 1140 3258 scu
1156 3215 1259 3257 mere·

233 3306 345 3370 tricum
359 3303 410 3368 nei
426 3303 658 3386 prostitutarum
674 3305 802 3367 maritos
817 3305 856 3367 ab
871 3306 954 3369 omni
966 3307 1174 3369 ecclesiastica
1189 3307 1258 3387 dig-

235 3418 332 3480 nitate
352 3416 550 3498 deponimus,
577 3424 608 3478 at
632 3414 791 3478 beneficiis
815 3416 1033 3479 ecclesiasticis
1058 3418 1089 3478 in
1115 3426 1258 3479 eternum

236 3528 407 3610 priuamus.

318 3636 383 3718 (16)
405 3637 649 3700 Concubinarios
665 3638 806 3718 publicos
821 3640 860 3701 ab
871 3639 975 3701 officio
988 3659 1046 3702 suo
1062 3640 1261 3719 deponimus,

233 3756 269 3811 et
282 3747 434 3810 beneficia
449 3747 494 3808 eis
508 3745 718 3810 ecclesiastica
731 3749 957 3823 interdicimus,
978 3751 1036 3812 bac
1051 3760 1153 3813 tamen
1170 3749 1260 3811 nobis

235 3864 389 3941 potestate
411 3855 544 3930 indulta,
573 3865 607 3919 ut
628 3858 654 3920 si
676 3859 862 3942 condignam
882 3861 1005 3941 egerint
1031 3862 1261 3942 penitenciam,

236 3976 270 4031 et
281 3967 373 4029 uobis
386 3967 555 4040 uidebitur,
576 3967 752 4031 ministrare
767 3988 822 4032 eos
837 3970 950 4031 iterum
965 3970 1094 4033 faciatis.

318 4074 384 4158 (17)
405 4078 608 4160 Presbyteros
630 4077 682 4141 uet
701 4077 850 4142 diaconos
870 4089 1030 4155 uxoratos,
1052 4083 1104 4165 qui
1120 4091 1192 4144 ante
1208 4101 1261 4145 ao·

237 4197 345 4276 coptos
369 4190 495 4254 ordinas
517 4189 569 4254 uet
586 4196 831 4275 posteauxoree
848 4201 1040 4277 acceperunt
1051 4238 1061 4270 ,
1094 4193 1135 4256 ab
1153 4193 1260 4258 attaris
