2798 4764
216 350 258 421 m
503 342 953 431 omniumomniuni.

215 530 366 593 numento
388 522 588 595 reconditur,
615 521 649 584 iu
673 539 736 604 qno
759 520 902 586 nondum
925 519 1091 603 nmmum
1115 518 1239 601 potitust

215 636 328 703 tuerit
1072 672 1075 679 ·

233 795 247 811 ..
297 747 432 823 Quidem
453 752 558 813 nutem
571 745 738 828 epiecopus
751 744 925 813 trecorum
943 750 1054 811 ennete
1065 761 1239 809 conuersu-

215 859 323 933 cionis,
337 859 369 921 in
382 857 452 939 ipsu
462 856 610 921 transitus
623 855 673 921 coi
685 855 766 921 horu
778 855 899 921 audiuit
912 854 1048 923 enimam
1061 854 1160 920 renuti
1170 855 1240 925 Ste-

214 968 311 1054 phuni
323 968 357 1033 in
370 966 472 1033 celum
487 966 683 1032 deserentem
696 986 754 1049 per
768 965 952 1050 angelorum
967 966 1098 1040 choros,
1119 973 1152 1031 ot
1170 965 1239 1031 iou·

215 1080 327 1147 dentes
341 1081 503 1145 domiuum
514 1081 619 1144 lesum
631 1077 800 1143 Christum.
822 1078 909 1161 quod
922 1080 1026 1145 stetim
1041 1078 1191 1145 nuncium
1205 1079 1242 1147 in

214 1192 407 1277 linngnriem
422 1193 455 1255 in
468 1192 579 1257 tunm
592 1191 771 1266 transmisit,
784 1198 815 1257 et
829 1192 873 1255 ita
887 1191 969 1255 sicut
982 1191 1146 1259 nudiuitet
1159 1191 1239 1257 uidit

214 1314 340 1371 metus
361 1305 609 1388 episcopus....
629 1303 730 1368 literis·
749 1310 853 1368 cutem
874 1302 914 1367 dc
928 1303 1016 1367 obitu
1035 1302 1105 1369 cius
1120 1322 1139 1365 n
1153 1303 1239 1385 cepi·

215 1417 280 1483 tulo
295 1417 431 1499 acceptio
444 1417 486 1484 ed
497 1417 659 1483 domiuum
672 1436 765 1483 enum
778 1416 812 1481 in
826 1415 970 1483 Greciam
984 1415 1147 1481 remonuit.
1217 1400 1223 1423 ²

298 1529 380 1612 Sepo
401 1528 564 1593 bermonie
592 1549 689 1612 cupra
713 1525 916 1610 sepulchrum
942 1527 1011 1591 cius
1032 1527 1240 1599 audiebantur

215 1641 416 1725 augelorum,
445 1661 521 1724 sepo
540 1639 702 1723 lampades
723 1640 869 1704 ardentes
891 1640 925 1702 iu
943 1659 1019 1703 aere
1039 1640 1239 1707 nictentur.

216 1753 386 1818 multorum
407 1771 486 1816 uero
508 1753 613 1833 pueri,
641 1752 696 1834 qui
714 1749 894 1815 intirmitete
916 1770 973 1815 suo
991 1750 1062 1816 eius
1079 1749 1241 1817 liminibus

215 1865 465 1938 deponemus,
479 1883 553 1929 mox
566 1872 602 1929 ut
614 1864 846 1947 perueniebcnt
856 1864 1056 1938 curabuntur,
1070 1863 1240 1929 auxiliante

215 1978 344 2043 domino
357 1985 466 2041 nostro
480 1977 552 2040 lesu
565 1976 700 2041 chroco.

298 2089 361 2153 Sex
384 2088 545 2153 mensibus
565 2108 644 2152 uero
666 2095 737 2170 post
757 2087 875 2153 obitum
895 2088 995 2153 cuncti
1015 2089 1075 2153 uiri
1097 2086 1240 2171 expletis,

215 2203 295 2267 tto·
306 2222 440 2285 regnum
454 2199 615 2285 Hungurie
630 2214 741 2284 rogere
755 2201 848 2283 cepit.

296 2422 361 2510 (ἢ)
396 2429 440 2490 Dr
460 2427 567 2510 fronde
591 2428 689 2508 recino
708 2437 810 2489 contro
829 2423 947 2490 Attum
993 2425 1109 2509 Etnpso
1134 2435 1242 2490 nutem

214 2542 375 2625 regiminis
396 2541 446 2603 sui
468 2558 568 2612 enno,
587 2539 698 2623 regina
711 2539 829 2602 innidie
845 2547 877 2603 et
892 2538 956 2602 odii
969 2538 1109 2602 fomitem
1130 2547 1241 2603 contu

214 2652 388 2737 principem
404 2649 530 2724 Albam,
553 2651 638 2733 quod
652 2651 719 2732 ipse
736 2651 888 2734 regimine
906 2650 1031 2732 dignior
1045 2657 1131 2713 essct
1143 2671 1240 2733 quom

215 2766 280 2828 dux
292 2763 448 2826 chricus
470 2781 638 2845 germanus
656 2762 783 2844 regine,
805 2762 969 2825 contruxit.
1003 2771 1114 2844 quent
1128 2763 1242 2846 uipera

214 2875 336 2958 replete
349 2892 475 2939 ueneno
488 2872 630 2945 malicie,
650 2873 759 2937 dolere
773 2873 857 2956 cepit
870 2874 956 2956 quod
969 2874 1090 2938 nullum
1104 2895 1239 2959 puerum

214 3005 327 3070 perere
347 2984 457 3066 potuit.
484 2985 623 3067 cogitare
644 2985 728 3066 cepit
748 2993 781 3048 et
800 3004 909 3049 secum
930 2986 1063 3050 noluere
1080 2988 1241 3070 quomodo

214 3097 302 3161 irotri
322 3117 380 3160 suo
393 3096 468 3160 duci
482 3096 620 3160 Honn'oo
640 3116 773 3179 regnum
787 3097 949 3180 Hungnrie
970 3106 1125 3181 perpetuo
1140 3097 1242 3180 ponci·

216 3210 354 3273 dendum
374 3209 527 3283 truderet,
548 3216 581 3272 et
599 3229 657 3273 sue
677 3210 823 3292 potencie
845 3218 1029 3293 usurparet,
1048 3210 1131 3273 titios
1154 3210 1241 3294 regie

215 3322 382 3406 Stephani,
404 3342 484 3405 quos
504 3321 586 3384 Kaul
607 3322 755 3405 princeps
768 3321 897 3385 fouebat
916 3322 949 3385 io
963 3323 1090 3386 flumine
1105 3322 1241 3405 proiice·

164 3520 168 3527 Ι
214 3441 276 3508 ret,
299 3443 330 3498 et
343 3434 441 3499 uitem
454 3454 564 3498 eorum
579 3434 672 3497 morti
687 3433 791 3507 deret,
812 3443 845 3498 ct
857 3435 1043 3498 memoriam
1057 3454 1168 3499 eorum
1182 3434 1238 3498 de·

213 3545 304 3611 leret
332 3548 487 3611 aduocato
503 3556 608 3613 nutem
621 3547 718 3610 stoue
739 3567 798 3610 cuo
814 3547 913 3610 edixit
926 3547 956 3609 ei
970 3547 1000 3609 in
1015 3555 1139 3610 secreto
1154 3549 1240 3632 cogi·

111 3686 114 3691 ·
214 3660 386 3734 minoem,
401 3669 433 3723 et
445 3658 690 3740 disposicionem
703 3666 808 3721 uuum
820 3659 1011 3723 consentiret
1023 3657 1241 3742 interrogauit.

214 3792 279 3856 quc
297 3778 456 3849 annuente
477 3770 624 3833 consiluit
644 3771 690 3843 ci,
717 3778 753 3832 ut
765 3768 939 3832 timorum
953 3769 1099 3843 intraret,
1120 3778 1239 3834 etcum

215 3883 357 3947 ucrcitu
368 3879 476 3946 utto
490 3880 619 3954 rediret,
632 3888 665 3944 et
677 3878 782 3947 ualido
795 3878 1096 3963 mnnuHungnricm
1108 3880 1241 3945 iotrurct

214 4002 249 4059 et
259 4011 319 4058 nno
331 3993 466 4076 imperio
478 3991 670 4074 subiugaret
692 3992 779 4074 quod
793 3991 992 4075 permittento
1005 3992 1113 4056 diuina
1125 3992 1241 4065 uoluu-

214 4112 293 4181 ute.
312 4105 520 4173 intmuitdux
533 4104 689 4173 tierricus
702 4123 799 4171 mnne
812 4104 887 4173 torti
899 4103 1105 4192 flunguinnc.
1134 4116 1166 4173 ct
1180 4110 1239 4177 ob-
