2798 4764
223 318 286 383 256
437 337 473 418 ¹.¹·
485 335 615 382 coenan
636 336 759 381 maura
778 336 966 382 munusue
987 314 1043 401 (1).

225 488 398 564 consolari,
418 489 474 552 sed
499 487 532 550 in
557 488 741 552 uerberibus
764 496 795 551 et
818 488 851 550 in
874 489 922 551 ira
941 490 1164 554 subsannando
1188 511 1255 567 eos,

106 602 108 606 ’
224 622 297 666 cum
319 602 441 684 irriguit
462 600 622 663 calamitas
641 599 806 683 repentina
827 600 886 673 sic,
908 620 970 683 que
985 600 1146 683 Hungaria
1161 602 1256 683 plena

225 713 359 798 populo,
380 714 470 775 sedet
492 712 569 774 sole.
598 712 700 774 odiro
722 710 905 773 crudelitasi
934 712 1013 773 facta
1035 722 1082 775 est
1095 712 1258 795 Hungaria

224 824 324 888 libera
345 825 402 886 sub
424 824 549 887 tributo.
580 821 661 904 proh
684 821 785 895 dolor,
813 840 878 883 non
900 820 959 883 fuit
979 823 1011 883 in
1035 830 1119 884 tanto
1146 824 1258 898 exicio,

225 939 279 1020 qui
294 935 509 1000 consolaretur
524 954 615 1009 eam,
637 953 677 996 ex
695 933 840 1016 omnibus
863 933 943 995 caris
962 934 1040 995 eius.
1068 953 1147 1025 rogo
1162 934 1257 1017 igitur

225 1059 257 1113 et
278 1049 448 1111 affectuose
469 1046 625 1128 deposco,
648 1052 821 1127 quatenus,
843 1062 916 1106 cum
934 1044 974 1107 de
990 1043 1055 1106 uita
1069 1053 1101 1107 et
1115 1045 1256 1127 ipsorum

224 1158 364 1229 moribus
379 1167 473 1241 atque
490 1176 594 1239 pugna
608 1155 788 1223 describere
803 1153 957 1227 noluerim
971 1156 1153 1230 ueritatem,
1173 1157 1200 1219 si
1216 1158 1255 1220 de

225 1272 304 1336 tristi
328 1268 461 1334 materia
486 1277 517 1332 et
540 1268 716 1341 horrenda,
747 1264 859 1331 flebilis
882 1266 960 1330 inire
984 1265 1162 1350 compulsus
1186 1290 1255 1331 sum

224 1392 343 1447 mestos
363 1383 493 1458 modos,
514 1399 571 1443 uos
594 1381 646 1443 uel
665 1378 800 1462 quisque
822 1379 932 1453 lector,
952 1387 1070 1443 rectam
1089 1380 1254 1443 conscien-

225 1496 321 1569 ciam,
341 1494 428 1558 falsis
442 1492 641 1576 opinionibus
656 1512 720 1555 uon
734 1499 909 1575 supponat,
932 1492 1017 1573 quod
1033 1501 1252 1576 presumtuosa

223 1606 404 1679 temeritas,
436 1595 586 1688 patefecit
610 1604 729 1668 aditum
753 1604 868 1667 illicitis
891 1603 1018 1668 ausibus
1042 1604 1094 1668 uel
1120 1605 1253 1667 nociais.

223 1719 299 1800 quia
318 1737 382 1779 non
403 1717 443 1778 ad
457 1715 742 1799 deprehensionem
764 1715 909 1798 cuiquam
931 1716 983 1778 uel
1005 1716 1248 1798 derogacionem

225 1829 282 1891 sed
297 1829 337 1891 ad
355 1829 591 1892 instructionem
610 1827 643 1889 id
663 1827 766 1910 potius
782 1826 976 1903 examinari,
997 1837 1032 1891 ut
1045 1828 1189 1912 legentes
1203 1827 1253 1890 in-

224 1939 381 2023 telligant,
407 1948 439 2002 et
456 1939 665 2022 intelligentes
687 1940 833 2014 credant,
863 1940 1027 2004 credentes
1049 1948 1193 2015 teneant,
1221 1950 1253 2005 et

224 2059 368 2117 tenentes
391 2052 582 2135 percipiant,
602 2053 688 2135 quud
704 2072 803 2134 prope
823 2060 897 2116 sunt
911 2052 978 2115 dies
995 2052 1199 2135 perdicionis,
1221 2061 1253 2116 et

223 2168 366 2246 tempora
387 2171 555 2247 properant
575 2164 614 2227 ad
635 2184 699 2226 non
720 2183 800 2227 esse.
828 2172 860 2226 et
880 2164 980 2227 sciant
1000 2163 1104 2228 cuncti
1124 2165 1185 2229 hec
1200 2186 1251 2230 me

224 2283 344 2339 temere
367 2295 431 2337 non
449 2275 585 2349 referre,
607 2277 691 2358 quod
706 2276 847 2359 quisquis
862 2276 902 2338 ad
916 2296 1025 2339 manus
1035 2276 1180 2358 ipsorum
1195 2277 1251 2341 de·

224 2388 349 2453 uenerit
364 2389 585 2463 Tartarorum,
607 2388 739 2453 sinatus
753 2408 819 2453 non
833 2386 957 2461 fuisset,
978 2387 1092 2451 melius
1106 2397 1191 2453 esset
1204 2389 1251 2464 ei,

221 2507 254 2563 et
276 2500 407 2575 sentiet,
428 2519 463 2563 se
483 2518 549 2560 non
568 2498 748 2573 a'fartaris,
769 2498 873 2563 sedin
888 2505 1004 2561 tartaro
1020 2498 1165 2563 detineri.
1188 2498 1250 2561 boc

220 2610 326 2681 refero
341 2617 375 2678 ut
389 2620 548 2691 expertus.
570 2608 615 2671 fui
630 2610 714 2674 enim
728 2630 787 2692 per
802 2616 935 2690 ternpus,
949 2617 981 2671 et
994 2608 1157 2672 dimidium
1171 2617 1250 2673 tem-

221 2720 307 2817 poris
327 2722 488 2795 intereos,
503 2720 612 2803 inquo
627 2720 708 2828 meri
723 2721 875 2785 solacium
890 2720 1060 2795 extitisset,
1081 2722 1161 2789 sicut
1173 2741 1249 2806 sup·

220 2834 348 2925 plicium
360 2833 421 2899 fuit
434 2833 508 2896 uita.

304 3055 353 3142 (ll
375 3059 420 3122 Dr
433 3060 596 3123 armam
609 3059 685 3139 repis
699 3057 777 3123 Belo.
821 3056 899 3121 Cum
914 3056 991 3123 bela
1010 3078 1068 3129 rex
1080 3057 1250 3143 Hungarie,

220 3171 303 3245 inter
323 3170 481 3257 principes
495 3169 688 3234 Christianos
707 3169 825 3234 zelator
839 3169 991 3235 catholice
1011 3169 1085 3233 fidei
1100 3189 1249 3235 noscere-

219 3293 284 3360 tur,
305 3284 464 3369 adinstar
484 3283 722 3367 progenitorum
741 3302 886 3358 suorum,
907 3283 1075 3365 Stephani,
1095 3283 1248 3358 Emerici,

219 3395 358 3473 ladislai
375 3406 407 3460 et
422 3394 582 3459 Colomani
604 3415 732 3477 regum,
753 3394 808 3479 qui
826 3403 1006 3461 sanctorum
1020 3393 1161 3476 catalogo
1176 3402 1249 3459 sunt

219 3509 378 3591 adscripti,
396 3510 478 3572 inter
491 3507 551 3573 alia
561 3508 684 3591 pietatis
699 3526 808 3591 opera,
822 3527 884 3590 que
899 3507 967 3588 ipse
982 3507 1015 3573 in
1025 3507 1201 3589 propatulo,
1214 3513 1248 3571 ut

217 3619 440 3691 benefaciendi
453 3621 631 3702 exemplum
647 3619 806 3702 preberet,
828 3626 860 3682 et
874 3615 950 3691 aba,
971 3636 1032 3704 que
1047 3617 1081 3679 in
1095 3615 1248 3690 conclaui,

219 3737 255 3794 ut
274 3748 329 3792 ora
348 3729 457 3813 iniqua
478 3730 677 3815 loquencium
691 3738 801 3795 contra
820 3747 892 3792 eum
907 3727 1096 3799 obstrueret,
1118 3743 1247 3789 exerce·

217 3840 283 3927 bat,
296 3841 329 3903 in
343 3850 447 3905 mente
461 3842 557 3925 gessit
569 3843 713 3916 assidue,
733 3858 847 3929 prauae
862 3845 894 3903 et
907 3847 1073 3903 cananeas
1096 3835 1246 3901 naciones

201 3951 258 4018 =ad
280 3952 435 4037 gremium
454 3952 586 4017 ecclesie
609 3954 718 4019 matris
740 3951 914 4027 attrahere,
942 3959 976 4015 ut
997 3948 1161 4013 animabus
1184 3950 1244 4014 deo

217 4081 313 4149 qaam
335 4062 475 4149 plurimis
492 4062 686 4138 lucrefactis,
707 4083 798 4129 suam
814 4059 937 4129 facilius
958 4061 1132 4133 deduceret
1151 4060 1246 4126 lucri·

216 4175 331 4243 Qum
344 4176 386 4249 ad
400 4182 511 4253 eterna
522 4175 640 4263 gaudia
650 4176 828 4253 beatorum.
