2798 4764
177 326 241 399 666
377 345 688 399 murmurmurmur
709 345 888 397 coensium
906 346 1007 397 66666.

177 509 228 575 166
243 509 283 573 da
298 507 374 573 uilla
390 507 442 571 illa
456 508 613 571 emendet.
634 508 691 571 sed
709 507 736 573 si
752 507 835 571 circa
849 516 954 591 partes
969 505 1036 571 illas
1051 507 1208 572 latronum

178 621 256 687 uilla
268 621 377 698 fuerit,
397 620 430 685 hi
445 621 591 704 ligentur.

260 734 338 811 (66)
360 733 392 797 Si
413 734 535 817 equites
555 734 693 800 uiatores
715 733 745 797 in
768 735 842 798 uilla
861 735 1033 810 lacuerint,
1063 743 1096 799 et
1109 754 1208 820 equos

178 846 393 931 perdiderint,
414 867 433 910 6
452 846 575 910 61116616
594 848 655 910 hec
671 849 889 922 emendentur,
910 848 936 912 si
950 869 1029 912 6666
1045 855 1135 912 extra
1149 847 1208 911 nil·

178 959 257 1036 lam,
277 959 382 1023 nullus
398 960 437 1022 de
453 959 526 1023 61116
540 958 711 1042 666661661.

264 1073 342 1149 (66)
364 1071 424 1147 Qui
449 1073 481 1133 in
505 1072 604 1136 tribus
629 1073 770 1136 conciliis
794 1093 922 1137 cansam
943 1095 1032 1138 suam
1055 1075 1208 1159 tegetibus

182 1188 318 1254 diffinire
340 1186 493 1260 noluerit,
513 1186 582 1249 eius
597 1187 795 1269 querimonia
814 1187 949 1269 amplius
968 1208 1032 1250 nun
1054 1188 1209 1253 audiatur.

263 1303 346 1377 (65)
366 1298 476 1362 Nullus
491 1300 639 1362 comitum
654 1298 706 1362 nel
721 1300 850 1363 militum
873 1298 905 1361 in
920 1299 1082 1364 ecclesiam
1100 1321 1209 1382 presu-

181 1421 245 1478 mat
266 1413 327 1477 sibi
345 1412 517 1475 nendicnre
538 1420 744 1494 potestatem,
766 1419 871 1495 preter
892 1411 993 1475 solnm
1015 1414 1209 1495 episcopum.

265 1529 351 1608 (66)
379 1525 548 1591 Presbiteri
570 1532 602 1588 et
622 1525 768 1600 abbates,
802 1544 859 1589 seu
883 1524 1050 1589 cuiuslibet
1073 1545 1208 1607 persona

182 1640 352 1725 dignitatis,
372 1637 505 1701 ecclesie
520 1636 766 1701 decimacionem
782 1635 973 1718 persolnaut,
994 1636 1027 1700 in
1041 1637 1130 1701 cuius
1146 1645 1209 1700 ter·

180 1752 292 1816 6116616
307 1749 529 1834 agriculturam
544 1756 693 1812 exercent
706 1757 760 1812 aut
775 1749 975 1812 uindemiam.

264 1864 342 1939 (67)
362 1861 481 1944 bigami
502 1868 533 1924 61
555 1861 718 1924 uiduarum
742 1861 793 1924 nel
816 1861 1051 1944 repudiatarum
1074 1862 1208 1925 maritia

182 1975 336 2060 coniugiis
351 1982 475 2038 cessent
487 1973 611 2048 illicitis,
624 1972 677 2036 nel
691 1993 710 2036 a
724 1973 799 2036 cleri
813 1973 1021 2037 excludentur
1032 1973 1209 2038 consortiis.

265 2090 342 2166 (68)
363 2087 458 2151 Missa
482 2106 546 2148 non
570 2085 747 2148 celebretur
767 2085 827 2147 nisi
853 2086 1043 2150 consecratis
1065 2085 1097 2146 in
1121 2084 1209 2159 locis,

181 2201 241 2266 nisi
256 2221 351 2265 causa
365 2199 559 2264 necessitatis
574 2198 679 2282 aliqua
699 2199 868 2271 existente,
890 2205 922 2261 et
936 2205 1009 2260 1666
1024 2197 1055 2259 16
1071 2197 1207 2261 16616616

180 2334 237 2377 666
259 2312 321 2376 6116
343 2313 461 2374 mundo
481 2309 561 2375 1666.
589 2310 647 2374 sed
664 2311 713 2373 nie
728 2316 847 2373 tantum
870 2329 909 2372 ac
923 2309 1026 2373 itineri
1042 2309 1100 2371 bec
1114 2316 1210 2372 uacet

179 2424 364 2498 necessitas,
384 2443 449 2486 non
463 2421 645 2496 uenacioni,
667 2441 726 2484 nec
740 2422 808 2484 sine
824 2419 928 2485 tabula
943 2419 1111 2483 itineraria.

263 2537 341 2612 (69)
361 2534 505 2618 lleliquie
519 2541 698 2599 sanctorum
712 2533 865 2616 peruiam
882 2552 944 2594 nun
958 2539 1133 2615 portentur,
1150 2530 1207 2594 nisi

181 2648 297 2710 abono
314 2654 345 2709 et
359 2647 506 2729 religioso
522 2646 646 2708 6166166.

263 2760 345 2833 (70)
366 2756 476 2820 Nullus
499 2757 551 2840 qui
580 2757 613 2819 in
636 2756 721 2820 clero
750 2757 911 2820 estimatur
934 2756 1075 2820 uestibus
1102 2763 1208 2819 616166

179 2869 358 2943 laicalibus,
385 2877 494 2950 utpote
514 2868 588 2931 11666
603 2868 726 2952 66111616
741 2869 792 2932 661
812 2868 916 2931 166166
930 2888 1056 2950 sparsa,
1083 2866 1207 2933 uranica

180 2983 278 3067 gilna,
297 2983 392 3046 rubra
406 2981 545 3064 stragula
560 2981 610 3044 uel
625 2981 718 3043 uiridi
732 2981 881 3056 clamide,
902 2982 1001 3063 caliga
1022 3002 1078 3045 666
1098 3000 1208 3063 66666,

181 3094 287 3157 661666
306 3094 389 3176 61616
414 3092 467 3155 661
487 3092 633 3156 66616616.
662 3091 788 3155 camisia
810 3113 937 3177 quoqne
964 3094 1069 3156 tunica
1098 3103 1130 3157 et
1156 3114 1207 3156 se·

179 3205 292 3271 616616
308 3216 449 3290 6661666,
471 3224 535 3267 666
549 3213 755 3269 conserantur
766 3207 858 3268 nudis
873 3204 925 3269 nel
937 3204 1052 3280 fibulis,
1072 3206 1129 3268 sed
1140 3224 1207 3266 am-

177 3317 346 3401 plexentur
360 3318 477 3381 collum
491 3317 593 3400 quasi.

262 3433 341 3506 (71)
363 3429 506 3505 0661666
524 3439 667 3512 tempora
689 3429 721 3491 in
745 3430 809 3495 suis
833 3436 867 3492 ut
886 3428 1038 3495 hactenus
1058 3447 1126 3490 mos
1148 3426 1207 3491 1611

177 3540 256 3605 16616
270 3543 481 3607 celebrentur.

260 3656 337 3729 (7⁸2)
359 3652 504 3717 Officium
519 3655 558 3718 da
573 3662 682 3718 sancta
704 3654 839 3717 trinitate
861 3663 933 3737 pust
948 3662 1075 3717 octauas
1095 3660 1206 3735 pente·

178 3772 281 3827 curtes
296 3765 481 3828 celebretur.

260 3878 338 3952 (73)
360 3876 524 3959 Sepulture
540 3877 785 3943 Christianorum
799 3898 862 3940 non
877 3878 938 3943 nisi
952 3880 984 3943 in
1000 3878 1087 3943 atriis
1102 3876 1206 3943 66616·

175 3988 291 4052 6166666
305 3988 392 4054 liant.
1041 4061 1044 4067 ¹

260 4100 339 4177 (7.1)
360 4101 468 4164 Nullus
480 4102 595 4167 ludens
610 4102 814 4169 christianum
828 4102 1016 4187 mancipium
1031 4125 1138 4169 emere
1153 4102 1205 4168 uel

175 4214 317 4283 uendere
338 4215 469 4293 audeat,
489 4216 668 4283 66116666
688 4217 826 4305 66661616
839 4226 949 4285 tenera
966 4216 1097 4284 rinatnr.
1118 4236 1204 4282 6666
