2798 4764
282 362 431 412 merrus
453 361 625 409 raconnnou
648 361 750 407 oneror
774 358 961 404 remersus.
996 336 1085 402 ibbo.
1139 334 1200 400 469

171 519 357 582 cannucione
383 516 501 579 domini
529 515 695 577 millesimo
721 512 935 575 ducentesimo
957 509 1198 591 quadragesimo

170 640 293 714 quarto,
315 629 403 710 regni
426 638 530 690 autem
547 627 645 690 nostri
664 645 747 688 anno
769 645 863 695 nono,
884 633 915 685 et
929 635 1042 686 octauo
1057 623 1125 683 Kai.
1138 623 1201 685 De-

173 744 319 805 cembris.

497 939 880 949 —a-—v--n——su-—nm

247 1106 450 1190 STEPHANI
475 1103 786 1189 natatertsoott
815 1101 1129 1186 stateonffinsts

528 1281 846 1369 LIBERTAS

223 1466 454 1529 incoenauu
492 1465 624 1527 oneror
662 1464 906 1526 usurszrun.
964 1461 1155 1524 neccxctu.

506 1619 528 1669 E
547 1618 673 1669 tabulario
691 1618 873 1680 strigoniensi.

725 1772 805 1781 ...-

259 1879 436 1960 Stephanus
453 1879 708 1959 archiepiscopus
732 1877 951 1958 strigoniensis
972 1877 1081 1938 incolis
1096 1875 1205 1958 oppidi

176 1994 345 2053 Keresztur
365 1992 422 2052 has
446 1992 531 2052 dedit
553 1991 729 2053 iibertates:
752 1990 897 2051 nimirum
914 1990 998 2070 quod
1021 1989 1206 2069 hospitibus,

178 2105 230 2185 qui
245 2105 284 2165 ad
300 2111 414 2165 terram
430 2111 537 2164 sancte
553 2103 654 2163 crucis
669 2103 701 2162 in
716 2101 806 2163 Susai
823 2103 930 2162 uenire
948 2100 1120 2173 noluerint,
1141 2110 1205 2163 tam

179 2214 235 2274 sibi
247 2234 340 2295 quam
352 2213 456 2274 comiti
471 2232 529 2273 suo
543 2232 600 2293 per
614 2212 781 2274 triennium
796 2231 859 2272 non
876 2212 1008 2272 soluant.
1029 2212 1205 2272 libertatem

181 2334 283 2386 autem
299 2335 360 2386 tam
376 2325 575 2406 presentibus
591 2344 684 2406 quam
700 2323 809 2385 suturis
826 2321 919 2384 talem
934 2322 1106 2384 concessit:

264 2438 322 2510 (1)
344 2437 485 2499 Decimus
509 2455 581 2497 suas
607 2436 761 2497 dimittent
782 2436 813 2495 in
828 2455 938 2515 campo
956 2453 1042 2495 more
1059 2433 1208 2496 Teutoni·

183 2566 302 2608 corum.

265 2662 325 2735 (2)
346 2661 421 2722 Item
439 2663 478 2723 de
499 2681 562 2722 uno
578 2667 682 2723 aratro
698 2659 821 2721 soluent
838 2657 940 2719 comiti
960 2677 1018 2719 suo
1035 2677 1129 2719 tinum
1145 2655 1208 2718 ier-

181 2782 296 2836 tonem.
328 2774 360 2834 hi
382 2774 434 2855 qni
457 2781 528 2835 sunt
549 2774 616 2834 sine
639 2780 758 2845 aratro,
787 2773 869 2833 etin
894 2771 1036 2832 domibus
1057 2770 1207 2842 aliorum,

181 2885 305 2947 soiuent
319 2904 416 2946 unurn
433 2885 556 2964 pondus
572 2894 602 2946 et
617 2884 776 2944 dimidium
792 2883 906 2963 hospiti
922 2903 989 2943 suo.

263 2996 320 3069 (3)
343 2996 418 3056 item
434 2994 550 3056 femine
567 2996 606 3055 ad
622 2995 734 3055 multas
747 3014 856 3057 causas
870 2992 1024 3073 legitimas
1041 2993 1208 3054 admittun-

182 3116 241 3180 tur,
264 3113 393 3186 excepta
409 3126 504 3167 causa
520 3106 604 3167 srrrti.

265 3217 321 3290 (b)
344 3217 420 3277 Cum
442 3218 534 3278 uicini
555 3218 594 3278 ad
610 3219 832 3299 purgacionem
848 3217 1020 3277 faciendam
1041 3234 1103 3274 non
1121 3214 1209 3275 ueni-

185 3334 251 3398 unt,
266 3336 339 3387 tunc
356 3328 467 3389 mulier
479 3329 649 3390 admittitur
661 3330 699 3389 ad
715 3329 890 3389 taciendam
906 3325 1126 3407 purgacionem
1139 3344 1211 3386 cum

185 3436 370 3496 iuramento.
393 3447 425 3498 et
438 3437 464 3497 si
478 3438 630 3501 iurauerit
644 3440 745 3501 soluet
760 3438 915 3501 sacerdoti
933 3436 1097 3497 duodecim
1114 3436 1211 3497 dena-

184 3546 258 3606 rios.
279 3546 304 3604 si
321 3564 383 3606 non
399 3547 495 3621 iuret,
516 3549 619 3611 soluet
635 3549 743 3610 maiori
759 3549 843 3609 uille.

267 3659 324 3732 (5)
346 3659 423 3720 Item
444 3660 474 3720 in
497 3660 643 3721 omnibus
666 3662 766 3722 causis
787 3658 985 3741 pecuniariis,
1016 3670 1121 3740 preter
1142 3657 1212 3721 uin-

186 3770 299 3831 dictam
315 3772 491 3852 sanguiniS,
514 3791 570 3851 pro
586 3771 699 3834 mulcta
715 3772 831 3833 debent
847 3771 921 3832 dare
937 3770 1098 3852 sexaginta
1114 3771 1212 3833 dena·

185 3882 258 3943 rios.
280 3883 312 3944 in
327 3883 540 3945 criminalibus
557 3883 658 3945 causis
673 3884 844 3965 puniuntur
860 3902 947 3944 more
962 3882 1145 3965 hungarico.

269 3996 330 4069 (6)
353 3996 430 4058 item
451 3996 600 4057 derebus
617 3994 777 4056 morientis
793 3995 859 4057 siue
876 3993 993 4056 herede
1010 4014 1114 4056 comes
1129 3994 1213 4058 acei-

186 4108 250 4188 piet
265 4126 369 4180 unam,
384 4126 478 4189 quam
492 4106 638 4169 uoluerit.
660 4107 699 4168 de
714 4107 827 4168 ceteris
843 4107 979 4169 moriens
994 4107 1141 4187 disponet
1154 4122 1212 4187 pro

187 4239 245 4282 sua
269 4218 441 4282 uoluntate.
483 4220 511 4283 si
534 4237 612 4282 uero
636 4218 799 4283 intestatus
825 4218 975 4293 decedet,
1004 4219 1214 4282 deuoluaotur
