2798 4764
166 361 254 408 eran
267 360 309 407 rr.
327 359 477 406 amemus
499 360 654 406 nosmrmr
673 360 713 404 ne
732 357 973 405 rusrnssmu.
999 339 1089 404 1257.
1131 337 1192 404 tit?

167 534 261 578 causa
275 524 344 577 orta
357 515 467 588 fuerit,
490 515 600 576 eadem
616 533 711 576 causa
731 534 793 575 non
809 511 924 586 duello,
945 512 1003 575 sed
1011 512 1192 593 ¹iuramento

167 637 198 690 et
213 626 397 690 testimoniis
414 626 585 689 decidatur.

248 739 308 812 (ῐι)
329 738 496 800 statuimus
521 737 620 799 eciam
641 737 726 818 quod
749 737 773 799 si
799 738 898 798 banus
920 736 965 798 eis
989 736 1029 799 ad
1051 736 1192 800 ualerem

167 851 258 913 unius
273 869 376 911 marce
388 851 535 911 damnum
551 849 670 921 fecerit,
684 849 715 909 in
732 846 879 930 centuplo
894 857 1048 911 restauret
1063 847 1193 912 eisdem.

167 973 270 1026 tamen
285 964 367 1024 bano
382 982 445 1023 non
461 961 546 1024 aliud
560 961 621 1024 nisi
632 961 743 1023 domus
758 981 831 1023 sues
845 961 1009 1023 occasione
1022 961 1193 1023 descensus

168 1076 242 1137 dare
267 1083 442 1136 teneantur.
475 1093 532 1155 pro
555 1072 622 1134 aliis
645 1093 721 1134 uero
742 1072 928 1135 necessariis
950 1074 1092 1154 precium
1113 1072 1194 1135 reci-

167 1186 265 1267 piant.

250 1297 307 1369 (5)
329 1297 368 1357 Et
393 1295 418 1356 si
443 1295 554 1376 aliquis
579 1295 717 1378 ipsorum
745 1295 833 1377 proto
859 1296 1010 1369 caruerit,
1040 1304 1102 1358 tam
1123 1295 1193 1378 ipso

168 1407 295 1468 uiuente
310 1427 403 1487 quam
419 1427 437 1467 a
450 1405 557 1468 seculo
572 1407 826 1488 transmigrante,
848 1408 930 1471 bona
945 1428 1003 1469 sua
1017 1408 1193 1491 cuicunque

168 1517 319 1590 uoluerit,
340 1517 439 1580 libere
455 1517 595 1581 conferat
611 1518 784 1581 retinenda.

250 1631 305 1704 (6)
327 1631 366 1690 Et
379 1628 405 1690 si
421 1629 490 1710 quis
505 1629 604 1709 ipsam
627 1631 731 1692 uittam
752 1631 869 1693 intrare
885 1630 1034 1705 uoluerit,
1055 1640 1194 1694 moratu·

167 1763 231 1814 rus,
252 1740 359 1802 omnia
371 1741 456 1802 bona
469 1759 536 1813 sua,
559 1741 669 1803 domos
683 1741 832 1805 uidelicet
846 1750 877 1804 et
893 1741 950 1804 alia
966 1761 1028 1824 que
1042 1742 1194 1824 possidet,

168 1854 312 1916 omnibus
327 1853 455 1914 liberam
470 1852 585 1914 habeat
600 1853 758 1915 uendendi
774 1853 963 1918 facultatem.
995 1862 1026 1916 et
1040 1855 1194 1917 recedens

169 1965 207 2027 de
223 1962 296 2026 uilia
311 1964 443 2026 eandem
458 1962 593 2026 retineat
606 1961 790 2027 libertatem.

249 2076 307 2148 (7)
330 2074 498 2135 statuimus
513 2074 611 2136 eciam
628 2082 660 2136 ut
674 2075 869 2138 sacerdotem
885 2095 1115 2158 quemcumque
1136 2094 1195 2139 uo·

167 2185 299 2258 luerint,
319 2185 351 2246 in
376 2205 466 2247 suam
490 2185 641 2265 recipiant
670 2186 848 2259 ecclesiam,
874 2187 913 2248 de
936 2186 1064 2250 decimis
1087 2204 1196 2250 eornm

169 2306 264 2379 prout
293 2317 360 2360 mos
386 2305 434 2359 est
458 2296 633 2378 hospitibus
658 2298 837 2380 ubicunque
866 2299 1063 2361 manentibus
1089 2299 1197 2381 dispo·

169 2417 291 2473 nentes.

253 2521 311 2595 (8)
331 2521 395 2583 Nec
414 2519 475 2583 hoc
489 2520 635 2582 uolumus
650 2520 779 2582 silencio
794 2521 1000 2600 pertransire,
1025 2522 1110 2603 quod
1123 2540 1197 2604 pre·

171 2632 244 2694 dicti
267 2631 407 2712 hospites
428 2632 520 2694 nohis
536 2631 694 2695 annuatim
713 2651 771 2711 pro
787 2632 918 2694 collecta
932 2641 1058 2694 centurn
1072 2650 1197 2715 penses,

171 2751 274 2824 etpro
288 2742 406 2804 tributo
420 2742 480 2805 fori
495 2743 620 2825 triginta
635 2741 819 2825 persoluere
834 2752 1007 2807 teneantur.
1114 2800 1118 2805 .

250 2854 363 2916 Datum
387 2872 471 2917 anno
495 2854 535 2917 ab
558 2853 777 2918 incarnacione
804 2855 921 2917 domini
947 2855 1121 2918 uchvtt.
1144 2872 1195 2920 aa·

169 2964 274 3029 cundo
288 2966 359 3028 idus
373 2966 526 3041 ianuarii,
546 2968 635 3048 regui
649 2968 748 3031 nostri
761 2987 844 3031 enno
858 2967 956 3030 xxm
