2798 4764
225 348 287 417 tot
334 382 339 389 ·
438 364 765 415 muraenarum
785 364 1032 413 smoommssn

223 522 293 587 lunt
310 522 446 586 iudicem
466 522 669 596 constituant,
689 542 786 605 quem
806 520 997 585 riothardum
1019 520 1122 585 solent
1143 522 1250 604 appel-

223 633 299 698 lare.

306 743 358 828 (ἲ)
389 745 491 808 nullus
517 751 621 808 aute'm
645 744 809 827 burgensis
834 744 983 806 tributum
1009 751 1041 806 et
1064 743 1251 806 tricesimam

224 856 349 921 soluere
374 865 533 930 teneatur,
558 857 618 917 nisi
639 857 693 938 qui
718 855 805 919 uadit
828 855 860 916 in
881 855 1066 917 'teutoniam
1091 874 1161 915 cum
1187 854 1251 916 suis

227 968 457 1040 mercimoniis,
478 967 517 1030 de
533 965 673 1048 quolibet
694 986 786 1029 curru
807 966 981 1047 ponderato
1003 966 1105 1028 soluet
1120 974 1182 1028 tres
1196 966 1252 1027 dc-

224 1080 346 1153 narios,
369 1080 407 1140 de
423 1077 552 1161 singulis
567 1098 643 1140 uero
660 1079 750 1161 equis
773 1076 936 1140 uenalibus
953 1079 1031 1139 duos
1047 1079 1209 1150 denarios,
1234 1098 1252 1140 a

226 1189 347 1253 duobus
361 1189 462 1252 bobus
485 1208 581 1250 unum
595 1188 774 1264 denarium,
796 1189 836 1251 tle
851 1189 950 1251 tribus
965 1188 1069 1270 porcis
1085 1208 1182 1250 unum
1197 1189 1252 1250 de-

224 1302 363 1375 narium,
377 1302 408 1363 in
423 1308 515 1383 portu
530 1303 634 1364 Draue
650 1302 689 1364 de
705 1296 844 1385 quolibet
859 1320 951 1363 curru
968 1320 1062 1362 unum
1080 1301 1252 1362 denarium.

308 1411 354 1494 (3)
384 1413 409 1474 si
434 1412 504 1494 quis
529 1423 633 1475 autem
657 1411 776 1476 herede
801 1431 912 1474 carens
941 1411 1124 1483 decesserit,
1154 1409 1252 1473 libere

227 1523 370 1606 disponat
394 1524 629 1603 possessionem
653 1543 755 1597 suam,
786 1523 853 1586 siue
877 1523 1009 1585 ecclesie
1034 1523 1100 1586 sine
1126 1521 1252 1585 cuilibet

225 1655 354 1698 suorum
369 1643 584 1717 cognatorum.

309 1743 354 1827 (l)
376 1745 402 1807 si
423 1746 493 1826 quis
513 1764 592 1807 uero
614 1745 750 1809 uoluerit
771 1746 810 1809 de
825 1746 900 1808 uilla
920 1746 1088 1821 recedere,
1115 1747 1252 1810 uenditis

226 1857 369 1919 omnibus
384 1857 448 1921 suis
463 1857 593 1920 edificiis
607 1857 705 1920 libere
720 1858 818 1940 possit
833 1859 929 1921 abire.

310 1966 353 2050 (5)
376 1970 554 2052 quicunque
579 1989 655 2033 uero
670 1971 834 2053 burgensis
848 1993 905 2053 per
919 1969 1055 2054 aliquem
1069 1981 1253 2035 extraneum

226 2080 259 2143 in
280 2081 374 2143 rebus
395 2082 460 2144 suis
483 2082 630 2145 damnum
651 2091 827 2165 pateretur,
852 2092 883 2148 et
905 2084 988 2146 idem
1013 2082 1193 2148 malefactor
1213 2085 1252 2147 ab

225 2193 336 2254 eodem
357 2192 506 2276 burgensi
529 2193 562 2255 in
583 2193 657 2256 uilla
679 2214 737 2258 sua
758 2204 1048 2277 recognosceretur,
1077 2197 1252 2260 ricthardus

225 2302 366 2367 ciusdem
382 2305 443 2367 loci
459 2305 608 2369 intereos
622 2305 717 2369 saciat
731 2306 895 2368 iusticiam.

304 2416 417 2478 Datum
437 2437 495 2499 per
510 2437 620 2479 manus
643 2417 783 2499 magistri
798 2417 937 2491 Thome‚
967 2418 1038 2480 aula
1057 2426 1165 2481 nostre
1179 2439 1254 2481 can·

225 2526 355 2599 cellarii,
377 2548 460 2590 anno
481 2529 521 2590 ab
542 2529 763 2591 incarnacione
785 2529 903 2592 domini
923 2528 1087 2594 millesimo
1102 2532 1253 2594 ducente-

224 2657 414 2700 srmonono.

564 2853 912 2865 ——u-———

564 2867 912 2879 *n———n—

516 3070 743 3160 nonant
771 3071 957 3158 PAClS

692 3260 784 3302 INTER

225 3374 558 3464 tmtatllataltt
571 3382 602 3464 ἅ
613 3382 879 3466 ottooatstn
895 3383 1251 3468 taoflttrlsooros.

663 3543 813 3605 llCCXll.

501 3707 523 3757 Ε
541 3716 644 3773 regesto
660 3709 804 3761 Innocentii
821 3711 867 3764 lll.
887 3712 915 3761 l‘.
934 3713 969 3763 lll.

637 3849 834 3866 Μ

306 3963 342 4026 ln
357 3965 483 4028 nomine
500 3968 595 4047 patris
611 3977 642 4031 et
656 3967 711 4032 lilii
725 3979 757 4035 et
771 3970 898 4053 spiritus
912 3973 1023 4036 sancti.
1048 3994 1149 4038 amen.

307 4073 376 4145 llec
394 4084 443 4140 cst
463 4077 565 4142 torma
584 4080 669 4162 pacis
691 4082 773 4150 iuter
786 4081 1035 4171 strigoniensem
1054 4096 1087 4153 et
1100 4087 1252 4157 Coloceu·

224 4205 295 4257 scm
317 4187 581 4279 archiepiscopos.
