2798 4764
435 363 461 410 s.
474 365 617 411 emisena
638 366 727 412 nncrs
750 367 916 412 nncnnrurr
937 366 970 414 n.
1157 351 1220 418 337

191 526 373 602 cognatum,
395 519 462 582 siue
478 519 649 601 quemlibet
664 521 874 603 propinquum
895 522 926 583 in
943 521 1018 585 furti
1032 524 1218 589 condicione

189 633 467 713 preoccuparent,
493 634 732 714 suspensionem
760 633 812 696 nel
838 636 971 697 carceris
1002 638 1218 718 perdicionem

190 764 253 805 non
277 744 405 816 subeat,
427 744 482 804 sed
509 751 543 805 ut
564 744 636 806 exul
659 753 827 807 uennmeat
846 747 871 807 si
895 746 1032 828 uulgaris
1056 749 1159 812 luerit.
1192 750 1218 812 si

189 876 266 917 uero
289 854 402 917 nobilis
428 857 459 916 in
485 857 595 918 eadem
622 856 840 939 culpacaptus
863 860 1084 940 aparentibus
1108 861 1218 939 suerit,

189 988 253 1030 non
268 970 487 1041 uenumdetur,
508 970 564 1031 sed
580 970 807 1051 ergastulorum
823 973 964 1033 custodie
979 974 1155 1036 mandetur.

273 1078 341 1161 (10)
375 1082 419 1141 De
444 1083 571 1142 cuiusuis
595 1102 677 1142 seruo
700 1085 733 1143 in
755 1087 836 1162 forto
861 1086 1043 1163 deprehenso.
1088 1084 1120 1145 Si
1146 1086 1217 1167 quis

190 1212 267 1254 uero
293 1213 420 1254 sernum
444 1213 535 1253 suum
559 1192 611 1254 uel
633 1194 664 1253 in
688 1195 814 1274 proprio
836 1195 903 1256 siue
926 1196 1056 1255 aliorum
1079 1197 1110 1256 in
1134 1196 1217 1260 furto

190 1304 377 1385 culpabilem
400 1305 570 1377 inuenerit,
597 1306 718 1385 prelato
742 1314 874 1367 testante
898 1306 1035 1388 eloquio,
1062 1308 1217 1372 iudicibus

191 1437 230 1478 ne
245 1425 354 1498 parcat
369 1418 408 1478 ad
424 1417 655 1478 incendendum
670 1417 774 1498 largiri
792 1437 911 1479 nasum.

272 1525 359 1607 (toa)
381 1530 424 1590 De
444 1531 534 1590 nobiti
556 1533 602 1590 uel
619 1531 708 1589 milite
723 1531 890 1590 incedente.
934 1530 965 1590 Si
981 1529 1050 1611 quis
1065 1529 1217 1594 nobilium
1259 1598 1265 1612 „

189 1640 241 1702 uel
261 1640 391 1703 militum
415 1641 540 1703 alterius
564 1643 675 1704 nobilis
698 1643 825 1703 domum
846 1642 1013 1717 inuaserit,
1035 1652 1066 1705 et
1080 1644 1121 1704 ibi
1137 1664 1217 1727 pug-

190 1771 260 1814 nam
283 1752 407 1825 lecerit,
430 1760 461 1813 et
481 1773 612 1814 uxorem
636 1753 703 1815 eius
721 1752 939 1834 flagellauerit,
961 1755 986 1816 si
1010 1763 1127 1816 tantam
1142 1757 1217 1818 sub·

188 1864 339 1926 stanciam
367 1864 529 1938 habuerit,
564 1867 626 1927 due
651 1875 754 1947 partes
779 1867 919 1929 eiusdem
949 1869 1129 1930 substancie
1157 1888 1215 1951 pro

187 1985 276 2040 reatu
292 1978 426 2038 comisso
442 1977 565 2051 dentur,
595 1978 691 2040 tercia
709 1979 797 2039 uxori
810 1979 945 2061 filiisque
967 1981 1030 2041 suis
1046 1989 1215 2044 remaneat.

188 2087 214 2149 si
237 2097 339 2151 autem
363 2090 540 2151 substancia
563 2090 714 2164 deluerit,
736 2111 806 2152 raso
821 2092 921 2172 capite
936 2092 1048 2173 ligatus
1064 2102 1095 2155 et
1109 2092 1217 2176 llagel-

187 2199 267 2262 latus
291 2200 497 2261 circatorum
520 2202 661 2274 ducatur,
683 2209 714 2279 et
738 2202 781 2262 sic
805 2202 970 2263 uendatur.
1001 2203 1052 2262 alii
1068 2223 1145 2263 uero
1161 2202 1215 2284 qui

188 2332 259 2373 cum
284 2333 322 2374 eo
343 2322 431 2375 erant
452 2313 541 2375 liberi
565 2322 686 2374 reatum
710 2334 801 2374 suum
821 2313 872 2372 LV
885 2313 1030 2373 bizanciis
1046 2313 1216 2387 redimant,

188 2425 273 2486 serui
296 2445 373 2487 uero
399 2425 510 2486 eadem
537 2444 617 2504 pena
642 2425 850 2505 dampnentur
870 2433 902 2485 ut
924 2424 1069 2485 dominus
1095 2443 1215 2487 eorum.

188 2536 271 2598 serui
292 2555 370 2598 uero
392 2535 486 2596 alieni
502 2535 554 2616 qui
569 2536 609 2596 ad
623 2536 704 2597 banc
719 2554 854 2615 pugnam
870 2535 974 2596 insciis
991 2534 1124 2598 dominis
1140 2555 1215 2598 con·

188 2648 348 2721 uenerint,
378 2649 617 2720 uenumdentur,
647 2656 678 2709 et
703 2648 865 2708 dimidium
887 2648 1026 2728 precium
1048 2669 1105 2730 pro
1125 2657 1215 2713 reatu

190 2760 290 2832 detur,
313 2760 473 2822 dimidium
490 2780 567 2822 uero
583 2761 622 2820 nd
638 2760 781 2821 dominos
797 2760 920 2821 illorum
936 2761 1053 2823 redeat.

270 2869 364 2953 (tob)
389 2874 430 2933 ue
450 2875 537 2934 libero
558 2877 601 2934 uel
622 2892 704 2934 serem
726 2874 758 2934 in
770 2877 850 2952 fratte
867 2884 962 2955 copto.
1006 2874 1038 2934 Si
1053 2871 1216 2956 quislibet·

188 2986 240 3047 uel
265 3005 376 3048 seruus
397 2985 429 3046 in
452 2985 534 3047 furto
556 2985 638 3066 capti
659 2984 790 3059 fuerint,
821 2987 1062 3067 suspendantur.
1090 2987 1116 3048 si
1138 3005 1215 3071 ergo

188 3116 246 3178 pro
261 3098 427 3159 euadendo
444 3096 580 3174 patibulo
597 3099 636 3158 ad
652 3097 816 3159 ecclesiam
838 3098 1001 3179 ellugerit,
1023 3098 1154 3159 eductus
1175 3097 1214 3160 ab

188 3208 321 3270 ecclesia
337 3208 515 3270 obcecetur.
544 3227 655 3269 seruus
668 3209 700 3269 in
717 3208 799 3269 furto
816 3217 934 3288 captus,
955 3207 981 3267 si
996 3208 1035 3268 ad
1049 3205 1213 3268 ecclesiam

189 3339 250 3380 non
273 3321 400 3403 sugerit,
422 3321 503 3381 sicut
524 3320 602 3381 liber
622 3320 842 3401 suspendatur.
874 3317 1001 3379 domino
1026 3317 1109 3379 serui
1131 3317 1214 3380 illius

189 3430 407 3493 detrimentum
432 3432 470 3492 sit
493 3430 523 3491 in
546 3450 640 3492 seruo
662 3450 827 3510 suspenso,
855 3429 981 3489 domino
1007 3447 1082 3488 uero
1105 3447 1213 3490 rerum

187 3543 379 3623 perditarum
393 3541 612 3605 detrimentum
628 3542 667 3603 sit
681 3542 712 3601 in
728 3542 821 3603 rebus
834 3541 974 3622 perditis.
996 3541 1074 3600 liber
1085 3539 1115 3600 in
1127 3540 1212 3602 furto

187 3663 296 3735 captus
311 3655 337 3716 si
352 3656 391 3716 ad
408 3654 575 3716 ecclesiam
591 3652 780 3735 confugerit,
802 3663 833 3715 et
848 3654 921 3714 inde
936 3654 1066 3715 eductus
1078 3654 1212 3719 obceca-

187 3774 235 3828 tus
251 3766 361 3839 inierit,
381 3767 435 3828 lilii
451 3767 498 3829 sui
514 3774 545 3827 et
558 3765 621 3827 filie
636 3785 692 3827 sue
707 3766 733 3826 si
748 3765 777 3825 X
789 3784 940 3825 annorum
958 3764 1074 3827 luerint
1089 3775 1142 3829 aut
1155 3765 1213 3828 mi·

186 3880 273 3940 noris
296 3881 385 3941 etatis
410 3881 442 3940 in
463 3882 591 3941 libertate
608 3889 822 3960 permaneant,
853 3879 877 3939 ri
894 3898 963 3939 uero
985 3879 1108 3940 rudioris
1129 3881 1214 3943 statie

187 4012 280 4073 quam
306 3993 336 4052 X
358 4012 509 4054 annorum
535 3991 666 4065 suerint,
693 3992 724 4052 in
749 3991 934 4054 seruitutem
958 3991 1151 4075 redigantur,
1181 3998 1213 4056 et

187 4106 288 4166 omnis
303 4104 481 4166 substancia
498 4125 608 4167 eorum
623 4103 793 4168 auferatur.
821 4123 933 4167 seruus
948 4113 1053 4168 autem
1069 4102 1120 4167 uel
1133 4103 1214 4168 liber
