2798 4764
220 322 284 393 m
425 341 948 397 1.soesnucasussurssaasrnn
967 322 1045 410 (36).

223 496 307 561 nitus
326 495 517 579 ignorantes.
539 494 620 578 elegi
641 495 735 579 igitur
750 497 858 578 pocius
880 516 951 559 cum
965 497 1041 579 ipsis
1063 500 1196 564 canesiis
1213 502 1253 565 ad

223 609 395 680 exercitum
420 608 484 681 ire,
515 627 610 689 quam
635 608 694 671 sub
719 607 771 670 tali
797 608 894 679 dubio
919 609 952 671 in
980 609 1054 672 uilia
1076 630 1253 676 remanere.

223 738 322 802 quare
342 718 418 780 nudi
440 725 472 780 et
491 717 684 794 discalceati,
705 719 745 783 ad
768 720 943 783 custodiam
965 740 1112 784 curruum
1130 723 1164 785 in
1183 725 1255 806 qui-

221 831 355 895 busdam
379 829 523 892 tentoriis
546 829 787 912 Hungarorum,
818 830 873 912 qui
898 831 961 893 iam
983 832 1105 895 Tartari
1130 835 1163 896 in
1187 836 1253 899 suis

223 944 373 1026 operibus
394 943 496 1006 effecti
518 952 623 1017 eraut,
644 944 864 1008 remansimus.
892 945 1009 1008 canesii
1025 965 1102 1009 uero
1117 949 1158 1012 ad
1171 950 1254 1013 reci-

222 1055 339 1137 pienda
360 1074 492 1117 munera
506 1064 726 1129 accesserunt,
748 1056 802 1138 qui
817 1057 997 1120 muneribus
1011 1058 1164 1140 receptis,
1185 1074 1253 1123 om·

222 1186 279 1231 nes
293 1174 512 1248 presentantes
530 1167 562 1228 in
577 1168 736 1249 quandam
752 1167 865 1231 uallem
879 1169 1047 1243 duxerunt,
1068 1171 1254 1236 enormiter·

138 1295 141 1300 ·
222 1297 285 1362 que
300 1277 449 1360 spoliatos
465 1285 497 1342 et
511 1277 687 1341 denudatos
701 1278 818 1340 ibidem
832 1277 1067 1342 interfecerunt.

226 1556 229 1561 .
305 1497 371 1581 (36)
396 1499 547 1576 monsedo
561 1503 703 1581 precatis
723 1502 864 1563 torminis
883 1511 986 1563 unctor
999 1503 1040 1564 ad
1053 1521 1159 1567 mour
1174 1503 1250 1567 Ter·

221 1595 356 1675 tenorum
368 1613 525 1675 decesserit.
568 1612 608 1674 Et
621 1631 692 1673 cum
705 1613 746 1673 ad
760 1630 810 1675 me
825 1631 968 1676 rumores
983 1612 1163 1676 huiusmodi
1176 1635 1250 1696 per-

222 1723 384 1796 uenirent,
405 1721 521 1786 dicioni
537 1722 698 1784 cuiusdam
712 1722 869 1805 Hungari,
883 1722 956 1788 facti
972 1729 1006 1786 ut
1020 1723 1085 1786 dixi
1099 1723 1248 1805 operibus

223 1834 359 1908 Tartari,
381 1854 431 1898 me
452 1833 600 1908 submisi,
621 1834 677 1916 qui
691 1835 724 1896 in
738 1854 830 1898 sunm
844 1856 973 1899 seruum
988 1836 1168 1911 admittere,
1189 1856 1247 1919 pro

221 1965 334 2027 magna
356 1946 462 2028 gracia
482 1965 534 2009 me
557 1953 606 2009 est
628 1947 782 2028 dignatus.
814 1955 845 2011 et
867 1967 938 2012 cnm
960 1968 1017 2031 per
1039 1949 1160 2031 aliquot
1181 1949 1249 2015 dies

222 2077 294 2123 eom
308 2057 378 2140 ipro
394 2059 646 2140 permansissem,
659 2069 793 2122 mortem
808 2079 934 2142 semper
947 2080 1004 2142 pre
1019 2063 1115 2125 corde
1131 2081 1248 2144 preque

221 2170 320 2236 oeulis
341 2170 507 2235 habebam.
536 2172 685 2254 conspexi
706 2172 787 2235 inter
805 2172 864 2235 bec
880 2172 1035 2236 Cumanos
1058 2172 1195 2239 infinitos
1217 2183 1249 2239 et

219 2283 379 2357 Tartaros,
400 2302 471 2345 cum
487 2283 629 2346 curribus
643 2283 751 2365 spoliis
765 2283 913 2357 oneratis,
934 2283 1112 2364 pecoribus,
1126 2284 1249 2349 iumen·

217 2395 258 2459 tis
273 2404 305 2459 et
318 2396 387 2458 aliis
402 2394 597 2469 utensilibus,
623 2395 761 2477 undique
775 2401 983 2458 reuertentes.
1012 2401 1043 2457 ct
1058 2413 1130 2458 cum
1143 2395 1249 2478 iuqui-

218 2527 322 2571 rerem
336 2506 413 2588 quid
427 2506 488 2569 boc
503 2514 600 2581 esset,
615 2524 803 2589 responsum
816 2515 879 2580 est,
895 2506 980 2587 quod
993 2505 1054 2589 ipsi
1069 2525 1130 2568 una
1143 2515 1248 2582 nocte,

217 2616 362 2681 dimissas
383 2636 492 2680 omnes
514 2626 547 2682 et
566 2616 705 2698 singulas
726 2615 816 2679 uillas
835 2614 1075 2690 circumdantes,
1094 2617 1247 2680 inebrias·

217 2735 288 2792 scut
311 2726 431 2809 gladios
446 2727 478 2788 in
492 2728 646 2809 sanguine
660 2727 854 2801 occisorum,
875 2725 919 2791 ita
933 2735 968 2790 ut
980 2728 1013 2789 in
1027 2727 1171 2793 omnibus
1184 2727 1245 2790 iilis

216 2838 299 2902 uillis
313 2837 495 2920 paucissimi
509 2838 698 2912 euasissent,
720 2838 773 2921 qui
788 2839 821 2901 in
834 2838 922 2901 siluis
936 2847 968 2902 et
982 2841 1126 2904 cauernis
1141 2860 1175 2903 se
1191 2841 1246 2903 ab·

216 2950 371 3013 mandere
393 2949 584 3031 potuissent,
604 2950 648 3013 ita
662 2951 748 3031 quod
762 2951 912 3014 remansit
927 2951 1091 3033 prouincia
1111 2952 1246 3016 totaliter

217 3061 367 3125 desolata.
395 3069 600 3124 ueruntamen
621 3081 680 3124 nec
700 3061 828 3144 fruges,
845 3081 904 3125 nec
923 3064 1088 3139 stramina,
1108 3084 1168 3128 uec
1190 3067 1246 3129 do-

216 3192 286 3237 mos
310 3171 430 3255 aliquas
455 3155 708 3248 combusserunt,
740 3173 796 3236 sed
821 3174 853 3237 iu
879 3177 1155 3257 preseruaciouem
1179 3177 1244 3241 nite

217 3285 323 3349 emnia
343 3284 403 3347 bec
420 3284 622 3347 induxerunt.
649 3303 707 3366 pro
723 3302 761 3348 eo
777 3285 898 3348 conieci
917 3285 1048 3350 firmiter
1061 3288 1147 3369 ipsos
1162 3288 1244 3351 uelle

191 3456 195 3462 .
215 3396 323 3461 initiis
338 3396 479 3478 partibus
493 3395 650 3471 hiemare,
672 3397 723 3462 net
737 3397 869 3461 familias
882 3418 956 3462 suas
971 3398 1142 3474 dimittere,
1164 3403 1243 3465 utin

215 3505 320 3571 bieme
334 3527 393 3589 pro
408 3507 497 3589 equis
511 3508 622 3570 domos
634 3515 667 3571 et
679 3508 827 3577 nictualia
839 3509 1027 3574 inuenirent.
1048 3510 1133 3592 quod
1144 3517 1243 3571 totum

215 3618 414 3699 postmodnm
439 3617 532 3680 didici
557 3637 628 3682 esse
653 3638 774 3683 uerum.
811 3637 885 3681 nam
908 3618 1042 3700 populos
1067 3616 1177 3679 uiuere
1201 3616 1242 3677 ad

215 3733 339 3809 tempus
360 3729 544 3793 dimiserant
564 3730 605 3792 ad
624 3728 793 3802 cautelam,
822 3737 858 3792 nt
870 3731 903 3793 in
916 3746 1013 3790 unum
1027 3732 1151 3808 segetes
1166 3743 1243 3787 con-

214 3848 395 3924 gregarem,
427 3847 460 3905 et
481 3841 711 3905 uindemiarent
733 3839 858 3914 niueae,
885 3837 943 3902 sed
966 3836 1116 3899 nolebant
1140 3844 1174 3900 ut
1197 3836 1241 3903 itti

214 3958 437 4017 consumerent
450 3957 651 4033 congregata.
