2798 4764
179 389 269 436 sana
290 390 331 435 rr.
352 390 443 436 racis
464 390 648 436 aasrrrnrro
672 387 906 435 ruarsorcrrorns
930 381 990 436 etc.
1016 369 1106 436 uta.
1148 369 1208 437 l59

181 545 355 627 sanguinis,
378 545 428 607 uel
450 544 647 607 ammissione
671 545 809 606 omnium
832 545 987 606 bonorum
1003 545 1162 608 assideant
1178 552 1211 608 et

181 663 379 738 cognoscant.
410 657 548 717 mutandi
573 667 674 719 tamen
697 658 729 717 in
749 657 817 737 ipsa
836 658 1090 737 presentacione‚
1113 675 1208 739 quem

181 768 232 830 uel
255 787 334 849 quos
355 767 505 839 uoluerit,
538 789 577 828 ex
599 769 678 830 insta
702 787 810 841 causa,
841 788 898 830 seu
920 769 1019 829 eciam
1042 777 1206 849 postquam

180 880 307 941 admissi
334 879 465 952 luerint,
493 880 517 939 si
544 879 654 959 aliquis
678 877 728 937 uel
755 878 848 958 aliqui
873 879 912 939 de
932 879 1130 958 supradictis
1151 897 1207 941 sex

180 1010 329 1072 processu
353 991 501 1069 temporis
527 988 644 1051 inutilis
668 988 718 1050 uel
738 998 912 1070 suspectus,
935 999 988 1051 aut
1011 989 1136 1051 inutiles
1156 989 1208 1051 uel

179 1100 317 1180 suspecti
341 1099 515 1162 habeantur
538 1100 576 1160 ab
604 1100 671 1180 ipso
698 1097 870 1179 preposito,
903 1100 1079 1180 prepositus
1104 1117 1208 1161 remo-

180 1212 293 1284 uendi,
315 1220 345 1272 et
360 1209 456 1272 aliurn
471 1208 680 1271 substituendi
703 1229 741 1271 ex
757 1208 877 1272 eisdem
892 1209 1029 1283 ciuibus,
1050 1228 1208 1272 consensu

181 1322 295 1385 ciuium
310 1323 440 1383 liberam
454 1321 583 1382 habebit
597 1319 787 1382 facultatem.

261 1433 308 1516 (ᾖ)
331 1436 493 1505 Preterea,
523 1433 595 1514 quia
621 1432 833 1495 mercenarius
858 1434 958 1495 omnis
982 1455 1039 1497 sua
1062 1435 1206 1497 mercede

181 1547 293 1628 dignus
316 1566 385 1607 esse
408 1544 617 1626 dignoscitur,
642 1543 850 1605 adiiciendum
872 1544 1017 1606 duximus
1038 1545 1152 1606 utiam
1174 1545 1207 1606 in

181 1658 269 1720 dictis
291 1657 391 1718 causis
407 1656 568 1737 sanguinis
589 1663 619 1715 et
640 1655 806 1717 amissione
826 1656 964 1716 omniurn
985 1656 1153 1729 bonorum,
1174 1657 1208 1718 in

181 1771 293 1851 quibus
308 1768 478 1849 supradicti
495 1787 550 1827 sex
566 1766 652 1827 ciues
669 1784 687 1825 a
701 1766 860 1846 preposito
875 1766 992 1828 luerint
1005 1767 1148 1839 admissi,
1166 1767 1206 1829 de

180 1880 298 1943 eisdem
318 1879 438 1941 iudiciis
461 1879 589 1941 terciam
613 1886 734 1958 partem
750 1878 938 1941 iudiciorum
951 1899 1009 1961 pro
1025 1880 1138 1942 salario
1155 1897 1206 1941 ac·

180 1992 305 2074 cipiant.

262 2103 307 2185 (3)
330 2104 475 2165 Ceterum
491 2101 637 2165 uolumus
652 2112 683 2165 et
697 2103 864 2175 sancimus,
881 2104 966 2184 quod
981 2105 1007 2165 si
1022 2105 1108 2166 ciues
1123 2104 1205 2168 dicte

181 2215 252 2277 oilie
273 2216 471 2297 priuilegium
492 2215 543 2276 uel
565 2214 770 2276 instrumenta
792 2213 896 2294 aliqua
913 2223 984 2277 ante
1005 2216 1203 2296 presencium

180 2327 442 2406 composicionem
461 2326 636 2389 litterarum
656 2326 837 2398 habuerint,
865 2346 927 2407 que
948 2334 1056 2388 contra
1078 2327 1206 2408 aliquod

180 2456 275 2518 supra
298 2436 451 2498 dictorum
475 2437 578 2498 lacere
601 2437 779 2510 uideantur,
799 2438 985 2500 auctoritate
1008 2439 1207 2520 presencium

181 2547 308 2608 omnino
331 2546 362 2607 in
381 2547 501 2609 irritum
524 2566 720 2620 reuocamus,
741 2567 800 2610 nec
820 2549 969 2630 deinceps
989 2551 1136 2613 ellectum
1151 2549 1209 2612 ati-

179 2679 274 2741 quem
290 2667 531 2742 consequantur.

260 2772 298 2834 Ut
311 2772 404 2854 igitur
418 2792 513 2854 supra
529 2773 610 2835 dicta
632 2773 793 2836 restitucio
816 2784 968 2856 perpetue
983 2774 1135 2838 firmitatis
1155 2796 1208 2841 ro·

177 2884 236 2945 bur
256 2885 409 2958 obtineat,
440 2904 499 2945 nec
522 2905 579 2966 per
604 2884 759 2965 predictos
783 2887 868 2947 ciues
893 2884 947 2948 uel
970 2906 1044 2949 suos
1063 2896 1207 2969 posteros

178 2995 276 3075 possit
295 3004 349 3057 aut
367 2995 483 3057 debeat
504 2998 681 3069 retractari,
706 3007 869 3078 presentes
887 2997 1007 3060 litteras
1024 3018 1099 3081 sepe
1121 2999 1206 3063 dicto

179 3107 339 3189 preposito
355 3107 582 3181 concessimus,
605 3109 736 3190 duplicis
751 3109 844 3192 sigilli
858 3109 955 3171 nostri
970 3110 1141 3170 munimine
1155 3128 1209 3173 ro·

178 3221 313 3282 boratas.
342 3221 454 3281 Datum
469 3219 564 3293 albe,
586 3222 683 3283 tercio
698 3242 797 3284 nonas
811 3221 897 3295 lulii,
918 3242 1000 3283 anno
1016 3222 1122 3303 gracie
1137 3219 1207 3283 mil-

178 3330 287 3391 lesimo
316 3331 531 3393 ducentesimo
560 3333 802 3414 quadragesimo
833 3333 945 3405 tercio,
982 3332 1071 3412 regni
1100 3340 1205 3395 autem

179 3441 276 3503 nostri
291 3461 372 3504 anno
388 3450 509 3505 octauo.
