2798 4764
284 344 460 399 suoru-'na
475 351 558 398 aare
571 353 613 399 os
627 352 787 399 nonninus
801 352 937 401 noveras
946 333 1108 420 (lli—18).
1151 338 1213 403 Μ

182 508 366 572 lliaoricam
379 505 499 569 insulas
512 526 570 589 per
584 526 682 569 naues
696 507 842 571 intrando
857 514 889 572 et
903 508 1019 572 classes
1034 523 1211 590 occupaue-

183 628 267 692 rant,
282 619 394 681 ceteris
409 618 558 681 militibus
574 619 657 701 regis
669 619 842 701 arragonie
859 619 1085 693 deficientibus,
1100 638 1210 683 eorum

184 732 353 814 generacio
363 729 463 791 lertur
476 730 643 811 expulisse.
665 731 750 792 unde
764 731 847 812 regis
863 739 895 794 et
909 731 1137 794 communitatis
1153 732 1211 794 mi·

182 844 251 906 licie
266 844 395 905 decreto
410 850 457 905 est
471 849 639 915 statutum,
661 843 746 924 quod
768 844 863 924 priori
885 844 988 925 signo,
1009 844 1095 925 quod
1110 844 1212 907 iuerat

91 1037 94 1041 .
183 962 282 1017 totum
296 954 429 1016 rubeum
444 953 512 1015 sine
528 952 632 1035 aliqua
647 973 795 1035 expressa
810 952 922 1036 figura,
943 954 976 1015 iu
990 954 1126 1036 aquilam
1142 975 1211 1017 mu·

183 1073 312 1128 taretur.

265 1175 449 1237 adduxerat
470 1174 569 1237 eciam
590 1175 699 1257 regina
721 1174 908 1240 Constancia
927 1196 997 1240 cum
1013 1197 1052 1240 ea
1067 1197 1210 1240 sororem

185 1287 311 1349 Comitis
325 1285 460 1348 Simonis
476 1293 507 1348 et
520 1286 707 1348 Bertrammi
721 1289 848 1348 nomine
863 1289 992 1361 Totam,
1013 1296 1077 1350 tam
1092 1287 1211 1350 sormo-

184 1419 249 1461 sam
272 1405 304 1460 et
324 1397 561 1479 pulcerrimum,
589 1398 674 1479 quod
690 1418 729 1460 eo
745 1406 889 1481 tempore
904 1399 957 1460 uix
970 1400 1003 1461 in
1019 1399 1136 1461 mundo
1152 1399 1211 1461 sibi

183 1508 291 1573 similis
304 1507 487 1572 baberetur.
512 1510 560 1572 cui
575 1510 703 1591 quidem
718 1511 830 1593 uirgini
846 1510 1035 1574 Benedictus
1051 1512 1114 1574 dax
1128 1511 1211 1574 Con-

184 1621 251 1683 radi
274 1620 356 1683 filius
381 1640 451 1682 cum
477 1619 552 1684 uilla
575 1621 803 1684 Meretinsdort‘
822 1642 880 1703 pro
906 1622 1031 1684 dotibus
1056 1630 1209 1705 exparte

183 1731 310 1793 limirici
322 1732 405 1814 regis
420 1739 452 1794 et
465 1732 573 1812 regine
588 1732 775 1795 Constancie
792 1742 840 1796 est
854 1734 1048 1798 coniunctus.

265 1841 329 1923 (16)
356 1844 564 1925 Temporibus
585 1845 714 1925 iusuper
729 1846 880 1926 Stephani
898 1846 982 1929 regis
1002 1847 1091 1911 tercii
1112 1848 1210 1911 intro·

182 1957 240 2020 iuit
259 1956 293 2017 in
312 1955 505 2036 llungariam
527 1956 655 2037 quidam
677 1956 766 2019 miles
781 1957 941 2020 Gott‘ridus
968 1959 1146 2022 nominatus
1169 1961 1209 2025 de

184 2066 342 2129 blesnensi
364 2066 512 2147 regione,
549 2086 656 2147 aquo
682 2068 841 2150 egreditur
865 2071 1032 2151 generacio
1059 2070 1210 2152 Philippi,

184 2176 320 2241 ladislai
339 2186 370 2240 et
383 2177 527 2259 Gregorii
547 2176 681 2240 liliorum
697 2179 807 2241 llelad.
829 2180 880 2241 bic
894 2199 1031 2262 namque
1046 2181 1208 2243 Gotln'dus

181 2307 252 2352 cum
274 2296 359 2351 esset
376 2288 534 2370 ingenuus
553 2287 652 2362 lilius,
674 2289 794 2353 scilicet
816 2289 945 2351 Comitis
966 2288 1209 2364 llerst‘eldensis,

181 2402 213 2467 ia
235 2401 324 2464 curia
344 2402 586 2464 Francuurtensi
608 2401 661 2462 ubi
682 2401 779 2463 Cesar
801 2401 873 2481 eligi
894 2400 1019 2472 debuit,
1047 2401 1210 2466 sedicione

182 2521 337 2576 commota
362 2512 583 2593 Lantgrauium
607 2512 648 2574 de
664 2511 813 2593 Turingia
838 2511 950 2574 dicitur
973 2512 1145 2586 occidisse,
1179 2519 1213 2578 et

180 2624 253 2687 inde
269 2623 447 2706 perfugam
463 2624 602 2687 suadens
617 2623 658 2686 ad
672 2643 779 2705 regem
794 2624 987 2704 Stephanum
1004 2626 1148 2706 peruenit
1161 2623 1213 2688 su·

181 2739 297 2821 gitans,
317 2755 337 2798 a
357 2754 421 2819 quo
440 2735 541 2797 eciam
562 2736 717 2818 repetitur
730 2756 788 2818 per
801 2756 876 2799 suos
890 2737 1041 2799 inimicos.
1073 2755 1210 2820 cumque

180 2868 235 2911 roa
246 2846 424 2928 Stephanus
437 2845 570 2909 inimicis
584 2847 650 2909 suis
663 2847 767 2929 ipsum
780 2867 844 2909 nou
859 2849 1008 2922 traderet,
1022 2850 1054 2910 in
1063 2847 1210 2911 Alcman·

180 2961 232 3022 nia
250 2968 361 3021 contra
380 2976 453 3020 cum
475 2958 715 3039 proscripcionia
739 2959 901 3022 sentencia
922 2958 1151 3043 promulgatur,
1179 2965 1211 3024 el

180 3071 224 3134 sic
238 3078 383 3134 remanet
396 3069 512 3133 inuitus
526 3069 559 3131 in
570 3069 740 3152 lluugaria.
762 3090 856 3152 quem
868 3070 995 3152 quidem
1007 3071 1211 3152 postmodum

181 3183 333 3246 aduersus
355 3183 467 3244 ducem
490 3183 530 3245 de
555 3183 657 3244 anna
678 3200 749 3244 cum
773 3183 914 3245 exercitu
935 3202 993 3245 rex
1015 3182 1210 3255 transmittit,

183 3313 246 3378 quo
260 3294 387 3358 deuicto
404 3295 444 3356 ad
459 3314 568 3377 regem
582 3313 740 3367 reuersus,
756 3313 829 3357 cum
843 3293 951 3356 fauore
966 3292 1006 3355 de
1017 3300 1124 3355 cetero
1137 3309 1213 3372 per-

181 3414 342 3471 tractetur.

264 3515 332 3599 (¹⁷)
354 3517 467 3600 llyurlr
482 3518 581 3579 eciam
596 3517 636 3580 de
652 3517 798 3590 Chalino,
821 3535 891 3578 cum
908 3515 1096 3578 wenceslao
1117 3525 1148 3578 et
1163 3517 1212 3580 la·
1267 3598 1271 3607 .

184 3628 263 3692 cobo
277 3628 424 3693 iratribus
437 3630 512 3702 suis,
528 3629 567 3691 de
582 3629 713 3691 ducibus
725 3629 865 3691 ldorauie
880 3628 1034 3692 babentes
1046 3629 1211 3711 originem,

184 3742 271 3824 regni
282 3741 441 3826 Hungarie
456 3741 532 3803 noui
546 3747 619 3804 sunt
632 3739 751 3816 incole;
765 3739 916 3803 affinitate
928 3740 1001 3804 Bele
1016 3741 1084 3823 regi
1098 3749 1211 3824 quarto

184 3855 424 3937 coniunguntur.

264 3962 332 4047 (18)
359 3965 561 4029 Intrauerunt
580 3984 708 4048 quoque
730 3966 925 4047 temporibus
944 3973 1008 4029 tam
1030 3965 1121 4029 ducis
1139 3963 1214 4029 Gei-

185 4077 260 4152 cbe,
283 4096 380 4161 quam
401 4078 536 4142 aliorum
556 4097 668 4161 regum
685 4078 809 4154 Boami,
830 4079 957 4153 Potoni,
977 4079 1086 4152 Greci,
1108 4078 1217 4150 Bessi,-

185 4189 329 4264 meni,
348 4197 382 4257 at
394 4189 518 4255 fornax
531 4189 619 4254 omni
632 4197 744 4263 extera
754 4190 901 4266 nacione,
919 4209 983 4274 quc
995 4189 1057 4253 aab
1070 4187 1216 4259 colonatu
1299 4202 1304 4212 '
