<?xml version="1.0" encoding="UTF-8"?>
<!DOCTYPE html PUBLIC "-//W3C//DTD XHTML 1.0 Transitional//EN"
    "http://www.w3.org/TR/xhtml1/DTD/xhtml1-transitional.dtd">
<html xmlns="http://www.w3.org/1999/xhtml" xml:lang="en" lang="en">
 <head>
  <title>
</title>
<meta http-equiv="Content-Type" content="text/html;charset=utf-8" />
  <meta name='ocr-system' content='tesseract 3.04.00' />
  <meta name='ocr-capabilities' content='ocr_page ocr_carea ocr_par ocr_line ocrx_word'/>
</head>
<body>
  <div class='ocr_page' id='page_1' title='image "./rerumhungaricar00endlgoog/rerumhungaricar00endlgoog_0049.png"; bbox 0 0 2798 4764; ppageno 0'>
   <div class='ocr_carea' id='block_1_1' title="bbox 211 320 1018 410">
    <p class='ocr_par' dir='ltr' id='par_1_1' title="bbox 211 320 1018 410">
     <span class='ocr_line' id='line_1_1' title="bbox 211 320 1018 410; baseline 0.001 -21"><span class='ocrx_word' id='word_1_1' title='bbox 211 320 252 390; x_wconf 74' lang='lat' dir='ltr'><strong>bl</strong></span> <span class='ocrx_word' id='word_1_2' title='bbox 426 340 564 390; x_wconf 67' lang='lat' dir='ltr'><strong>ernnust</strong></span> <span class='ocrx_word' id='word_1_3' title='bbox 585 340 685 390; x_wconf 80' lang='lat' dir='ltr'><strong>asem</strong></span> <span class='ocrx_word' id='word_1_4' title='bbox 705 341 915 390; x_wconf 72' lang='lat' dir='ltr'><strong>narciacum</strong></span> <span class='ocrx_word' id='word_1_5' title='bbox 941 321 1018 410; x_wconf 72' lang='lat' dir='ltr'><strong>(bel.</strong></span> 
     </span>
    </p>
   </div>
   <div class='ocr_carea' id='block_1_2' title="bbox 212 496 1244 3929">
    <p class='ocr_par' dir='ltr' id='par_1_2' title="bbox 212 496 1244 3929">
     <span class='ocr_line' id='line_1_2' title="bbox 212 496 1240 584; baseline 0.004 -22"><span class='ocrx_word' id='word_1_6' title='bbox 212 496 331 573; x_wconf 86' lang='lat' dir='ltr'><strong>timuit,</strong></span> <span class='ocrx_word' id='word_1_7' title='bbox 351 503 387 562; x_wconf 89' lang='lat' dir='ltr'><strong>ut</strong></span> <span class='ocrx_word' id='word_1_8' title='bbox 407 518 448 562; x_wconf 89' lang='lat' dir='ltr'><strong>ne</strong></span> <span class='ocrx_word' id='word_1_9' title='bbox 470 497 639 582; x_wconf 89' lang='lat' dir='ltr'><strong>aliquando</strong></span> <span class='ocrx_word' id='word_1_10' title='bbox 660 498 823 562; x_wconf 80' lang='lat' dir='ltr'>iracundia</span> <span class='ocrx_word' id='word_1_11' title='bbox 844 499 928 564; x_wconf 86' lang='lat' dir='ltr'><strong>ducti</strong></span> <span class='ocrx_word' id='word_1_12' title='bbox 950 521 1022 564; x_wconf 91' lang='lat' dir='ltr'><strong>eum</strong></span> <span class='ocrx_word' id='word_1_13' title='bbox 1044 500 1240 584; x_wconf 76' lang='lat' dir='ltr'><strong>expellerent</strong></span> 
     </span>
     <span class='ocr_line' id='line_1_3' title="bbox 212 608 1239 698; baseline 0.004 -25"><span class='ocrx_word' id='word_1_14' title='bbox 212 608 252 674; x_wconf 88' lang='lat' dir='ltr'><strong>de</strong></span> <span class='ocrx_word' id='word_1_15' title='bbox 274 629 373 693; x_wconf 89' lang='lat' dir='ltr'><strong>regno</strong></span> <span class='ocrx_word' id='word_1_16' title='bbox 397 630 466 673; x_wconf 83' lang='lat' dir='ltr'><strong>suo.</strong></span> <span class='ocrx_word' id='word_1_17' title='bbox 496 616 571 672; x_wconf 91' lang='lat' dir='ltr'><strong>tunc</strong></span> <span class='ocrx_word' id='word_1_18' title='bbox 594 609 670 673; x_wconf 83' lang='lat' dir='ltr'><strong>inito</strong></span> <span class='ocrx_word' id='word_1_19' title='bbox 694 610 824 674; x_wconf 90' lang='lat' dir='ltr'><strong>consilio</strong></span> <span class='ocrx_word' id='word_1_20' title='bbox 847 632 991 686; x_wconf 90' lang='lat' dir='ltr'><strong>suorum,</strong></span> <span class='ocrx_word' id='word_1_21' title='bbox 1018 613 1102 676; x_wconf 87' lang='lat' dir='ltr'><strong>misit</strong></span> <span class='ocrx_word' id='word_1_22' title='bbox 1119 612 1239 698; x_wconf 84' lang='lat' dir='ltr'><strong>legatos</strong></span> 
     </span>
     <span class='ocr_line' id='line_1_4' title="bbox 212 721 1242 806; baseline 0.002 -18"><span class='ocrx_word' id='word_1_23' title='bbox 212 741 286 788; x_wconf 83' lang='lat' dir='ltr'><strong>suos</strong></span> <span class='ocrx_word' id='word_1_24' title='bbox 305 721 345 786; x_wconf 89' lang='lat' dir='ltr'><strong>ad</strong></span> <span class='ocrx_word' id='word_1_25' title='bbox 360 723 582 803; x_wconf 79' lang='lat' dir='ltr'><strong>imperatorem</strong></span> <span class='ocrx_word' id='word_1_26' title='bbox 598 721 771 784; x_wconf 89' lang='lat' dir='ltr'><strong>Grecornm</strong></span> <span class='ocrx_word' id='word_1_27' title='bbox 788 731 820 785; x_wconf 85' lang='lat' dir='ltr'><strong>et</strong></span> <span class='ocrx_word' id='word_1_28' title='bbox 834 723 946 787; x_wconf 88' lang='lat' dir='ltr'><strong>ducem</strong></span> <span class='ocrx_word' id='word_1_29' title='bbox 961 723 1186 806; x_wconf 79' lang='lat' dir='ltr'><strong>bulgarorum,</strong></span> <span class='ocrx_word' id='word_1_30' title='bbox 1206 733 1242 791; x_wconf 91' lang='lat' dir='ltr'><strong>ut</strong></span> 
     </span>
     <span class='ocr_line' id='line_1_5' title="bbox 212 833 1239 917; baseline 0.001 -18"><span class='ocrx_word' id='word_1_31' title='bbox 212 835 271 900; x_wconf 83' lang='lat' dir='ltr'><strong>sibi</strong></span> <span class='ocrx_word' id='word_1_32' title='bbox 295 833 444 897; x_wconf 83' lang='lat' dir='ltr'><strong>auxilium</strong></span> <span class='ocrx_word' id='word_1_33' title='bbox 466 834 594 908; x_wconf 90' lang='lat' dir='ltr'><strong>darent,</strong></span> <span class='ocrx_word' id='word_1_34' title='bbox 621 852 717 896; x_wconf 89' lang='lat' dir='ltr'><strong>causa</strong></span> <span class='ocrx_word' id='word_1_35' title='bbox 737 854 843 916; x_wconf 90' lang='lat' dir='ltr'><strong>pugne</strong></span> <span class='ocrx_word' id='word_1_36' title='bbox 867 843 976 896; x_wconf 89' lang='lat' dir='ltr'><strong>contra</strong></span> <span class='ocrx_word' id='word_1_37' title='bbox 999 835 1104 917; x_wconf 78' lang='lat' dir='ltr'><strong>Arpad</strong></span> <span class='ocrx_word' id='word_1_38' title='bbox 1126 835 1239 900; x_wconf 90' lang='lat' dir='ltr'><strong>ducem</strong></span> 
     </span>
     <span class='ocr_line' id='line_1_6' title="bbox 212 944 1238 1029; baseline 0.002 -20"><span class='ocrx_word' id='word_1_39' title='bbox 212 944 446 1029; x_wconf 78' lang='lat' dir='ltr'><strong>Hungarorum.</strong></span> <span class='ocrx_word' id='word_1_40' title='bbox 488 944 660 1026; x_wconf 87' lang='lat' dir='ltr'><strong>imperator</strong></span> <span class='ocrx_word' id='word_1_41' title='bbox 684 944 858 1007; x_wconf 85' lang='lat' dir='ltr'><strong>Grecorum</strong></span> <span class='ocrx_word' id='word_1_42' title='bbox 883 953 914 1007; x_wconf 88' lang='lat' dir='ltr'><strong>et</strong></span> <span class='ocrx_word' id='word_1_43' title='bbox 937 946 1008 1007; x_wconf 87' lang='lat' dir='ltr'><strong>Dux</strong></span> <span class='ocrx_word' id='word_1_44' title='bbox 1031 944 1238 1029; x_wconf 80' lang='lat' dir='ltr'><strong>bulgarorum</strong></span> 
     </span>
     <span class='ocr_line' id='line_1_7' title="bbox 212 1056 1240 1141; baseline 0.001 -19"><span class='ocrx_word' id='word_1_45' title='bbox 212 1078 363 1141; x_wconf 85' lang='lat' dir='ltr'><strong>magnum</strong></span> <span class='ocrx_word' id='word_1_46' title='bbox 378 1056 552 1120; x_wconf 84' lang='lat' dir='ltr'><strong>exercitum</strong></span> <span class='ocrx_word' id='word_1_47' title='bbox 562 1056 676 1118; x_wconf 86' lang='lat' dir='ltr'><strong>Salano</strong></span> <span class='ocrx_word' id='word_1_48' title='bbox 692 1057 763 1119; x_wconf 91' lang='lat' dir='ltr'><strong>duci</strong></span> <span class='ocrx_word' id='word_1_49' title='bbox 780 1057 948 1132; x_wconf 89' lang='lat' dir='ltr'><strong>miserunt,</strong></span> <span class='ocrx_word' id='word_1_50' title='bbox 970 1058 1111 1140; x_wconf 92' lang='lat' dir='ltr'><strong>quicum</strong></span> <span class='ocrx_word' id='word_1_51' title='bbox 1126 1058 1166 1121; x_wconf 92' lang='lat' dir='ltr'><strong>ad</strong></span> <span class='ocrx_word' id='word_1_52' title='bbox 1182 1060 1240 1124; x_wconf 91' lang='lat' dir='ltr'><strong>du-</strong></span> 
     </span>
     <span class='ocr_line' id='line_1_8' title="bbox 214 1169 1240 1252; baseline 0.003 -18"><span class='ocrx_word' id='word_1_53' title='bbox 214 1190 283 1235; x_wconf 89' lang='lat' dir='ltr'><strong>cem</strong></span> <span class='ocrx_word' id='word_1_54' title='bbox 299 1171 446 1234; x_wconf 84' lang='lat' dir='ltr'><strong>Seianum</strong></span> <span class='ocrx_word' id='word_1_55' title='bbox 467 1170 690 1252; x_wconf 88' lang='lat' dir='ltr'><strong>peruenissent</strong></span> <span class='ocrx_word' id='word_1_56' title='bbox 709 1170 742 1232; x_wconf 94' lang='lat' dir='ltr'><strong>in</strong></span> <span class='ocrx_word' id='word_1_57' title='bbox 763 1169 817 1232; x_wconf 90' lang='lat' dir='ltr'><strong>illo</strong></span> <span class='ocrx_word' id='word_1_58' title='bbox 834 1169 915 1243; x_wconf 83' lang='lat' dir='ltr'><strong>loco,</strong></span> <span class='ocrx_word' id='word_1_59' title='bbox 937 1171 991 1252; x_wconf 92' lang='lat' dir='ltr'><strong>qui</strong></span> <span class='ocrx_word' id='word_1_60' title='bbox 1007 1170 1120 1233; x_wconf 87' lang='lat' dir='ltr'><strong>dicitur</strong></span> <span class='ocrx_word' id='word_1_61' title='bbox 1134 1173 1240 1250; x_wconf 82' lang='lat' dir='ltr'><strong>Tetel,</strong></span> 
     </span>
     <span class='ocr_line' id='line_1_9' title="bbox 213 1283 1241 1366; baseline 0 -17"><span class='ocrx_word' id='word_1_62' title='bbox 213 1284 331 1349; x_wconf 77' lang='lat' dir='ltr'><strong>factum</strong></span> <span class='ocrx_word' id='word_1_63' title='bbox 353 1291 400 1347; x_wconf 92' lang='lat' dir='ltr'><strong>est</strong></span> <span class='ocrx_word' id='word_1_64' title='bbox 415 1283 564 1366; x_wconf 90' lang='lat' dir='ltr'><strong>gaudium</strong></span> <span class='ocrx_word' id='word_1_65' title='bbox 587 1302 735 1365; x_wconf 87' lang='lat' dir='ltr'><strong>magnum</strong></span> <span class='ocrx_word' id='word_1_66' title='bbox 756 1283 786 1344; x_wconf 94' lang='lat' dir='ltr'><strong>in</strong></span> <span class='ocrx_word' id='word_1_67' title='bbox 806 1283 894 1344; x_wconf 87' lang='lat' dir='ltr'><strong>curia</strong></span> <span class='ocrx_word' id='word_1_68' title='bbox 909 1283 1007 1345; x_wconf 90' lang='lat' dir='ltr'><strong>ducis.</strong></span> <span class='ocrx_word' id='word_1_69' title='bbox 1028 1286 1169 1348; x_wconf 90' lang='lat' dir='ltr'><strong>secundo</strong></span> <span class='ocrx_word' id='word_1_70' title='bbox 1185 1305 1241 1350; x_wconf 92' lang='lat' dir='ltr'><strong>au·</strong></span> 
     </span>
     <span class='ocr_line' id='line_1_10' title="bbox 214 1393 1242 1471; baseline 0.002 -10"><span class='ocrx_word' id='word_1_71' title='bbox 214 1405 279 1462; x_wconf 88' lang='lat' dir='ltr'><strong>tem</strong></span> <span class='ocrx_word' id='word_1_72' title='bbox 294 1396 345 1460; x_wconf 91' lang='lat' dir='ltr'><strong>die</strong></span> <span class='ocrx_word' id='word_1_73' title='bbox 361 1398 425 1458; x_wconf 85' lang='lat' dir='ltr'><strong>dux</strong></span> <span class='ocrx_word' id='word_1_74' title='bbox 439 1395 571 1458; x_wconf 87' lang='lat' dir='ltr'><strong>Salanus</strong></span> <span class='ocrx_word' id='word_1_75' title='bbox 586 1403 618 1459; x_wconf 90' lang='lat' dir='ltr'><strong>et</strong></span> <span class='ocrx_word' id='word_1_76' title='bbox 632 1397 680 1458; x_wconf 88' lang='lat' dir='ltr'><strong>sui</strong></span> <span class='ocrx_word' id='word_1_77' title='bbox 695 1393 827 1471; x_wconf 89' lang='lat' dir='ltr'><strong>nobiles,</strong></span> <span class='ocrx_word' id='word_1_78' title='bbox 841 1394 918 1459; x_wconf 87' lang='lat' dir='ltr'><strong>inito</strong></span> <span class='ocrx_word' id='word_1_79' title='bbox 933 1394 1074 1471; x_wconf 91' lang='lat' dir='ltr'><strong>consilio,</strong></span> <span class='ocrx_word' id='word_1_80' title='bbox 1088 1399 1242 1464; x_wconf 91' lang='lat' dir='ltr'><strong>miserunt</strong></span> 
     </span>
     <span class='ocr_line' id='line_1_11' title="bbox 213 1506 1241 1591; baseline 0.001 -18"><span class='ocrx_word' id='word_1_81' title='bbox 213 1508 334 1591; x_wconf 88' lang='lat' dir='ltr'><strong>legatos</strong></span> <span class='ocrx_word' id='word_1_82' title='bbox 349 1509 390 1571; x_wconf 91' lang='lat' dir='ltr'><strong>ad</strong></span> <span class='ocrx_word' id='word_1_83' title='bbox 405 1509 519 1586; x_wconf 86' lang='lat' dir='ltr'><strong>ducem</strong></span> <span class='ocrx_word' id='word_1_84' title='bbox 534 1506 639 1590; x_wconf 76' lang='lat' dir='ltr'><strong>Arpad</strong></span> <span class='ocrx_word' id='word_1_85' title='bbox 655 1508 809 1571; x_wconf 89' lang='lat' dir='ltr'><strong>diceudo:</strong></span> <span class='ocrx_word' id='word_1_86' title='bbox 831 1515 995 1570; x_wconf 86' lang='lat' dir='ltr'><strong>ulterram</strong></span> <span class='ocrx_word' id='word_1_87' title='bbox 1011 1526 1121 1571; x_wconf 91' lang='lat' dir='ltr'><strong>eorum</strong></span> <span class='ocrx_word' id='word_1_88' title='bbox 1137 1509 1241 1575; x_wconf 88' lang='lat' dir='ltr'><strong>dimit·</strong></span> 
     </span>
     <span class='ocr_line' id='line_1_12' title="bbox 214 1619 1239 1703; baseline 0 -18"><span class='ocrx_word' id='word_1_89' title='bbox 214 1627 297 1685; x_wconf 87' lang='lat' dir='ltr'><strong>teret</strong></span> <span class='ocrx_word' id='word_1_90' title='bbox 316 1627 348 1682; x_wconf 89' lang='lat' dir='ltr'><strong>et</strong></span> <span class='ocrx_word' id='word_1_91' title='bbox 369 1620 408 1682; x_wconf 90' lang='lat' dir='ltr'><strong>ad</strong></span> <span class='ocrx_word' id='word_1_92' title='bbox 423 1619 527 1682; x_wconf 85' lang='lat' dir='ltr'><strong>natale</strong></span> <span class='ocrx_word' id='word_1_93' title='bbox 542 1620 643 1681; x_wconf 85' lang='lat' dir='ltr'><strong>solum</strong></span> <span class='ocrx_word' id='word_1_94' title='bbox 659 1619 831 1702; x_wconf 79' lang='lat' dir='ltr'><strong>repatriare</strong></span> <span class='ocrx_word' id='word_1_95' title='bbox 847 1619 1011 1701; x_wconf 84' lang='lat' dir='ltr'><strong>inciperet.</strong></span> <span class='ocrx_word' id='word_1_96' title='bbox 1042 1621 1098 1703; x_wconf 86' lang='lat' dir='ltr'><strong>qui</strong></span> <span class='ocrx_word' id='word_1_97' title='bbox 1113 1639 1184 1684; x_wconf 88' lang='lat' dir='ltr'><strong>cum</strong></span> <span class='ocrx_word' id='word_1_98' title='bbox 1199 1623 1239 1686; x_wconf 83' lang='lat' dir='ltr'><strong>ad</strong></span> 
     </span>
     <span class='ocr_line' id='line_1_13' title="bbox 215 1730 1239 1813; baseline 0.001 -18"><span class='ocrx_word' id='word_1_99' title='bbox 215 1730 328 1795; x_wconf 86' lang='lat' dir='ltr'><strong>ducem</strong></span> <span class='ocrx_word' id='word_1_100' title='bbox 350 1731 455 1811; x_wconf 76' lang='lat' dir='ltr'><strong>Arpad</strong></span> <span class='ocrx_word' id='word_1_101' title='bbox 477 1731 714 1813; x_wconf 87' lang='lat' dir='ltr'><strong>peruenissent,</strong></span> <span class='ocrx_word' id='word_1_102' title='bbox 743 1737 775 1793; x_wconf 87' lang='lat' dir='ltr'><strong>et</strong></span> <span class='ocrx_word' id='word_1_103' title='bbox 796 1731 943 1794; x_wconf 88' lang='lat' dir='ltr'><strong>mandata</strong></span> <span class='ocrx_word' id='word_1_104' title='bbox 963 1730 1067 1795; x_wconf 88' lang='lat' dir='ltr'><strong>Salani</strong></span> <span class='ocrx_word' id='word_1_105' title='bbox 1097 1732 1185 1796; x_wconf 87' lang='lat' dir='ltr'><strong>ducis</strong></span> <span class='ocrx_word' id='word_1_106' title='bbox 1209 1733 1239 1796; x_wconf 93' lang='lat' dir='ltr'><strong>ei</strong></span> 
     </span>
     <span class='ocr_line' id='line_1_14' title="bbox 215 1842 1242 1928; baseline -0.001 -19"><span class='ocrx_word' id='word_1_107' title='bbox 215 1843 384 1917; x_wconf 81' lang='lat' dir='ltr'><strong>dixissent,</strong></span> <span class='ocrx_word' id='word_1_108' title='bbox 412 1843 476 1906; x_wconf 82' lang='lat' dir='ltr'><strong>dux</strong></span> <span class='ocrx_word' id='word_1_109' title='bbox 490 1844 595 1924; x_wconf 76' lang='lat' dir='ltr'><strong>Arpad</strong></span> <span class='ocrx_word' id='word_1_110' title='bbox 615 1854 645 1908; x_wconf 82' lang='lat' dir='ltr'><strong>el</strong></span> <span class='ocrx_word' id='word_1_111' title='bbox 660 1843 707 1905; x_wconf 92' lang='lat' dir='ltr'><strong>sui</strong></span> <span class='ocrx_word' id='word_1_112' title='bbox 723 1842 845 1906; x_wconf 90' lang='lat' dir='ltr'><strong>nobiles</strong></span> <span class='ocrx_word' id='word_1_113' title='bbox 861 1863 935 1926; x_wconf 85' lang='lat' dir='ltr'><strong>egre</strong></span> <span class='ocrx_word' id='word_1_114' title='bbox 950 1843 1103 1919; x_wconf 86' lang='lat' dir='ltr'><strong>ferentes,</strong></span> <span class='ocrx_word' id='word_1_115' title='bbox 1124 1845 1168 1908; x_wconf 92' lang='lat' dir='ltr'><strong>sic</strong></span> <span class='ocrx_word' id='word_1_116' title='bbox 1182 1865 1242 1928; x_wconf 93' lang='lat' dir='ltr'><strong>per</strong></span> 
     </span>
     <span class='ocr_line' id='line_1_15' title="bbox 216 1953 1240 2040; baseline -0.001 -20"><span class='ocrx_word' id='word_1_117' title='bbox 216 1956 346 2021; x_wconf 86' lang='lat' dir='ltr'><strong>eosdem</strong></span> <span class='ocrx_word' id='word_1_118' title='bbox 365 1955 487 2039; x_wconf 86' lang='lat' dir='ltr'><strong>legatos</strong></span> <span class='ocrx_word' id='word_1_119' title='bbox 508 1954 580 2017; x_wconf 87' lang='lat' dir='ltr'><strong>duci</strong></span> <span class='ocrx_word' id='word_1_120' title='bbox 602 1953 716 2017; x_wconf 89' lang='lat' dir='ltr'><strong>Salano</strong></span> <span class='ocrx_word' id='word_1_121' title='bbox 736 1954 1020 2019; x_wconf 87' lang='lat' dir='ltr'><strong>remandauerunt:</strong></span> <span class='ocrx_word' id='word_1_122' title='bbox 1042 1966 1240 2040; x_wconf 85' lang='lat' dir='ltr'><strong>terramque</strong></span> 
     </span>
     <span class='ocr_line' id='line_1_16' title="bbox 214 2067 1240 2152; baseline 0.001 -20"><span class='ocrx_word' id='word_1_123' title='bbox 214 2067 297 2132; x_wconf 89' lang='lat' dir='ltr'><strong>luter</strong></span> <span class='ocrx_word' id='word_1_124' title='bbox 311 2067 489 2130; x_wconf 82' lang='lat' dir='ltr'><strong>Danubium</strong></span> <span class='ocrx_word' id='word_1_125' title='bbox 510 2067 711 2132; x_wconf 87' lang='lat' dir='ltr'><strong>ethisciam</strong></span> <span class='ocrx_word' id='word_1_126' title='bbox 732 2069 831 2142; x_wconf 90' lang='lat' dir='ltr'><strong>iacet,</strong></span> <span class='ocrx_word' id='word_1_127' title='bbox 860 2076 891 2131; x_wconf 90' lang='lat' dir='ltr'><strong>et</strong></span> <span class='ocrx_word' id='word_1_128' title='bbox 906 2087 1019 2150; x_wconf 83' lang='lat' dir='ltr'><strong>aquam</strong></span> <span class='ocrx_word' id='word_1_129' title='bbox 1034 2069 1156 2132; x_wconf 87' lang='lat' dir='ltr'><strong>Danubi</strong></span> <span class='ocrx_word' id='word_1_130' title='bbox 1178 2091 1240 2152; x_wconf 89' lang='lat' dir='ltr'><strong>que</strong></span> 
     </span>
     <span class='ocr_line' id='line_1_17' title="bbox 217 2179 1241 2264; baseline -0.001 -20"><span class='ocrx_word' id='word_1_131' title='bbox 217 2180 421 2263; x_wconf 85' lang='lat' dir='ltr'><strong>allatispona</strong></span> <span class='ocrx_word' id='word_1_132' title='bbox 435 2180 468 2242; x_wconf 92' lang='lat' dir='ltr'><strong>in</strong></span> <span class='ocrx_word' id='word_1_133' title='bbox 482 2179 625 2243; x_wconf 86' lang='lat' dir='ltr'><strong>Greciam</strong></span> <span class='ocrx_word' id='word_1_134' title='bbox 643 2180 822 2251; x_wconf 87' lang='lat' dir='ltr'><strong>descendit,</strong></span> <span class='ocrx_word' id='word_1_135' title='bbox 842 2181 977 2262; x_wconf 89' lang='lat' dir='ltr'><strong>pecunia</strong></span> <span class='ocrx_word' id='word_1_136' title='bbox 992 2189 1099 2243; x_wconf 89' lang='lat' dir='ltr'><strong>nostra</strong></span> <span class='ocrx_word' id='word_1_137' title='bbox 1114 2200 1241 2264; x_wconf 90' lang='lat' dir='ltr'><strong>compa-</strong></span> 
     </span>
     <span class='ocr_line' id='line_1_18' title="bbox 215 2291 1243 2376; baseline -0.004 -18"><span class='ocrx_word' id='word_1_138' title='bbox 215 2292 354 2359; x_wconf 77' lang='lat' dir='ltr'><strong>rauimus</strong></span> <span class='ocrx_word' id='word_1_139' title='bbox 369 2301 443 2357; x_wconf 89' lang='lat' dir='ltr'><strong>tunc</strong></span> <span class='ocrx_word' id='word_1_140' title='bbox 458 2300 616 2375; x_wconf 88' lang='lat' dir='ltr'><strong>tempore,</strong></span> <span class='ocrx_word' id='word_1_141' title='bbox 637 2291 764 2374; x_wconf 92' lang='lat' dir='ltr'><strong>quando</strong></span> <span class='ocrx_word' id='word_1_142' title='bbox 779 2291 854 2353; x_wconf 92' lang='lat' dir='ltr'><strong>noui</strong></span> <span class='ocrx_word' id='word_1_143' title='bbox 870 2291 997 2366; x_wconf 87' lang='lat' dir='ltr'><strong>luimus,</strong></span> <span class='ocrx_word' id='word_1_144' title='bbox 1019 2301 1051 2356; x_wconf 92' lang='lat' dir='ltr'><strong>et</strong></span> <span class='ocrx_word' id='word_1_145' title='bbox 1064 2312 1122 2376; x_wconf 90' lang='lat' dir='ltr'><strong>prc</strong></span> <span class='ocrx_word' id='word_1_146' title='bbox 1134 2293 1243 2376; x_wconf 87' lang='lat' dir='ltr'><strong>precio</strong></span> 
     </span>
     <span class='ocr_line' id='line_1_19' title="bbox 217 2403 1242 2488; baseline -0.002 -17"><span class='ocrx_word' id='word_1_147' title='bbox 217 2406 247 2472; x_wconf 85' lang='lat' dir='ltr'><strong>ei</strong></span> <span class='ocrx_word' id='word_1_148' title='bbox 262 2407 404 2469; x_wconf 85' lang='lat' dir='ltr'><strong>misimus</strong></span> <span class='ocrx_word' id='word_1_149' title='bbox 420 2403 585 2468; x_wconf 89' lang='lat' dir='ltr'><strong>duodecim</strong></span> <span class='ocrx_word' id='word_1_150' title='bbox 602 2404 689 2467; x_wconf 89' lang='lat' dir='ltr'><strong>albos</strong></span> <span class='ocrx_word' id='word_1_151' title='bbox 705 2423 803 2487; x_wconf 88' lang='lat' dir='ltr'><strong>equos</strong></span> <span class='ocrx_word' id='word_1_152' title='bbox 819 2411 851 2467; x_wconf 90' lang='lat' dir='ltr'><strong>et</strong></span> <span class='ocrx_word' id='word_1_153' title='bbox 864 2412 968 2467; x_wconf 84' lang='lat' dir='ltr'><strong>cetera</strong></span> <span class='ocrx_word' id='word_1_154' title='bbox 986 2411 1021 2468; x_wconf 93' lang='lat' dir='ltr'><strong>ut</strong></span> <span class='ocrx_word' id='word_1_155' title='bbox 1041 2425 1153 2487; x_wconf 88' lang='lat' dir='ltr'><strong>supra,</strong></span> <span class='ocrx_word' id='word_1_156' title='bbox 1174 2406 1242 2488; x_wconf 86' lang='lat' dir='ltr'><strong>ipse</strong></span> 
     </span>
     <span class='ocr_line' id='line_1_20' title="bbox 217 2516 1242 2590; baseline -0.004 -7"><span class='ocrx_word' id='word_1_157' title='bbox 217 2521 317 2584; x_wconf 83' lang='lat' dir='ltr'><strong>eciam</strong></span> <span class='ocrx_word' id='word_1_158' title='bbox 341 2518 474 2581; x_wconf 88' lang='lat' dir='ltr'><strong>laudans</strong></span> <span class='ocrx_word' id='word_1_159' title='bbox 495 2517 665 2580; x_wconf 87' lang='lat' dir='ltr'><strong>bonitatem</strong></span> <span class='ocrx_word' id='word_1_160' title='bbox 685 2525 769 2579; x_wconf 86' lang='lat' dir='ltr'><strong>terre</strong></span> <span class='ocrx_word' id='word_1_161' title='bbox 789 2536 861 2590; x_wconf 89' lang='lat' dir='ltr'><strong>sue,</strong></span> <span class='ocrx_word' id='word_1_162' title='bbox 884 2516 967 2581; x_wconf 90' lang='lat' dir='ltr'><strong>misit</strong></span> <span class='ocrx_word' id='word_1_163' title='bbox 980 2537 1074 2578; x_wconf 88' lang='lat' dir='ltr'><strong>uuam</strong></span> <span class='ocrx_word' id='word_1_164' title='bbox 1088 2517 1242 2579; x_wconf 88' lang='lat' dir='ltr'><strong>sarcinam</strong></span> 
     </span>
     <span class='ocr_line' id='line_1_21' title="bbox 217 2626 1242 2709; baseline -0.006 -15"><span class='ocrx_word' id='word_1_165' title='bbox 217 2631 257 2695; x_wconf 89' lang='lat' dir='ltr'><strong>de</strong></span> <span class='ocrx_word' id='word_1_166' title='bbox 280 2630 386 2693; x_wconf 90' lang='lat' dir='ltr'><strong>herbis</strong></span> <span class='ocrx_word' id='word_1_167' title='bbox 408 2628 589 2691; x_wconf 90' lang='lat' dir='ltr'><strong>sabulorum</strong></span> <span class='ocrx_word' id='word_1_168' title='bbox 611 2628 723 2708; x_wconf 88' lang='lat' dir='ltr'><strong>Olpar,</strong></span> <span class='ocrx_word' id='word_1_169' title='bbox 746 2637 777 2690; x_wconf 86' lang='lat' dir='ltr'><strong>et</strong></span> <span class='ocrx_word' id='word_1_170' title='bbox 798 2629 875 2691; x_wconf 88' lang='lat' dir='ltr'><strong>duas</strong></span> <span class='ocrx_word' id='word_1_171' title='bbox 897 2626 1077 2709; x_wconf 80' lang='lat' dir='ltr'><strong>lagunculas</strong></span> <span class='ocrx_word' id='word_1_172' title='bbox 1099 2628 1138 2688; x_wconf 93' lang='lat' dir='ltr'><strong>de</strong></span> <span class='ocrx_word' id='word_1_173' title='bbox 1153 2629 1242 2708; x_wconf 84' lang='lat' dir='ltr'><strong>aquis</strong></span> 
     </span>
     <span class='ocr_line' id='line_1_22' title="bbox 216 2736 1244 2820; baseline -0.003 -16"><span class='ocrx_word' id='word_1_174' title='bbox 216 2740 362 2805; x_wconf 85' lang='lat' dir='ltr'><strong>Danubii.</strong></span> <span class='ocrx_word' id='word_1_175' title='bbox 385 2739 469 2803; x_wconf 90' lang='lat' dir='ltr'><strong>unde</strong></span> <span class='ocrx_word' id='word_1_176' title='bbox 484 2739 675 2820; x_wconf 87' lang='lat' dir='ltr'><strong>precipimus</strong></span> <span class='ocrx_word' id='word_1_177' title='bbox 698 2738 825 2800; x_wconf 86' lang='lat' dir='ltr'><strong>domino</strong></span> <span class='ocrx_word' id='word_1_178' title='bbox 846 2747 953 2800; x_wconf 88' lang='lat' dir='ltr'><strong>uestro</strong></span> <span class='ocrx_word' id='word_1_179' title='bbox 969 2737 1041 2798; x_wconf 91' lang='lat' dir='ltr'><strong>duci</strong></span> <span class='ocrx_word' id='word_1_180' title='bbox 1056 2736 1187 2810; x_wconf 88' lang='lat' dir='ltr'><strong>Salano,</strong></span> <span class='ocrx_word' id='word_1_181' title='bbox 1208 2746 1244 2801; x_wconf 88' lang='lat' dir='ltr'><strong>ut</strong></span> 
     </span>
     <span class='ocr_line' id='line_1_23' title="bbox 219 2849 1241 2932; baseline -0.002 -17"><span class='ocrx_word' id='word_1_182' title='bbox 219 2851 347 2916; x_wconf 89' lang='lat' dir='ltr'><strong>dimissa</strong></span> <span class='ocrx_word' id='word_1_183' title='bbox 368 2861 475 2914; x_wconf 86' lang='lat' dir='ltr'><strong>nostra</strong></span> <span class='ocrx_word' id='word_1_184' title='bbox 488 2858 587 2924; x_wconf 88' lang='lat' dir='ltr'><strong>terra,</strong></span> <span class='ocrx_word' id='word_1_185' title='bbox 617 2849 781 2912; x_wconf 89' lang='lat' dir='ltr'><strong>celerrimo</strong></span> <span class='ocrx_word' id='word_1_186' title='bbox 797 2870 891 2912; x_wconf 93' lang='lat' dir='ltr'><strong>cursu</strong></span> <span class='ocrx_word' id='word_1_187' title='bbox 906 2859 1021 2912; x_wconf 87' lang='lat' dir='ltr'><strong>terram</strong></span> <span class='ocrx_word' id='word_1_188' title='bbox 1034 2849 1241 2932; x_wconf 79' lang='lat' dir='ltr'><strong>bulgarorum</strong></span> 
     </span>
     <span class='ocr_line' id='line_1_24' title="bbox 218 2960 1242 3048; baseline -0.001 -19"><span class='ocrx_word' id='word_1_189' title='bbox 218 2974 284 3040; x_wconf 90' lang='lat' dir='ltr'><strong>eat,</strong></span> <span class='ocrx_word' id='word_1_190' title='bbox 306 2964 389 3027; x_wconf 88' lang='lat' dir='ltr'><strong>unde</strong></span> <span class='ocrx_word' id='word_1_191' title='bbox 412 2982 550 3047; x_wconf 89' lang='lat' dir='ltr'><strong>proauus</strong></span> <span class='ocrx_word' id='word_1_192' title='bbox 569 2984 645 3026; x_wconf 89' lang='lat' dir='ltr'><strong>suus</strong></span> <span class='ocrx_word' id='word_1_193' title='bbox 667 2960 874 3025; x_wconf 82' lang='lat' dir='ltr'><strong>descenderat</strong></span> <span class='ocrx_word' id='word_1_194' title='bbox 896 2972 1019 3027; x_wconf 89' lang='lat' dir='ltr'><strong>mortuo</strong></span> <span class='ocrx_word' id='word_1_195' title='bbox 1040 2962 1144 3026; x_wconf 79' lang='lat' dir='ltr'><strong>arbita</strong></span> <span class='ocrx_word' id='word_1_196' title='bbox 1167 2985 1242 3048; x_wconf 84' lang='lat' dir='ltr'><strong>rege</strong></span> 
     </span>
     <span class='ocr_line' id='line_1_25' title="bbox 218 3074 1244 3160; baseline -0.002 -18"><span class='ocrx_word' id='word_1_197' title='bbox 218 3085 312 3142; x_wconf 85' lang='lat' dir='ltr'><strong>atauo</strong></span> <span class='ocrx_word' id='word_1_198' title='bbox 328 3085 447 3139; x_wconf 87' lang='lat' dir='ltr'><strong>nostro.</strong></span> <span class='ocrx_word' id='word_1_199' title='bbox 475 3077 501 3138; x_wconf 92' lang='lat' dir='ltr'><strong>si</strong></span> <span class='ocrx_word' id='word_1_200' title='bbox 517 3084 622 3138; x_wconf 85' lang='lat' dir='ltr'><strong>autem</strong></span> <span class='ocrx_word' id='word_1_201' title='bbox 643 3074 704 3139; x_wconf 90' lang='lat' dir='ltr'><strong>hoc</strong></span> <span class='ocrx_word' id='word_1_202' title='bbox 726 3095 790 3137; x_wconf 89' lang='lat' dir='ltr'><strong>nnn</strong></span> <span class='ocrx_word' id='word_1_203' title='bbox 812 3075 939 3149; x_wconf 85' lang='lat' dir='ltr'><strong>iecerit,</strong></span> <span class='ocrx_word' id='word_1_204' title='bbox 960 3076 1038 3139; x_wconf 90' lang='lat' dir='ltr'><strong>sciat</strong></span> <span class='ocrx_word' id='word_1_205' title='bbox 1053 3097 1109 3139; x_wconf 87' lang='lat' dir='ltr'><strong>nos</strong></span> <span class='ocrx_word' id='word_1_206' title='bbox 1124 3078 1156 3140; x_wconf 91' lang='lat' dir='ltr'><strong>in</strong></span> <span class='ocrx_word' id='word_1_207' title='bbox 1171 3096 1244 3160; x_wconf 87' lang='lat' dir='ltr'><strong>pro-</strong></span> 
     </span>
     <span class='ocr_line' id='line_1_26' title="bbox 217 3186 1244 3272; baseline -0.003 -18"><span class='ocrx_word' id='word_1_208' title='bbox 217 3188 303 3255; x_wconf 84' lang='lat' dir='ltr'><strong>ximo</strong></span> <span class='ocrx_word' id='word_1_209' title='bbox 318 3198 461 3272; x_wconf 89' lang='lat' dir='ltr'><strong>tempore</strong></span> <span class='ocrx_word' id='word_1_210' title='bbox 476 3196 586 3250; x_wconf 83' lang='lat' dir='ltr'><strong>contra</strong></span> <span class='ocrx_word' id='word_1_211' title='bbox 601 3207 673 3249; x_wconf 90' lang='lat' dir='ltr'><strong>eum</strong></span> <span class='ocrx_word' id='word_1_212' title='bbox 689 3187 901 3251; x_wconf 85' lang='lat' dir='ltr'><strong>dimicaturos.</strong></span> <span class='ocrx_word' id='word_1_213' title='bbox 922 3186 1017 3271; x_wconf 85' lang='lat' dir='ltr'><strong>legati</strong></span> <span class='ocrx_word' id='word_1_214' title='bbox 1029 3209 1106 3252; x_wconf 89' lang='lat' dir='ltr'><strong>uero</strong></span> <span class='ocrx_word' id='word_1_215' title='bbox 1116 3190 1177 3251; x_wconf 90' lang='lat' dir='ltr'><strong>boc</strong></span> <span class='ocrx_word' id='word_1_216' title='bbox 1188 3208 1244 3252; x_wconf 92' lang='lat' dir='ltr'><strong>au-</strong></span> 
     </span>
     <span class='ocr_line' id='line_1_27' title="bbox 218 3298 1243 3384; baseline -0.003 -17"><span class='ocrx_word' id='word_1_217' title='bbox 218 3302 358 3376; x_wconf 86' lang='lat' dir='ltr'><strong>dientes,</strong></span> <span class='ocrx_word' id='word_1_218' title='bbox 379 3308 510 3384; x_wconf 88' lang='lat' dir='ltr'><strong>accepta</strong></span> <span class='ocrx_word' id='word_1_219' title='bbox 527 3298 680 3374; x_wconf 87' lang='lat' dir='ltr'><strong>licencia,</strong></span> <span class='ocrx_word' id='word_1_220' title='bbox 700 3299 779 3363; x_wconf 87' lang='lat' dir='ltr'><strong>tristi</strong></span> <span class='ocrx_word' id='word_1_221' title='bbox 800 3299 889 3364; x_wconf 89' lang='lat' dir='ltr'><strong>uultu</strong></span> <span class='ocrx_word' id='word_1_222' title='bbox 912 3301 952 3366; x_wconf 92' lang='lat' dir='ltr'><strong>ad</strong></span> <span class='ocrx_word' id='word_1_223' title='bbox 969 3301 1081 3365; x_wconf 86' lang='lat' dir='ltr'><strong>(lucem</strong></span> <span class='ocrx_word' id='word_1_224' title='bbox 1096 3301 1243 3365; x_wconf 88' lang='lat' dir='ltr'><strong>Salanum</strong></span> 
     </span>
     <span class='ocr_line' id='line_1_28' title="bbox 219 3411 1242 3501; baseline -0.003 -21"><span class='ocrx_word' id='word_1_225' title='bbox 219 3421 483 3501; x_wconf 89' lang='lat' dir='ltr'><strong>properauerunt.</strong></span> <span class='ocrx_word' id='word_1_226' title='bbox 505 3414 570 3476; x_wconf 85' lang='lat' dir='ltr'><strong>dux</strong></span> <span class='ocrx_word' id='word_1_227' title='bbox 584 3422 689 3476; x_wconf 88' lang='lat' dir='ltr'><strong>autem</strong></span> <span class='ocrx_word' id='word_1_228' title='bbox 700 3411 805 3495; x_wconf 79' lang='lat' dir='ltr'><strong>Arpad</strong></span> <span class='ocrx_word' id='word_1_229' title='bbox 821 3420 853 3476; x_wconf 91' lang='lat' dir='ltr'><strong>et</strong></span> <span class='ocrx_word' id='word_1_230' title='bbox 869 3413 918 3475; x_wconf 91' lang='lat' dir='ltr'><strong>sui</strong></span> <span class='ocrx_word' id='word_1_231' title='bbox 933 3411 1054 3476; x_wconf 90' lang='lat' dir='ltr'><strong>nobiles</strong></span> <span class='ocrx_word' id='word_1_232' title='bbox 1069 3414 1188 3497; x_wconf 88' lang='lat' dir='ltr'><strong>egressi</strong></span> <span class='ocrx_word' id='word_1_233' title='bbox 1204 3411 1242 3477; x_wconf 86' lang='lat' dir='ltr'><strong>de</strong></span> 
     </span>
     <span class='ocr_line' id='line_1_29' title="bbox 219 3525 1244 3612; baseline -0.003 -22"><span class='ocrx_word' id='word_1_234' title='bbox 219 3526 316 3591; x_wconf 81' lang='lat' dir='ltr'><strong>fluuio</strong></span> <span class='ocrx_word' id='word_1_235' title='bbox 333 3530 454 3612; x_wconf 89' lang='lat' dir='ltr'><strong>chea,</strong></span> <span class='ocrx_word' id='word_1_236' title='bbox 485 3547 556 3590; x_wconf 91' lang='lat' dir='ltr'><strong>cum</strong></span> <span class='ocrx_word' id='word_1_237' title='bbox 571 3526 656 3589; x_wconf 90' lang='lat' dir='ltr'><strong>omni</strong></span> <span class='ocrx_word' id='word_1_238' title='bbox 671 3525 810 3589; x_wconf 89' lang='lat' dir='ltr'><strong>exercitu</strong></span> <span class='ocrx_word' id='word_1_239' title='bbox 825 3536 928 3589; x_wconf 84' lang='lat' dir='ltr'><strong>castra</strong></span> <span class='ocrx_word' id='word_1_240' title='bbox 948 3527 1054 3589; x_wconf 86' lang='lat' dir='ltr'><strong>metati</strong></span> <span class='ocrx_word' id='word_1_241' title='bbox 1073 3533 1144 3590; x_wconf 85' lang='lat' dir='ltr'><strong>sunt</strong></span> <span class='ocrx_word' id='word_1_242' title='bbox 1159 3527 1244 3588; x_wconf 86' lang='lat' dir='ltr'><strong>iuxta</strong></span> 
     </span>
     <span class='ocr_line' id='line_1_30' title="bbox 220 3637 1243 3720; baseline -0.004 -18"><span class='ocrx_word' id='word_1_243' title='bbox 220 3647 359 3702; x_wconf 85' lang='lat' dir='ltr'><strong>montem</strong></span> <span class='ocrx_word' id='word_1_244' title='bbox 370 3637 554 3701; x_wconf 79' lang='lat' dir='ltr'><strong>&#39;ieteuetlen</strong></span> <span class='ocrx_word' id='word_1_245' title='bbox 576 3658 676 3720; x_wconf 87' lang='lat' dir='ltr'><strong>usque</strong></span> <span class='ocrx_word' id='word_1_246' title='bbox 698 3638 738 3700; x_wconf 91' lang='lat' dir='ltr'><strong>ad</strong></span> <span class='ocrx_word' id='word_1_247' title='bbox 754 3638 926 3711; x_wconf 88' lang='lat' dir='ltr'><strong>Tbisciam,</strong></span> <span class='ocrx_word' id='word_1_248' title='bbox 949 3637 1064 3701; x_wconf 91' lang='lat' dir='ltr'><strong>deinde</strong></span> <span class='ocrx_word' id='word_1_249' title='bbox 1079 3638 1243 3700; x_wconf 86' lang='lat' dir='ltr'><strong>uenientes</strong></span> 
     </span>
     <span class='ocr_line' id='line_1_31' title="bbox 219 3747 1243 3837; baseline -0.004 -23"><span class='ocrx_word' id='word_1_250' title='bbox 219 3771 278 3837; x_wconf 83' lang='lat' dir='ltr'><strong>per</strong></span> <span class='ocrx_word' id='word_1_251' title='bbox 292 3750 486 3833; x_wconf 89' lang='lat' dir='ltr'><strong>crepidinem</strong></span> <span class='ocrx_word' id='word_1_252' title='bbox 502 3748 646 3824; x_wconf 86' lang='lat' dir='ltr'><strong>Tiriscie,</strong></span> <span class='ocrx_word' id='word_1_253' title='bbox 667 3770 768 3833; x_wconf 87' lang='lat' dir='ltr'><strong>usquc</strong></span> <span class='ocrx_word' id='word_1_254' title='bbox 791 3749 831 3812; x_wconf 87' lang='lat' dir='ltr'><strong>ad</strong></span> <span class='ocrx_word' id='word_1_255' title='bbox 853 3747 996 3811; x_wconf 88' lang='lat' dir='ltr'><strong>sabulum</strong></span> <span class='ocrx_word' id='word_1_256' title='bbox 1012 3747 1109 3831; x_wconf 88' lang='lat' dir='ltr'><strong>Olpar</strong></span> <span class='ocrx_word' id='word_1_257' title='bbox 1130 3766 1243 3831; x_wconf 89' lang='lat' dir='ltr'><strong>perue-</strong></span> 
     </span>
     <span class='ocr_line' id='line_1_32' title="bbox 219 3871 345 3929; baseline -0.024 0"><span class='ocrx_word' id='word_1_258' title='bbox 219 3871 345 3929; x_wconf 82' lang='lat' dir='ltr'><strong>nerunt.</strong></span> 
     </span>
    </p>
   </div>
   <div class='ocr_carea' id='block_1_3' title="bbox 220 4085 1244 4289">
    <p class='ocr_par' dir='ltr' id='par_1_3' title="bbox 220 4085 1244 4289">
     <span class='ocr_line' id='line_1_33' title="bbox 304 4085 1243 4173; baseline 0 -21"><span class='ocrx_word' id='word_1_259' title='bbox 304 4085 369 4173; x_wconf 78' lang='grc'>(39)</span> <span class='ocrx_word' id='word_1_260' title='bbox 396 4086 440 4151; x_wconf 82' lang='lat' dir='ltr'><strong>De</strong></span> <span class='ocrx_word' id='word_1_261' title='bbox 460 4106 571 4169; x_wconf 77' lang='lat' dir='ltr'><strong>egressu</strong></span> <span class='ocrx_word' id='word_1_262' title='bbox 590 4085 698 4150; x_wconf 81' lang='lat' dir='ltr'><strong>Seiani</strong></span> <span class='ocrx_word' id='word_1_263' title='bbox 722 4090 803 4152; x_wconf 81' lang='lat' dir='ltr'><strong>ducis</strong></span> <span class='ocrx_word' id='word_1_264' title='bbox 824 4098 925 4152; x_wconf 80' lang='lat' dir='ltr'><strong>contra</strong></span> <span class='ocrx_word' id='word_1_265' title='bbox 943 4085 1109 4171; x_wconf 78' lang='lat' dir='ltr'><strong>Arpadium</strong></span> <span class='ocrx_word' id='word_1_266' title='bbox 1131 4087 1243 4154; x_wconf 83' lang='lat' dir='ltr'><strong>ducem.</strong></span> 
     </span>
     <span class='ocr_line' id='line_1_34' title="bbox 220 4199 1244 4289; baseline -0.003 -18"><span class='ocrx_word' id='word_1_267' title='bbox 220 4202 292 4270; x_wconf 76' lang='lat' dir='ltr'><strong>Dux</strong></span> <span class='ocrx_word' id='word_1_268' title='bbox 307 4210 411 4270; x_wconf 80' lang='lat' dir='ltr'><strong>autem</strong></span> <span class='ocrx_word' id='word_1_269' title='bbox 424 4199 573 4276; x_wconf 80' lang='lat' dir='ltr'><strong>Salanus,</strong></span> <span class='ocrx_word' id='word_1_270' title='bbox 593 4220 667 4265; x_wconf 89' lang='lat' dir='ltr'><strong>cum</strong></span> <span class='ocrx_word' id='word_1_271' title='bbox 681 4199 836 4267; x_wconf 88' lang='lat' dir='ltr'><strong>adiutorio</strong></span> <span class='ocrx_word' id='word_1_272' title='bbox 851 4199 1024 4266; x_wconf 88' lang='lat' dir='ltr'><strong>Greccrum</strong></span> <span class='ocrx_word' id='word_1_273' title='bbox 1047 4206 1080 4266; x_wconf 88' lang='lat' dir='ltr'><strong>et</strong></span> <span class='ocrx_word' id='word_1_274' title='bbox 1092 4200 1244 4289; x_wconf 80' lang='lat' dir='ltr'><strong>bulgare-</strong></span> 
     </span>
    </p>
   </div>
   <div class='ocr_carea' id='block_1_4' title="bbox 0 0 1412 4764">
    <p class='ocr_par' dir='ltr' id='par_1_4' title="bbox 0 0 1412 4764">
     <span class='ocr_line' id='line_1_35' title="bbox 0 0 1412 4764; baseline 0 0"><span class='ocrx_word' id='word_1_275' title='bbox 0 0 1412 4764; x_wconf 95' lang='lat' dir='ltr'><strong> </strong></span> 
     </span>
    </p>
   </div>
  </div>
 </body>
</html>
