2798 4764
206 298 270 371 ιιι
383 320 515 373 mess
535 324 570 372 ιι.
590 324 681 373 mers
701 327 867 376 orcearmr
887 329 922 375 ιι.
965 308 1057 379 taut.

207 478 340 544 dicionis
350 478 455 564 colligi
468 479 631 556 iaciemus,
640 482 780 565 exceptis
793 481 832 546 iis
843 480 898 565 qui
908 481 984 546 heco
995 481 1082 564 regio
1092 482 1126 544 in
1136 501 1235 545 censu

207 590 315 656 debito
330 599 484 656 tenentur.

289 703 355 766 vlt.
395 705 497 786 Super
521 705 633 770 domos
657 706 866 771 seruieucium
892 706 943 769 uel
968 704 1058 769 uillas
1083 725 1142 768 uec
1166 725 1236 779 nos,

206 834 267 883 nec
279 835 432 899 agasones
446 815 560 890 nostri,
579 835 639 880 neo
653 817 830 891 falconarii,
852 837 912 882 nec
927 816 1069 891 caniferi,
1090 837 1149 881 nec
1165 837 1236 878 cur-

205 928 296 995 rileri
323 927 422 991 nostri
447 928 642 991 descendant
669 928 744 1011 ipsis
769 929 885 992 inuitis.
925 928 1104 1011 ubieunque
1129 936 1235 991 autem

205 1040 280 1107 aiibi
293 1059 351 1102 nos
366 1037 417 1101 uel
431 1039 532 1101 dictos
548 1038 698 1102 officiales
714 1049 837 1103 nostros
848 1039 1044 1103 descendere
1059 1039 1236 1123 contigerit,

204 1154 318 1219 iustam
342 1152 576 1218 estimacionem
603 1155 684 1217 solui
710 1156 871 1233 iaciemus,
900 1156 979 1219 sicut
1001 1157 1178 1219 continetur
1201 1155 1234 1217 in

106 1280 121 1311 ⁸
205 1266 420 1351 sequentibus.

287 1376 366 1439 vltt.
408 1378 448 1440 Et
468 1377 542 1460 quia
564 1386 732 1461 propterea
751 1387 814 1443 tam
837 1387 967 1463 propter
986 1379 1159 1443 descensus
1178 1400 1236 1442 no-

204 1498 287 1555 stros
301 1496 333 1553 et
343 1488 470 1551 domine
484 1489 593 1572 regine
607 1507 644 1554 ec
657 1488 794 1554 liliorum
808 1499 1003 1564 nostrorum,
1023 1509 1117 1573 quam
1134 1491 1232 1552 eciam

204 1600 531 1683 archiepiscoporum,
566 1600 803 1684 episcoporum,
837 1603 988 1665 baronum
1021 1610 1053 1665 et
1082 1601 1232 1665 nobilium

203 1710 606 1797 nostrorumjntolerabilia
621 1712 737 1777 damna
756 1721 789 1776 et
801 1713 984 1797 praaemina
996 1733 1054 1797 per·
1068 1723 1167 1777 totum
1182 1734 1232 1778 re·

204 1844 302 1909 guum
323 1832 462 1887 nostrum
481 1822 552 1885 fieri
570 1824 771 1899 uidebamus,
793 1826 934 1889 districte
948 1826 1116 1889 statuendo
1132 1827 1234 1908 preci·

204 1934 319 2021 pimus,
333 1944 367 1999 ut
380 1934 458 1997 nihil
473 1935 642 2017 recipiatur
656 1936 697 1999 ed
711 1936 877 2019 coquinam
892 1945 1030 1999 nostram
1046 1937 1096 1999 uel
1110 1946 1234 2000 nostro·

202 2067 292 2123 rum,
318 2046 378 2110 nisi
399 2046 483 2110 iusto
502 2049 574 2111 dato
596 2046 713 2129 precio.
741 2048 885 2112 similiter
899 2055 931 2111 et
945 2047 984 2111 de
1000 2068 1126 2111 annona
1146 2052 1231 2113 etde

202 2158 278 2224 ιιιιιο
302 2167 335 2223 et
356 2157 424 2223 aliis
450 2160 638 2226 necessariis
662 2159 741 2223 nihil
764 2161 934 2243 recipiant,
969 2160 1028 2223 nisi
1052 2163 1126 2224 dato
1149 2163 1231 2225 iusto

202 2272 321 2357 precio.

284 2384 339 2446 lx.
381 2384 441 2446 Pro
466 2384 638 2449 domestico
662 2391 767 2448 autem
792 2384 841 2447 cui
865 2384 987 2448 iusticia
1007 2384 1146 2448 exhibita
1166 2406 1230 2449 non

201 2494 312 2570 l'uerit,
334 2503 398 2559 tres
418 2495 524 2559 rustici
547 2496 587 2559 de
609 2496 684 2561 uilla
706 2496 811 2559 iurare
833 2497 984 2570 debeant,
1006 2506 1038 2560 et
1057 2498 1097 2559 ad
1119 2518 1229 2560 eorum

199 2608 412 2673 iuramentum
433 2607 548 2690 hospes
570 2609 749 2691 quicunque
774 2608 883 2682 inerit,
910 2608 1082 2672 domestico
1105 2608 1228 2691 plenam

200 2718 294 2784 l'aciat
307 2718 461 2781 iusticiam
476 2738 545 2780 cum
561 2719 676 2782 iudicio
691 2718 807 2803 regali,
824 2719 877 2782 uel
893 2720 1038 2783 dominus
1054 2719 1144 2794 uille,
1158 2720 1229 2801 qui-

201 2849 325 2914 euuque
347 2830 459 2904 luerit,
485 2831 553 2895 siue
574 2831 838 2915 archiepiscopus,
864 2833 932 2896 siue
955 2833 1133 2914 episcopus,
1159 2832 1226 2895 sine

201 2941 332 3017 nobilis,
364 2942 416 3004 ille
442 2941 649 3024 personaliter
671 2940 733 3005 hec
759 2943 858 3006 uerba
885 2942 1026 3006 ueritatis
1049 2944 1155 3008 dicere
1180 2951 1228 3007 te-

200 3062 322 3121 nentur.

282 3167 323 3229 X.
345 3166 531 3249 Quicunque
541 3184 620 3229 uero
631 3165 754 3229 nobiles
764 3165 994 3231 irrxtaiurmam
1008 3169 1112 3231 statuti
1128 3166 1226 3230 nostri

197 3278 349 3344 iusticiam
370 3277 597 3352 nontermino,
619 3278 697 3341 teles
712 3277 845 3360 quilibet
859 3278 1073 3363 episcopusin
1087 3300 1145 3343 sua
1160 3279 1226 3342 die·

198 3390 262 3455 cesi
283 3389 544 3454 excommunicet.
567 3396 598 3452 et
616 3408 674 3453 nos
697 3409 753 3453 eos
775 3410 833 3472 pro
848 3389 1126 3454 excommunicatis
1148 3399 1225 3452 tam·

198 3502 253 3569 du
267 3500 468 3576 habebimus,
497 3501 597 3566 donec
611 3501 757 3565 iniuriam
780 3522 873 3584 passo
887 3503 1079 3567 satisfaciant
1100 3523 1226 3586 compe·

198 3618 311 3677 tenter.

280 3724 335 3786 xt.
376 3724 408 3786 Si
430 3724 500 3808 quis
522 3724 665 3788 seruiens
686 3732 794 3789 noster
813 3724 881 3789 sine
899 3724 1017 3789 herede
1038 3726 1225 3800 decesserit,

196 3842 341 3920 quartam
356 3836 589 3917 possessionem
610 3836 676 3900 lilia
690 3836 845 3911 obtineat,
866 3838 907 3900 de
921 3837 1050 3901 residuo
1063 3838 1224 3922 sicutipse

194 3946 334 4013 uoluerit
357 3948 513 4030 disponet.
544 3956 578 4012 et
600 3947 628 4011 ai
652 3954 753 4011 morte
776 3954 947 4031 preuentus
971 3947 1139 4032 disponere
1159 3970 1224 4013 non

194 4065 321 4143 posset,
335 4056 506 4140 propinqui
519 4056 569 4121 sui
583 4058 636 4142 qui
652 4078 726 4122 eum
740 4058 839 4143 magis
853 4057 1040 4143 contingunt
1053 4061 1224 4126 obtineant.

196 4167 270 4241 etei
281 4165 401 4233 ιιιιιιιιιι
413 4166 540 4255 peribas
552 4167 778 4257 mpnudoneur
788 4168 946 4251 hebuerit,
964 4190 1024 4239 rex
1034 4170 1162 4239 hebeat.
