2798 4764
181 343 248 407 Μ’
502 358 693 407 aramm-
711 358 754 403 ur
776 358 899 405 vnn·

265 512 364 589 (223)
390 513 476 578 Sada
495 514 535 576 de
556 513 632 576 uiua
650 512 756 595 Gegy,
782 510 1046 576 coadiuuautibus
1069 528 1235 595 comme·

182 623 369 688 uinciaiihus
387 623 462 699 suis,
480 624 620 706 impeciit
634 622 819 688 Michettlen
839 621 1065 705 iouhagionenr
1080 623 1234 688 ecclesie

182 734 374 799 Debrnensis
393 735 434 798 de
452 734 548 808 furto,
567 733 672 797 indice
685 734 785 809 Bane,
806 733 957 815 pristaldo
970 732 1136 816 Gregorio
1151 754 1234 819 pre-

182 846 276 909 dicto.
296 845 430 915 Michac‘t
446 852 570 927 portato
584 844 668 908 terro
682 841 867 907 iustificatos
884 850 942 907 est.

266 954 365 1031 (iit)
386 954 463 1018 Ihad
478 955 519 1018 de
534 953 608 1018 nilla
620 953 705 1027 Lad,
718 973 790 1017 cum
804 951 1053 1035 prouincialibus
1065 954 1151 1030 suis,
1165 956 1231 1019 in-

184 1067 280 1150 peciit
292 1068 425 1129 Torsem
447 1066 487 1129 de
502 1065 598 1148 Nylos
620 1065 660 1129 de
681 1064 783 1139 torto,
809 1064 914 1128 iudice
933 1065 1039 1139 Bane,
1058 1066 1231 1148 pristatdo

182 1177 338 1261 Gregorio
357 1177 509 1258 predicto.
544 1176 687 1259 prefatus
703 1176 802 1239 Torsu
824 1156 865 1240 ad
883 1176 1083 1241 solucionem
1106 1198 1228 1243 rusum

182 1309 248 1357 nou
260 1287 359 1353 exiuit
373 1289 413 1353 do
428 1286 572 1352 ecciesia.

264 1392 366 1475 (225)
402 1399 515 1461 Urmau
544 1399 585 1461 de
612 1397 687 1461 uitta
713 1396 809 1461 Erdei
836 1397 976 1481 impeciit
999 1399 1228 1466 conuitium

34 1562 41 1574 n
181 1530 288 1583 ruam,
308 1509 427 1573 scilicet
440 1526 571 1573 uxorem
585 1509 682 1573 Butur
702 1528 761 1591 pro
784 1507 951 1574 adniterin.
976 1509 1087 1575 iudice
1103 1530 1225 1579 eumn

181 1621 322 1695 Madian,
343 1630 376 1685 et
387 1621 493 1684 iudice
508 1619 730 1685 archidiacono
743 1621 847 1696 Petro,
867 1621 1017 1703 pristaldo
1030 1622 1168 1707 fluidus
1180 1625 1226 1691 de

181 1732 294 1795 eedem
312 1728 402 1803 uitta,
421 1730 476 1811 qni
490 1729 634 1792 Uaradini
657 1750 715 1812 pro
728 1730 813 1794 bono
833 1731 919 1813 pacis
934 1731 1038 1796 taliter
1050 1752 1226 1801 coenem·

181 1850 270 1915 runt,
291 1841 377 1923 quod
393 1860 472 1902 uxor
485 1840 582 1904 Batur
595 1841 749 1904 iudicibus
770 1843 982 1919 satisfaceret,
1002 1844 1126 1909 Urmaru
1140 1866 1225 1913 nere

181 1951 340 2035 pnetutdo.

264 2064 366 2139 (W)
386 2062 495 2127 Simon
508 2066 548 2127 de
563 2063 638 2127 uilla
650 2063 739 2148 Gyad
759 2072 793 2130 et
806 2067 890 2130 Teca
909 2067 950 2130 de
963 2065 1040 2129 uitta
1055 2067 1142 2133 Tuta
1161 2068 1225 2135 im·

179 2176 345 2261 pecierunt
368 2176 528 2242 Androm
552 2174 593 2242 de
617 2175 693 2240 uitia
716 2177 881 2261 Seuryegu'
904 2198 962 2261 pro
982 2178 1227 2264 quinquaginta

179 2290 309 2362 mercis,
329 2289 433 2354 iudice
448 2287 576 2351 Nicoiac
597 2286 737 2369 palatino
758 2288 888 2363 comite,
916 2289 1069 2371 pristaldo
1091 2290 1224 2359 Erded.

38 2414 40 2418 ’
179 2399 392 2482 predictorum
414 2399 576 2474 homiues,
604 2399 723 2464 scilicet
741 2399 878 2463 Simonis
896 2409 930 2464 et
950 2399 1056 2474 Tetra,
1084 2411 1226 2484 penato

179 2512 265 2577 ferro
278 2512 433 2575 combusti
446 2519 529 2575 sunt

262 2625 359 2697 (227)
380 2622 574 2693 Laurentius
590 2623 629 2684 de
644 2619 718 2684 uilla
728 2622 828 2704 Katay
840 2620 1057 2704 litigauitcnm
1068 2623 1225 2702 Daniele,

179 2736 283 2806 Petro,
302 2743 334 2796 et
347 2734 521 2796 Laureucio
542 2733 581 2795 de
596 2732 671 2796 uilla
684 2733 890 2815 Diagouogu,
910 2752 969 2814 pro
984 2731 1117 2815 triginta
1133 2754 1225 2799 mar·

178 2844 235 2917 cis,
248 2843 350 2905 iudice
362 2843 490 2904 Nicolao
504 2843 653 2924 palatino,
668 2843 819 2925 pristaldo
833 2844 936 2906 Pensa
949 2843 988 2906 de
1002 2843 1079 2906 uitta
1090 2845 1223 2929 Libiry.

178 2955 272 3017 homo
294 2952 427 3036 predicti
446 2953 611 3015 Laureucii
634 2954 674 3016 de
691 2955 768 3017 Kata
782 2963 905 3037 portato
924 2953 1008 3017 ferro
1022 2954 1222 3023 instificetur

178 3074 236 3132 eet

260 3180 359 3255 (228)
381 3179 568 3243 samaraeus
591 3177 791 3243 Posouieusie
820 3196 944 3252 comes,
972 3196 1078 3240 coram
1104 3181 1220 3247 iudice

178 3293 322 3377 delegato
337 3313 356 3356 a
369 3312 460 3376 rege,
481 3291 599 3355 scilicet
611 3293 697 3373 Aguz
712 3291 841 3363 comite,
862 3290 993 3372 litigauit
1007 3309 1080 3353 cum
1098 3292 1220 3359 decem

176 3412 210 3468 et
233 3415 305 3468 octo
330 3404 509 3466 homiuibus
532 3403 571 3465 de
597 3400 671 3462 uilla
691 3402 770 3464 Shut
794 3421 852 3484 pro
876 3401 1057 3484 quindecim
1080 3406 1219 3471 marcis.

176 3535 257 3600 quos
272 3518 356 3598 Agna
371 3534 477 3579 comes
492 3514 645 3584 iudicans,
665 3533 723 3594 per
737 3514 918 3594 pristaidum
930 3514 1061 3577 Tolnam
1076 3515 1121 3578 de
1138 3518 1219 3582 uilia

177 3630 241 3691 Seu
262 3628 401 3700 uicinus,
430 3624 514 3686 misit
534 3623 724 3687 Uaradinnm
756 3626 796 3689 ad
822 3628 960 3689 candens
988 3626 1129 3701 terrum,
1158 3631 1218 3695 ubi

36 3760 41 3765 ·
176 3739 270 3801 homo
292 3737 423 3819 predicti
438 3735 599 3798 Sumuraci
620 3737 756 3812 comitis,
778 3739 904 3801 nomine
926 3739 1058 3813 Zakeus,
1080 3750 1217 3822 portato

176 3848 261 3912 ferro
274 3838 459 3911 iustificatos
473 3856 531 3911 est.

259 3960 359 4037 (229)
379 3960 528 4024 Borokun
547 3959 630 4024 tilius
644 3960 745 4045 Gyuie
766 3961 905 4044 impeciit
918 3963 1072 4043 quosdam
1087 3963 1218 4031 dusini·

177 4093 231 4141 cos
243 4074 284 4141 de
297 4072 374 4140 uitta
383 4074 496 4150 leuen,
516 4074 556 4138 nd
571 4074 736 4142 ecetesiam
750 4075 849 4141 saneti
859 4075 944 4142 Petri
955 4076 988 4141 iu
1003 4076 1119 4143 eadem
1134 4079 1218 4147 uu·

177 4189 355 4272 attinentes,
374 4187 493 4260 scilieet
506 4186 712 4277 obuganun,
726 4189 882 4271 thecum,
904 4189 1071 4271 Circum,
1092 4192 1218 4266 eten-
