2798 4764
188 343 286 394 mom
298 332 438 393 mucosa
453 344 524 391 vrri
538 340 580 390 sc
592 341 745 392 zonarum
760 340 800 389 rr
810 339 976 427 mmnrcrr
985 320 1104 410 [d-di.
1125 323 1188 391 187.

159 501 314 575 uandum,
334 509 478 564 catenam
493 519 599 590 ercam
617 500 741 562 uiscera
758 500 820 561 iam
840 499 1040 582 attingentem
1055 497 1188 563 inuenit.

159 634 178 676 o
200 615 279 676 mira
299 633 351 677 res
373 621 404 676 et
426 613 574 676 inaudita.
603 622 714 676 catena
734 631 844 675 carnes
864 612 947 675 intus
960 611 1185 695 putrefaciem.

157 733 230 789 cute
246 723 322 786 ioris
337 731 385 786 est
398 724 553 786 obducta·
571 723 629 787 sed
643 723 755 785 nesciri
771 723 830 786 hoc
845 741 945 805 genus
960 724 1098 806 martyrii
1111 743 1186 809 poa·

157 843 222 909 set,
243 834 302 898 nisi
317 834 357 898 ad
371 834 549 898 umbilicum
570 834 654 916 ligati
676 835 778 896 nodus
794 840 962 925 appareret
975 833 1101 896 metalli.
1134 855 1186 898 so·

157 947 223 1011 luta
238 967 315 1010 uero
329 955 441 1010 catena
457 948 531 1009 dum
553 967 592 1009 ex
607 965 738 1028 corpore
754 945 897 1020 tratn'tur,
917 965 1014 1008 sonus
1029 954 1191 1013 costarum.

158 1060 307 1122 elisarum
320 1059 460 1143 grauiter
474 1060 609 1123 auditur.
631 1059 719 1121 cuius
734 1067 844 1120 catenc
858 1066 981 1141 partem
996 1058 1131 1121 mediam
1146 1058 1188 1123 dr

158 1169 271 1232 eodem
292 1177 382 1252 patre
403 1170 584 1253 impetraui,
606 1178 638 1232 et
657 1189 739 1232 nunc
760 1190 860 1252 usque
884 1169 1087 1243 custoditam,
1107 1168 1194 1253 petie

158 1281 241 1344 cioni
261 1281 346 1345 ducis
370 1281 618 1347 christianissimi
639 1281 750 1357 Geire,
772 1301 842 1344 cum
858 1281 1016 1346 desiderio
1031 1279 1107 1344 mihi
1127 1299 1187 1365 pro

160 1410 198 1454 ea
211 1391 335 1456 instanti
348 1413 465 1476 negare
479 1393 618 1477 nequiui.

240 1612 286 1696 (5)
306 1615 435 1699 Sepuito
458 1636 585 1699 qnoque
600 1617 682 1680 beati
696 1617 756 1679 uiri
772 1636 921 1701 corpore,
944 1637 1006 1700 que
1021 1636 1079 1702 per
1092 1637 1192 1695 reue,

158 1726 314 1790 iacionem
336 1728 455 1792 abbatis
471 1728 605 1810 Philippi
627 1730 777 1811 cognom,
800 1738 832 1792 et
850 1729 977 1811 cognitu
998 1728 1092 1812 digna
1113 1748 1185 1794 estc

159 1838 345 1902 uidebantur
365 1841 534 1915 memoria,
563 1841 680 1904 notaui.
708 1851 849 1924 tempore
872 1843 1008 1924 quodam
1029 1842 1184 1917 latrones,

160 1971 292 2034 quorum
314 1951 447 2035 collegia
469 1953 601 2015 maxima
622 1974 660 2016 ex
676 1962 764 2036 parte
780 1953 979 2016 solitudinem
993 1953 1169 2016 inhabitant
1175 1998 1186 2028 ,

159 2064 191 2125 in
206 2064 285 2126 silua
300 2065 462 2148 congressi
481 2073 570 2139 sunt,
592 2065 704 2148 quibus
720 2065 968 2148 confligentibus,
989 2084 1071 2130 nnus
1086 2086 1125 2128 ex
1139 2065 1186 2128 eis

160 2174 292 2238 multum
315 2177 472 2240 sauciatus
496 2185 551 2239 cst.
591 2178 736 2239 conflictu
759 2178 892 2239 diremto
913 2197 985 2239 cum
1003 2176 1088 2239 hunc
1110 2175 1187 2240 socii

160 2285 358 2350 uulneratum
373 2308 574 2372 nequaquam
589 2288 620 2350 in
635 2289 715 2351 sidua
731 2289 887 2351 dimittere
903 2286 1034 2361 uellent,
1055 2286 1187 2349 consitio

159 2396 246 2471 inito,
267 2397 307 2460 ad
321 2397 433 2461 ceilam
447 2400 591 2480 superius
606 2399 680 2461 dicti
694 2400 753 2461 uiri
764 2401 905 2473 Andree,
928 2398 1015 2461 cuius
1029 2397 1111 2460 fama
1124 2396 1188 2460 iam

160 2510 200 2573 ad
213 2530 322 2574 omnes
337 2510 578 2594 circumquaque
590 2510 831 2584 diffundebatur,
846 2531 915 2573 eum
928 2509 1052 2574 deferre
1066 2517 1187 2572 statue·

159 2631 241 2686 runt
275 2622 333 2685 sed
348 2642 420 2684 cnm
435 2623 538 2685 adhuc
553 2622 641 2685 locus
655 2621 747 2705 longe
763 2623 904 2697 obesset,
926 2623 1004 2685 latro
1019 2623 1050 2684 in
1066 2622 1118 2685 uia
1132 2622 1188 2684 de-

159 2734 285 2797 functus
297 2743 354 2798 est.
377 2754 509 2817 corpore
525 2754 602 2798 uero
618 2735 686 2797 eius
701 2735 741 2797 ad
753 2734 862 2798 celiam
875 2735 1038 2817 deportato
1055 2741 1086 2797 et
1101 2733 1132 2796 in
1147 2752 1185 2798 ea

160 2847 277 2928 posito,
308 2846 412 2909 medin
432 2847 493 2909 iam
517 2854 610 2908 nocte
633 2866 703 2909 cum
730 2866 801 2909 ossa
825 2846 1046 2909 commendare
1069 2845 1188 2909 uedent

160 2958 266 3032 humo,
286 2959 390 3022 subito
411 2959 522 3041 spiritu
544 2978 690 3033 reuerso,
712 2967 853 3022 mortuus
877 2978 1069 3041 consurgere
1093 2956 1186 3040 cepit.

161 3069 220 3133 iitis
234 3077 339 3132 autem
362 3071 414 3153 qui
438 3071 569 3133 aderant
590 3069 683 3132 ualde
699 3069 871 3153 perterritis
886 3077 918 3132 et
932 3089 988 3151 pre
1004 3087 1122 3151 pauore
1138 3067 1187 3130 iu·

160 3180 332 3263 gientibns,
352 3182 552 3244 resuscitatus
575 3181 627 3245 iile
649 3181 819 3244 reuocabat
840 3200 912 3255 eos,
934 3181 1061 3244 dicens:
1090 3177 1186 3242 nolite

161 3290 272 3352 tratres
293 3289 461 3355 formidare
484 3310 586 3373 neque
611 3290 738 3374 fugere,
760 3301 885 3355 sanctus
907 3291 990 3354 enim
1012 3289 1188 3352 Zodrarduc
1234 3276 1241 3285 ’

163 3421 214 3464 me
228 3422 248 3464 a
260 3411 361 3465 morte
374 3404 537 3467 suscitauit
551 3405 589 3466 ed
606 3405 711 3467 uitam.
732 3405 792 3466 iilis
808 3411 910 3466 autem
927 3422 982 3484 pre
993 3401 1109 3485 gaudio
1119 3398 1189 3483 pio·

163 3515 312 3590 rantibus,
333 3525 365 3578 et
378 3523 412 3578 ut
425 3515 601 3578 discederet
616 3535 687 3577 cum
701 3517 746 3577 eis
762 3514 943 3596 rogantibus
958 3512 1045 3587 dixit,
1059 3532 1093 3576 se
1107 3531 1188 3575 num

163 3645 257 3708 quam
278 3628 318 3688 ab
339 3647 378 3691 ea
396 3625 473 3689 ceila
496 3626 723 3700 discessurum,
744 3627 799 3688 sed
819 3625 860 3687 ibi
879 3625 911 3687 in
926 3634 1112 3708 perpetuum
1127 3622 1188 3688 deo

163 3744 195 3798 et
207 3745 319 3800 sancto
332 3737 490 3801 Zoerardo
504 3739 704 3800 seruiturum.
728 3736 803 3799 fecit
817 3737 922 3819 itaque
938 3736 1024 3821 quod
1038 3734 1188 3820 promisit,

164 3855 194 3911 et
207 3869 310 3932 usqm
324 3849 364 3912 ad
378 3850 497 3913 obitum
516 3868 607 3912 suum
620 3849 662 3911 ibi
677 3849 859 3932 permansit.

243 4069 289 4156 (d)
310 4072 402 4139 diiud
417 4093 545 4159 quoqne
560 4073 627 4137 eius
641 4072 825 4137 miraculum
843 4091 1043 4158 nequaquam
1056 4071 1190 4135 reticere

163 4182 266 4265 udat,
286 4187 374 4275 quod
396 4187 511 4254 eodem
524 4185 669 4274 Philippo
691 4186 804 4256 abbate
825 4193 971 4253 nutante
991 4181 1138 4271 cognoui.
1156 4178 1191 4246 in
