2798 4764
216 320 283 407 'bbb
455 320 601 402 enarras
622 351 824 403 sr.rm‚1sns1
844 349 935 396 usare
956 325 1012 416 (tl).

223 493 277 596 uui
291 510 440 574 mirabilis
455 517 502 573 est
520 510 552 571 iu
566 509 680 572 sanctis
695 508 760 571 suis
774 506 895 590 gracias
910 514 1055 588 agentes,
1083 505 1144 568 iter
1158 524 1249 569 suum

222 621 290 687 sine
305 623 389 685 omui
403 621 596 685 hesitacioue
612 638 723 684 uersus
736 619 942 681 Waradiuum
957 617 1159 680 reduxerunt.

305 844 350 929 (9)
372 845 450 909 Cum
466 865 540 928 ergo
556 845 596 908 ad
611 845 784 927 predictam
799 845 956 906 ciuitatem
978 843 1198 925 peruenissent
1218 852 1250 906 et

223 958 361 1021 odicium
375 957 576 1020 humanitatis
591 957 793 1029 exhibentes,
815 953 975 1036 sepulture
989 955 1086 1037 ipsius
1101 955 1250 1018 assisten-

220 1076 280 1145 tes,
302 1069 429 1153 quidam
445 1069 484 1132 de
500 1069 773 1131 circumstantibus
792 1069 916 1130 dicebat
930 1086 1043 1148 corpus
1059 1067 1126 1129 eius
1142 1066 1251 1140 fetere,

220 1179 351 1264 reliquis
366 1181 510 1242 omuibus
524 1158 742 1242 suauissimam
758 1179 863 1243 odoris
884 1179 1093 1260 fragranciam
1107 1180 1251 1241 sencien-

221 1292 315 1357 tibus.
343 1300 493 1355 retortum
515 1301 564 1355 est
585 1292 680 1375 igitur
697 1291 768 1354 ilico
783 1299 922 1354 mentum
939 1291 1023 1365 eius,
1045 1298 1076 1353 et
1090 1288 1171 1353 tte'cti
1185 1308 1250 1353 nou

222 1410 356 1487 poterat.
385 1405 439 1487 qui
461 1423 495 1466 se
518 1404 620 1486 ipsum
642 1404 748 1466 diuina
769 1403 893 1465 ulcione
908 1403 1020 1464 uidens
1036 1422 1106 1465 esse
1121 1422 1250 1486 percus·
1291 1456 1293 1461 .

222 1512 309 1587 sum,
331 1514 552 1577 miserabiliter
571 1512 715 1577 eiulaudo
738 1514 903 1588 clamabat,
926 1515 1052 1575 diceus:
1075 1514 1202 1596 peccaui
1218 1514 1250 1575 in

223 1633 364 1686 sanctum
387 1626 454 1700 dei,
476 1634 507 1688 et
524 1626 694 1708 procidens
716 1603 977 1707 adsepulcbrum
1000 1626 1099 1688 sancti
1114 1626 1249 1688 Ladislai

223 1736 323 1818 regis,
345 1737 591 1799 misericordiam
607 1739 673 1798 eius
688 1747 723 1800 ut
736 1748 900 1801 sanaretur
916 1737 1108 1820 implorabat.
1139 1736 1249 1799 auulsa

224 1853 273 1908 est
286 1846 392 1930 itaque
407 1849 485 1910 cutis
501 1866 571 1909 cum
586 1868 680 1912 carne
696 1850 792 1911 menti
807 1851 871 1924 sui,
893 1869 955 1932 que
967 1850 1062 1912 dorso
1078 1848 1144 1912 eius
1159 1849 1250 1912 inhe-

222 1960 322 2024 rebat.
351 1968 382 2024 et
403 1960 470 2044 ipse
485 1961 612 2043 quidem
633 1962 796 2024 sanitatem
810 1962 1027 2043 recuperauit,
1049 1962 1105 2023 sed
1121 1961 1250 2023 cicatrix

223 2082 315 2157 rupte
340 2076 418 2137 cutis
440 2074 471 2136 in
496 2082 601 2137 mento
626 2074 693 2136 eius
718 2062 859 2136 occuluit.
897 2074 941 2136 sic
968 2092 1043 2156 ergo
1066 2074 1143 2136 dctis
1163 2073 1249 2136 illum

223 2188 434 2270 percucieudo
459 2207 590 2261 sanans,
627 2187 798 2251 timendum
823 2207 857 2249 se
881 2186 1000 2269 pariter
1026 2196 1057 2249 ct
1081 2187 1249 2249 amandum

223 2301 369 2364 ostendit.
397 2300 610 2362 necessarium
626 2301 731 2383 itaque
747 2300 824 2362 deus
838 2298 1038 2362 beatificandi
1053 2298 1179 2360 modum
1196 2300 1252 2361 ob-

223 2432 365 2486 seruans‚
387 2413 460 2474 dum
478 2411 585 2475 electis
599 2413 663 2475 suis
678 2433 748 2475 sese
762 2412 941 2494 participat,
963 2411 1047 2473 huuc
1061 2430 1152 2471 suum
1168 2411 1251 2473 elec-

222 2531 287 2586 tum
303 2525 334 2586 iu
350 2544 383 2586 se
399 2524 623 2605 transfigurans
639 2523 736 2605 regali
749 2523 928 2585 sublimauit
939 2523 1097 2605 dignitate.
1120 2532 1152 2584 et
1162 2523 1250 2587 sicud

222 2635 359 2696 interris
375 2636 477 2696 uicem
493 2653 580 2696 suam
597 2635 767 2716 gerendam
784 2634 811 2695 ei
829 2633 1000 2706 commisit,
1023 2633 1067 2694 sic
1081 2634 1113 2695 in
1129 2633 1251 2696 celesti-

222 2745 280 2807 bus
299 2746 403 2827 regnis
426 2765 621 2827 conregnare
638 2765 746 2807 secum
762 2745 898 2807 eundem
913 2745 1122 2818 constituens,
1144 2743 1250 2807 diuina

224 2856 254 2919 ei
272 2857 423 2938 sutfragia
442 2857 561 2918 cunctis
582 2857 685 2938 ipsum
706 2857 922 2918 innocentibus
945 2856 1090 2919 conferre
1111 2857 1251 2920 donauit.

223 2969 305 3032 cecis
319 2969 428 3051 itaque
443 2968 565 3042 uisum,
581 2968 682 3030 surdis
697 2969 857 3042 auditum,
872 2969 964 3030 mutis
979 2969 1151 3052 loquelam,
1167 2967 1251 3031 clau-

223 3079 271 3142 dis
286 3079 371 3142 dedit
385 3098 539 3162 gressum.
561 3086 593 3142 et
607 3080 730 3141 adiutor
741 3079 772 3140 in
784 3079 1046 3160 oportunitatibus
1059 3080 1251 3143 defensionis

223 3193 373 3257 solacium
402 3191 560 3275 oppressis
589 3190 750 3272 impendit.
785 3191 940 3274 siquidem
970 3191 1053 3255 lama
1081 3193 1250 3255 sanctitatis

221 3305 321 3388 ipsius
336 3305 459 3379 audita,
480 3303 615 3386 quedam
634 3303 724 3387 uirgo
739 3301 932 3385 paupercula
947 3305 1078 3366 ueniens
1094 3304 1133 3365 ad
1147 3301 1252 3384 sepul-

224 3417 334 3483 chrum
354 3417 436 3492 eins,
458 3416 606 3480 amissum
621 3434 811 3498 recuperare
826 3417 928 3479 uisum
942 3417 1134 3499 promeruit,
1157 3425 1187 3478 et
1201 3435 1252 3477 re·

224 3538 314 3611 cepta
329 3529 485 3612 corporali
503 3530 634 3592 sanitate
654 3529 733 3592 tanti
747 3529 843 3591 animi
858 3529 1085 3612 simplicitatem
1100 3527 1252 3608 percepit,

224 3648 258 3700 ut
272 3641 372 3701 eciam
386 3642 418 3702 in
434 3642 545 3723 spiritu
558 3642 697 3716 uisitata,
712 3641 860 3704 diuinitus
875 3661 946 3703 esse
960 3640 1151 3700 crederetur.
1174 3654 1251 3717 que-

223 3748 296 3811 dam
321 3758 425 3811 autem
451 3751 563 3814 nobilis
588 3752 710 3834 puella,
742 3751 815 3814 dum
842 3750 1003 3812 oculorum
1028 3746 1099 3808 uisu
1129 3745 1252 3825 priuata

222 3858 348 3932 fuisset,
377 3867 519 3922 ettotam
541 3864 673 3924 carnalis
688 3861 843 3924 medicine
862 3880 951 3942 spem
975 3856 1145 3930 amisisset,
1167 3858 1250 3939 apud

221 3968 424 4050 sepulchrum
452 3969 594 4034 eiusdem
623 3990 642 4034 a
669 3973 733 4036 suis
755 3969 904 4037 derelicta
930 3968 1129 4053 parentibus,
1159 3988 1251 4053 egros

223 4078 332 4144 oculos
346 4080 487 4143 inaudito
502 4082 596 4144 modo
607 4082 691 4144 sanis
703 4081 916 4145 commutauit.
938 4102 1010 4144 nam
1023 4101 1093 4146 cum
1108 4083 1257 4166 augustia

223 4192 339 4257 doloris
359 4203 390 4258 et
411 4194 547 4277 dampno
568 4194 782 4259 membrorum
800 4193 942 4278 lugubris
962 4195 1135 4260 defluentes
1161 4197 1252 4260 lacri-
