<?xml version="1.0" encoding="UTF-8"?>
<!DOCTYPE html PUBLIC "-//W3C//DTD XHTML 1.0 Transitional//EN"
    "http://www.w3.org/TR/xhtml1/DTD/xhtml1-transitional.dtd">
<html xmlns="http://www.w3.org/1999/xhtml" xml:lang="en" lang="en">
 <head>
  <title>
</title>
<meta http-equiv="Content-Type" content="text/html;charset=utf-8" />
  <meta name='ocr-system' content='tesseract 3.04.00' />
  <meta name='ocr-capabilities' content='ocr_page ocr_carea ocr_par ocr_line ocrx_word'/>
</head>
<body>
  <div class='ocr_page' id='page_1' title='image "./rerumhungaricar00endlgoog/rerumhungaricar00endlgoog_0489.png"; bbox 0 0 2798 4764; ppageno 0'>
   <div class='ocr_carea' id='block_1_1' title="bbox 214 320 1144 407">
    <p class='ocr_par' dir='ltr' id='par_1_1' title="bbox 214 320 1144 407">
     <span class='ocr_line' id='line_1_1' title="bbox 214 320 1144 407; baseline 0.002 -10"><span class='ocrx_word' id='word_1_1' title='bbox 214 320 282 397; x_wconf 57' lang='lat'><strong>48⁰</strong></span> <span class='ocrx_word' id='word_1_2' title='bbox 317 324 644 407; x_wconf 55' lang='lat' dir='ltr'><strong>mnu-arearum</strong></span> <span class='ocrx_word' id='word_1_3' title='bbox 656 348 747 397; x_wconf 73' lang='lat' dir='ltr'><strong>nuru</strong></span> <span class='ocrx_word' id='word_1_4' title='bbox 759 348 859 398; x_wconf 76' lang='lat' dir='ltr'><strong>nau</strong></span> <span class='ocrx_word' id='word_1_5' title='bbox 872 350 904 397; x_wconf 85' lang='lat' dir='ltr'><strong>rr</strong></span> <span class='ocrx_word' id='word_1_6' title='bbox 916 348 1028 397; x_wconf 76' lang='lat' dir='ltr'><strong>mure.</strong></span> <span class='ocrx_word' id='word_1_7' title='bbox 1050 330 1144 399; x_wconf 61' lang='lat' dir='ltr'><strong>tm</strong></span> 
     </span>
    </p>
   </div>
   <div class='ocr_carea' id='block_1_2' title="bbox 126 486 1249 3040">
    <p class='ocr_par' dir='ltr' id='par_1_2' title="bbox 212 486 1248 699">
     <span class='ocr_line' id='line_1_2' title="bbox 212 486 1248 589; baseline 0.003 -21"><span class='ocrx_word' id='word_1_8' title='bbox 212 486 328 569; x_wconf 60' lang='lat' dir='ltr'><strong>menaea</strong></span> <span class='ocrx_word' id='word_1_9' title='bbox 348 502 515 567; x_wconf 76' lang='lat' dir='ltr'><strong>Griaieneie</strong></span> <span class='ocrx_word' id='word_1_10' title='bbox 535 522 595 567; x_wconf 85' lang='lat' dir='ltr'><strong>nee</strong></span> <span class='ocrx_word' id='word_1_11' title='bbox 612 503 753 569; x_wconf 84' lang='lat' dir='ltr'><strong>iudieare</strong></span> <span class='ocrx_word' id='word_1_12' title='bbox 776 524 838 570; x_wconf 85' lang='lat' dir='ltr'><strong>nee</strong></span> <span class='ocrx_word' id='word_1_13' title='bbox 861 505 1054 570; x_wconf 72' lang='lat' dir='ltr'><strong>descendere</strong></span> <span class='ocrx_word' id='word_1_14' title='bbox 1074 525 1171 589; x_wconf 79' lang='lat' dir='ltr'><strong>super</strong></span> <span class='ocrx_word' id='word_1_15' title='bbox 1192 525 1248 571; x_wconf 78' lang='lat' dir='ltr'><strong>ees</strong></span> 
     </span>
     <span class='ocr_line' id='line_1_3' title="bbox 217 614 671 699; baseline -0.007 -18"><span class='ocrx_word' id='word_1_16' title='bbox 217 622 375 681; x_wconf 78' lang='lat' dir='ltr'><strong>teneatur.</strong></span> <span class='ocrx_word' id='word_1_17' title='bbox 397 614 547 679; x_wconf 76' lang='lat' dir='ltr'><strong>{totumue</strong></span> <span class='ocrx_word' id='word_1_18' title='bbox 560 615 671 699; x_wconf 87' lang='lat' dir='ltr'><strong>igitur:</strong></span> 
     </span>
    </p>

    <p class='ocr_par' dir='ltr' id='par_1_3' title="bbox 301 727 1248 814">
     <span class='ocr_line' id='line_1_4' title="bbox 301 727 1248 814; baseline 0.006 -25"><span class='ocrx_word' id='word_1_19' title='bbox 301 729 362 803; x_wconf 92' lang='lat'><strong>(1)</strong></span> <span class='ocrx_word' id='word_1_20' title='bbox 383 728 470 810; x_wconf 86' lang='lat' dir='ltr'><strong>quud</strong></span> <span class='ocrx_word' id='word_1_21' title='bbox 491 727 609 791; x_wconf 83' lang='lat' dir='ltr'><strong>nuttam</strong></span> <span class='ocrx_word' id='word_1_22' title='bbox 631 728 794 793; x_wconf 74' lang='lat' dir='ltr'><strong>collectam</strong></span> <span class='ocrx_word' id='word_1_23' title='bbox 812 729 938 793; x_wconf 77' lang='lat' dir='ltr'><strong>uoluere</strong></span> <span class='ocrx_word' id='word_1_24' title='bbox 958 730 1096 793; x_wconf 85' lang='lat' dir='ltr'><strong>debeant</strong></span> <span class='ocrx_word' id='word_1_25' title='bbox 1108 730 1248 814; x_wconf 76' lang='lat' dir='ltr'><strong>hospites</strong></span> 
     </span>
    </p>

    <p class='ocr_par' dir='ltr' id='par_1_4' title="bbox 211 838 1249 1575">
     <span class='ocr_line' id='line_1_5' title="bbox 219 838 1249 923; baseline 0 -19"><span class='ocrx_word' id='word_1_26' title='bbox 219 839 378 905; x_wconf 77' lang='lat' dir='ltr'><strong>antedicti.</strong></span> <span class='ocrx_word' id='word_1_27' title='bbox 404 860 464 922; x_wconf 88' lang='lat' dir='ltr'><strong>pru</strong></span> <span class='ocrx_word' id='word_1_28' title='bbox 482 838 624 903; x_wconf 74' lang='lat' dir='ltr'><strong>libertate</strong></span> <span class='ocrx_word' id='word_1_29' title='bbox 647 849 753 903; x_wconf 85' lang='lat' dir='ltr'><strong>autem</strong></span> <span class='ocrx_word' id='word_1_30' title='bbox 770 841 926 923; x_wconf 84' lang='lat' dir='ltr'><strong>ipserum,</strong></span> <span class='ocrx_word' id='word_1_31' title='bbox 945 841 978 903; x_wconf 91' lang='lat' dir='ltr'><strong>in</strong></span> <span class='ocrx_word' id='word_1_32' title='bbox 999 841 1096 905; x_wconf 86' lang='lat' dir='ltr'><strong>tereio</strong></span> <span class='ocrx_word' id='word_1_33' title='bbox 1117 860 1201 905; x_wconf 88' lang='lat' dir='ltr'><strong>annu</strong></span> <span class='ocrx_word' id='word_1_34' title='bbox 1229 860 1249 904; x_wconf 87' lang='lat' dir='ltr'><strong>a</strong></span> 
     </span>
     <span class='ocr_line' id='line_1_6' title="bbox 216 942 1248 1036; baseline 0.001 -20"><span class='ocrx_word' id='word_1_35' title='bbox 216 942 293 1017; x_wconf 70' lang='lat' dir='ltr'><strong>&#39;tiata</strong></span> <span class='ocrx_word' id='word_1_36' title='bbox 306 950 523 1035; x_wconf 72' lang='lat' dir='ltr'><strong>presencium,</strong></span> <span class='ocrx_word' id='word_1_37' title='bbox 543 951 585 1015; x_wconf 88' lang='lat' dir='ltr'><strong>de</strong></span> <span class='ocrx_word' id='word_1_38' title='bbox 604 951 745 1035; x_wconf 78' lang='lat' dir='ltr'><strong>qualibet</strong></span> <span class='ocrx_word' id='word_1_39' title='bbox 763 962 853 1034; x_wconf 86' lang='lat' dir='ltr'><strong>perta</strong></span> <span class='ocrx_word' id='word_1_40' title='bbox 873 953 1080 1036; x_wconf 86' lang='lat' dir='ltr'><strong>quadraginta</strong></span> <span class='ocrx_word' id='word_1_41' title='bbox 1101 954 1248 1017; x_wconf 86' lang='lat' dir='ltr'><strong>denarios</strong></span> 
     </span>
     <span class='ocr_line' id='line_1_7' title="bbox 214 1064 1103 1148; baseline -0.003 -17"><span class='ocrx_word' id='word_1_42' title='bbox 214 1064 312 1140; x_wconf 73' lang='lat' dir='ltr'><strong>amo,</strong></span> <span class='ocrx_word' id='word_1_43' title='bbox 334 1084 391 1148; x_wconf 91' lang='lat' dir='ltr'><strong>pru</strong></span> <span class='ocrx_word' id='word_1_44' title='bbox 405 1072 546 1147; x_wconf 88' lang='lat' dir='ltr'><strong>tempure</strong></span> <span class='ocrx_word' id='word_1_45' title='bbox 564 1065 743 1139; x_wconf 73' lang='lat' dir='ltr'><strong>enneminta,</strong></span> <span class='ocrx_word' id='word_1_46' title='bbox 763 1064 889 1128; x_wconf 84' lang='lat' dir='ltr'><strong>minere</strong></span> <span class='ocrx_word' id='word_1_47' title='bbox 903 1067 1103 1129; x_wconf 86' lang='lat' dir='ltr'><strong>tenebuntur.</strong></span> 
     </span>
     <span class='ocr_line' id='line_1_8' title="bbox 301 1174 1249 1258; baseline 0.002 -18.85"><span class='ocrx_word' id='word_1_48' title='bbox 301 1174 361 1253; x_wconf 75' lang='lat'><strong>(2)</strong></span> <span class='ocrx_word' id='word_1_49' title='bbox 381 1174 497 1239; x_wconf 80' lang='lat' dir='ltr'><strong>Forum</strong></span> <span class='ocrx_word' id='word_1_50' title='bbox 513 1174 598 1239; x_wconf 86' lang='lat' dir='ltr'><strong>enim</strong></span> <span class='ocrx_word' id='word_1_51' title='bbox 611 1174 770 1258; x_wconf 80' lang='lat' dir='ltr'><strong>ipserum,</strong></span> <span class='ocrx_word' id='word_1_52' title='bbox 790 1194 809 1239; x_wconf 84' lang='lat' dir='ltr'><strong>a</strong></span> <span class='ocrx_word' id='word_1_53' title='bbox 829 1176 922 1241; x_wconf 77' lang='lat' dir='ltr'><strong>nubis</strong></span> <span class='ocrx_word' id='word_1_54' title='bbox 942 1194 1145 1252; x_wconf 76' lang='lat' dir='ltr'><strong>eoncessum,</strong></span> <span class='ocrx_word' id='word_1_55' title='bbox 1165 1177 1249 1241; x_wconf 84' lang='lat' dir='ltr'><strong>eete-</strong></span> 
     </span>
     <span class='ocr_line' id='line_1_9' title="bbox 217 1286 1247 1362; baseline -0.003 -9"><span class='ocrx_word' id='word_1_56' title='bbox 217 1286 327 1353; x_wconf 77' lang='lat' dir='ltr'><strong>uretur</strong></span> <span class='ocrx_word' id='word_1_57' title='bbox 347 1286 444 1351; x_wconf 86' lang='lat' dir='ltr'><strong>tereiu</strong></span> <span class='ocrx_word' id='word_1_58' title='bbox 460 1286 558 1362; x_wconf 79' lang='lat' dir='ltr'><strong>seria,</strong></span> <span class='ocrx_word' id='word_1_59' title='bbox 579 1288 620 1351; x_wconf 82' lang='lat' dir='ltr'><strong>de</strong></span> <span class='ocrx_word' id='word_1_60' title='bbox 634 1286 725 1350; x_wconf 73' lang='lat' dir='ltr'><strong>euius</strong></span> <span class='ocrx_word' id='word_1_61' title='bbox 746 1287 863 1352; x_wconf 86' lang='lat' dir='ltr'><strong>tribute</strong></span> <span class='ocrx_word' id='word_1_62' title='bbox 875 1288 909 1349; x_wconf 92' lang='lat' dir='ltr'><strong>in</strong></span> <span class='ocrx_word' id='word_1_63' title='bbox 924 1287 1036 1351; x_wconf 88' lang='lat' dir='ltr'><strong>eudem</strong></span> <span class='ocrx_word' id='word_1_64' title='bbox 1051 1307 1134 1352; x_wconf 89' lang='lat' dir='ltr'><strong>anno</strong></span> <span class='ocrx_word' id='word_1_65' title='bbox 1147 1288 1247 1352; x_wconf 80' lang='lat' dir='ltr'><strong>ternio</strong></span> 
     </span>
     <span class='ocr_line' id='line_1_10' title="bbox 218 1398 1247 1483; baseline 0.001 -20"><span class='ocrx_word' id='word_1_66' title='bbox 218 1398 282 1463; x_wconf 81' lang='lat' dir='ltr'><strong>tine</strong></span> <span class='ocrx_word' id='word_1_67' title='bbox 296 1407 403 1482; x_wconf 83' lang='lat' dir='ltr'><strong>partes</strong></span> <span class='ocrx_word' id='word_1_68' title='bbox 415 1399 517 1473; x_wconf 86' lang='lat' dir='ltr'><strong>hane,</strong></span> <span class='ocrx_word' id='word_1_69' title='bbox 538 1398 637 1463; x_wconf 82' lang='lat' dir='ltr'><strong>tercia</strong></span> <span class='ocrx_word' id='word_1_70' title='bbox 650 1416 729 1463; x_wconf 87' lang='lat' dir='ltr'><strong>uere</strong></span> <span class='ocrx_word' id='word_1_71' title='bbox 742 1418 815 1482; x_wconf 84' lang='lat' dir='ltr'><strong>pura</strong></span> <span class='ocrx_word' id='word_1_72' title='bbox 830 1398 906 1480; x_wconf 73' lang='lat' dir='ltr'><strong>ipsiu</strong></span> <span class='ocrx_word' id='word_1_73' title='bbox 925 1398 1099 1482; x_wconf 78' lang='lat' dir='ltr'><strong>hospitibus</strong></span> <span class='ocrx_word' id='word_1_74' title='bbox 1119 1398 1247 1483; x_wconf 79' lang='lat' dir='ltr'><strong>incipiat</strong></span> 
     </span>
     <span class='ocr_line' id='line_1_11' title="bbox 211 1506 399 1575; baseline -0.016 0"><span class='ocrx_word' id='word_1_75' title='bbox 211 1506 399 1575; x_wconf 78' lang='lat' dir='ltr'><strong>&#39;ministrari</strong></span> 
     </span>
    </p>

    <p class='ocr_par' dir='ltr' id='par_1_5' title="bbox 299 1618 1247 1704">
     <span class='ocr_line' id='line_1_12' title="bbox 299 1618 1247 1704; baseline 0.001 -21"><span class='ocrx_word' id='word_1_76' title='bbox 299 1620 362 1696; x_wconf 79' lang='lat'><strong>(³)</strong></span> <span class='ocrx_word' id='word_1_77' title='bbox 384 1618 501 1684; x_wconf 73' lang='lat' dir='ltr'><strong>Omnes</strong></span> <span class='ocrx_word' id='word_1_78' title='bbox 520 1625 626 1684; x_wconf 75' lang='lat' dir='ltr'><strong>auten</strong></span> <span class='ocrx_word' id='word_1_79' title='bbox 641 1638 768 1695; x_wconf 81' lang='lat' dir='ltr'><strong>eauaas,</strong></span> <span class='ocrx_word' id='word_1_80' title='bbox 788 1627 852 1684; x_wconf 86' lang='lat' dir='ltr'><strong>tam</strong></span> <span class='ocrx_word' id='word_1_81' title='bbox 868 1622 1016 1696; x_wconf 78' lang='lat' dir='ltr'><strong>maiores,</strong></span> <span class='ocrx_word' id='word_1_82' title='bbox 1037 1640 1132 1704; x_wconf 87' lang='lat' dir='ltr'><strong>quam</strong></span> <span class='ocrx_word' id='word_1_83' title='bbox 1148 1622 1247 1685; x_wconf 89' lang='lat' dir='ltr'><strong>minu-</strong></span> 
     </span>
    </p>

    <p class='ocr_par' dir='ltr' id='par_1_6' title="bbox 126 1731 1247 2818">
     <span class='ocr_line' id='line_1_13' title="bbox 217 1731 1247 1817; baseline 0 -21"><span class='ocrx_word' id='word_1_84' title='bbox 217 1746 281 1808; x_wconf 77' lang='lat' dir='ltr'><strong>rea,</strong></span> <span class='ocrx_word' id='word_1_85' title='bbox 294 1732 362 1797; x_wconf 79' lang='lat' dir='ltr'><strong>uiue</strong></span> <span class='ocrx_word' id='word_1_86' title='bbox 375 1731 409 1794; x_wconf 90' lang='lat' dir='ltr'><strong>in</strong></span> <span class='ocrx_word' id='word_1_87' title='bbox 423 1732 475 1796; x_wconf 86' lang='lat' dir='ltr'><strong>die</strong></span> <span class='ocrx_word' id='word_1_88' title='bbox 490 1731 569 1806; x_wconf 80' lang='lat' dir='ltr'><strong>iuri,</strong></span> <span class='ocrx_word' id='word_1_89' title='bbox 586 1733 655 1795; x_wconf 84' lang='lat' dir='ltr'><strong>aiue</strong></span> <span class='ocrx_word' id='word_1_90' title='bbox 668 1732 701 1795; x_wconf 88' lang='lat' dir='ltr'><strong>in</strong></span> <span class='ocrx_word' id='word_1_91' title='bbox 714 1732 783 1797; x_wconf 81' lang='lat' dir='ltr'><strong>uliia</strong></span> <span class='ocrx_word' id='word_1_92' title='bbox 797 1733 910 1797; x_wconf 77' lang='lat' dir='ltr'><strong>diebus</strong></span> <span class='ocrx_word' id='word_1_93' title='bbox 924 1741 1134 1817; x_wconf 73' lang='lat' dir='ltr'><strong>emergentes,</strong></span> <span class='ocrx_word' id='word_1_94' title='bbox 1147 1736 1247 1798; x_wconf 85' lang='lat' dir='ltr'><strong>maier</strong></span> 
     </span>
     <span class='ocr_line' id='line_1_14' title="bbox 126 1826 1246 1929; baseline 0.002 -21"><span class='ocrx_word' id='word_1_95' title='bbox 126 1826 137 1843; x_wconf 63' lang='lat'>⁸</span> <span class='ocrx_word' id='word_1_96' title='bbox 216 1843 310 1918; x_wconf 82' lang='lat' dir='ltr'><strong>uilia,</strong></span> <span class='ocrx_word' id='word_1_97' title='bbox 337 1862 432 1925; x_wconf 88' lang='lat' dir='ltr'><strong>quem</strong></span> <span class='ocrx_word' id='word_1_98' title='bbox 457 1844 634 1907; x_wconf 83' lang='lat' dir='ltr'><strong>eommunia</strong></span> <span class='ocrx_word' id='word_1_99' title='bbox 655 1843 790 1926; x_wconf 72' lang='lat' dir='ltr'><strong>populun</strong></span> <span class='ocrx_word' id='word_1_100' title='bbox 812 1844 961 1927; x_wconf 87' lang='lat' dir='ltr'><strong>elegerit,</strong></span> <span class='ocrx_word' id='word_1_101' title='bbox 989 1845 1103 1910; x_wconf 83' lang='lat' dir='ltr'><strong>debeat</strong></span> <span class='ocrx_word' id='word_1_102' title='bbox 1120 1847 1246 1929; x_wconf 78' lang='lat' dir='ltr'><strong>penitus</strong></span> 
     </span>
     <span class='ocr_line' id='line_1_15' title="bbox 214 1954 415 2021; baseline -0.015 0"><span class='ocrx_word' id='word_1_103' title='bbox 214 1954 366 2021; x_wconf 79' lang='lat' dir='ltr'><strong>iudieare.</strong></span> <span class='ocrx_word' id='word_1_104' title='bbox 412 1982 415 1987; x_wconf 96' lang='lat'>·</span> 
     </span>
     <span class='ocr_line' id='line_1_16' title="bbox 230 2065 1246 2152; baseline 0.004 -22"><span class='ocrx_word' id='word_1_105' title='bbox 230 2082 239 2113; x_wconf 91' lang='grc'><strong>·-</strong></span> <span class='ocrx_word' id='word_1_106' title='bbox 299 2065 363 2145; x_wconf 72' lang='lat' dir='ltr'><strong>(i)</strong></span> <span class='ocrx_word' id='word_1_107' title='bbox 381 2066 482 2131; x_wconf 71' lang='lat' dir='ltr'><strong>Maior</strong></span> <span class='ocrx_word' id='word_1_108' title='bbox 500 2086 581 2131; x_wconf 86' lang='lat' dir='ltr'><strong>uere</strong></span> <span class='ocrx_word' id='word_1_109' title='bbox 598 2066 690 2143; x_wconf 86' lang='lat' dir='ltr'><strong>uiile,</strong></span> <span class='ocrx_word' id='word_1_110' title='bbox 710 2069 738 2131; x_wconf 83' lang='lat' dir='ltr'><strong>ai</strong></span> <span class='ocrx_word' id='word_1_111' title='bbox 757 2068 994 2152; x_wconf 70' lang='lat' dir='ltr'><strong>querelantibus</strong></span> <span class='ocrx_word' id='word_1_112' title='bbox 1014 2070 1169 2134; x_wconf 81' lang='lat' dir='ltr'><strong>iusticiam</strong></span> <span class='ocrx_word' id='word_1_113' title='bbox 1190 2070 1246 2134; x_wconf 88' lang='lat' dir='ltr'><strong>de·</strong></span> 
     </span>
     <span class='ocr_line' id='line_1_17' title="bbox 216 2178 1244 2264; baseline -0.001 -20"><span class='ocrx_word' id='word_1_114' title='bbox 216 2188 366 2264; x_wconf 80' lang='lat' dir='ltr'><strong>negaret,</strong></span> <span class='ocrx_word' id='word_1_115' title='bbox 384 2179 469 2242; x_wconf 83' lang='lat' dir='ltr'><strong>idem</strong></span> <span class='ocrx_word' id='word_1_116' title='bbox 483 2179 584 2242; x_wconf 83' lang='lat' dir='ltr'><strong>maior</strong></span> <span class='ocrx_word' id='word_1_117' title='bbox 597 2178 671 2242; x_wconf 86' lang='lat' dir='ltr'><strong>uiile</strong></span> <span class='ocrx_word' id='word_1_118' title='bbox 685 2198 792 2242; x_wconf 85' lang='lat' dir='ltr'><strong>euram</strong></span> <span class='ocrx_word' id='word_1_119' title='bbox 811 2181 976 2262; x_wconf 69' lang='lat' dir='ltr'><strong>presencia</strong></span> <span class='ocrx_word' id='word_1_120' title='bbox 989 2180 1086 2243; x_wconf 81' lang='lat' dir='ltr'><strong>aulius</strong></span> <span class='ocrx_word' id='word_1_121' title='bbox 1099 2182 1174 2244; x_wconf 84' lang='lat' dir='ltr'><strong>bani</strong></span> <span class='ocrx_word' id='word_1_122' title='bbox 1189 2200 1244 2263; x_wconf 90' lang='lat' dir='ltr'><strong>pro</strong></span> 
     </span>
     <span class='ocr_line' id='line_1_18' title="bbox 215 2291 1245 2376; baseline -0.003 -18"><span class='ocrx_word' id='word_1_123' title='bbox 215 2300 360 2376; x_wconf 80' lang='lat' dir='ltr'><strong>tempere</strong></span> <span class='ocrx_word' id='word_1_124' title='bbox 373 2292 533 2357; x_wconf 78' lang='lat' dir='ltr'><strong>eonstituti</strong></span> <span class='ocrx_word' id='word_1_125' title='bbox 554 2291 734 2375; x_wconf 80' lang='lat' dir='ltr'><strong>impetatur.</strong></span> <span class='ocrx_word' id='word_1_126' title='bbox 760 2291 871 2354; x_wconf 84' lang='lat' dir='ltr'><strong>citaeie</strong></span> <span class='ocrx_word' id='word_1_127' title='bbox 888 2291 1008 2374; x_wconf 85' lang='lat' dir='ltr'><strong>quippe</strong></span> <span class='ocrx_word' id='word_1_128' title='bbox 1024 2291 1152 2354; x_wconf 85' lang='lat' dir='ltr'><strong>maioris</strong></span> <span class='ocrx_word' id='word_1_129' title='bbox 1171 2292 1245 2356; x_wconf 84' lang='lat' dir='ltr'><strong>uiiie</strong></span> 
     </span>
     <span class='ocr_line' id='line_1_19' title="bbox 215 2402 1244 2486; baseline -0.002 -16"><span class='ocrx_word' id='word_1_130' title='bbox 215 2424 281 2470; x_wconf 87' lang='lat' dir='ltr'><strong>uun</strong></span> <span class='ocrx_word' id='word_1_131' title='bbox 293 2405 394 2479; x_wconf 85' lang='lat' dir='ltr'><strong>aliter,</strong></span> <span class='ocrx_word' id='word_1_132' title='bbox 407 2404 467 2467; x_wconf 84' lang='lat' dir='ltr'><strong>niei</strong></span> <span class='ocrx_word' id='word_1_133' title='bbox 480 2422 553 2467; x_wconf 87' lang='lat' dir='ltr'><strong>eum</strong></span> <span class='ocrx_word' id='word_1_134' title='bbox 567 2402 757 2486; x_wconf 76' lang='lat' dir='ltr'><strong>specialibus</strong></span> <span class='ocrx_word' id='word_1_135' title='bbox 769 2402 881 2467; x_wconf 77' lang='lat' dir='ltr'><strong>titteris</strong></span> <span class='ocrx_word' id='word_1_136' title='bbox 895 2402 977 2477; x_wconf 86' lang='lat' dir='ltr'><strong>bani,</strong></span> <span class='ocrx_word' id='word_1_137' title='bbox 991 2403 1150 2467; x_wconf 84' lang='lat' dir='ltr'><strong>mediante</strong></span> <span class='ocrx_word' id='word_1_138' title='bbox 1160 2406 1244 2468; x_wconf 84' lang='lat' dir='ltr'><strong>beno</strong></span> 
     </span>
     <span class='ocr_line' id='line_1_20' title="bbox 214 2513 1246 2597; baseline -0.001 -17"><span class='ocrx_word' id='word_1_139' title='bbox 214 2515 410 2588; x_wconf 67' lang='lat' dir='ltr'><strong>testimonie,</strong></span> <span class='ocrx_word' id='word_1_140' title='bbox 437 2513 505 2577; x_wconf 85' lang='lat' dir='ltr'><strong>tieri</strong></span> <span class='ocrx_word' id='word_1_141' title='bbox 529 2514 660 2588; x_wconf 87' lang='lat' dir='ltr'><strong>debeat,</strong></span> <span class='ocrx_word' id='word_1_142' title='bbox 688 2524 721 2578; x_wconf 92' lang='lat' dir='ltr'><strong>et</strong></span> <span class='ocrx_word' id='word_1_143' title='bbox 742 2514 811 2597; x_wconf 89' lang='lat' dir='ltr'><strong>ipse</strong></span> <span class='ocrx_word' id='word_1_144' title='bbox 832 2514 932 2578; x_wconf 87' lang='lat' dir='ltr'><strong>maier</strong></span> <span class='ocrx_word' id='word_1_145' title='bbox 954 2515 1028 2577; x_wconf 85' lang='lat' dir='ltr'><strong>uiile</strong></span> <span class='ocrx_word' id='word_1_146' title='bbox 1048 2515 1160 2579; x_wconf 76' lang='lat' dir='ltr'><strong>citatus</strong></span> <span class='ocrx_word' id='word_1_147' title='bbox 1187 2536 1246 2597; x_wconf 88' lang='lat' dir='ltr'><strong>per</strong></span> 
     </span>
     <span class='ocr_line' id='line_1_21' title="bbox 214 2624 1245 2709; baseline -0.002 -18"><span class='ocrx_word' id='word_1_148' title='bbox 214 2627 397 2709; x_wconf 84' lang='lat' dir='ltr'><strong>quempiam</strong></span> <span class='ocrx_word' id='word_1_149' title='bbox 418 2626 552 2698; x_wconf 75' lang='lat' dir='ltr'><strong>bunum,</strong></span> <span class='ocrx_word' id='word_1_150' title='bbox 574 2624 657 2690; x_wconf 77' lang='lat' dir='ltr'><strong>ultra</strong></span> <span class='ocrx_word' id='word_1_151' title='bbox 677 2624 762 2688; x_wconf 81' lang='lat' dir='ltr'><strong>Gezd</strong></span> <span class='ocrx_word' id='word_1_152' title='bbox 786 2634 818 2689; x_wconf 92' lang='lat' dir='ltr'><strong>et</strong></span> <span class='ocrx_word' id='word_1_153' title='bbox 838 2626 920 2689; x_wconf 85' lang='lat' dir='ltr'><strong>ultra</strong></span> <span class='ocrx_word' id='word_1_154' title='bbox 940 2626 1078 2688; x_wconf 86' lang='lat' dir='ltr'><strong>Drauum</strong></span> <span class='ocrx_word' id='word_1_155' title='bbox 1105 2646 1167 2689; x_wconf 91' lang='lat' dir='ltr'><strong>non</strong></span> <span class='ocrx_word' id='word_1_156' title='bbox 1194 2647 1245 2689; x_wconf 84' lang='lat' dir='ltr'><strong>ae-</strong></span> 
     </span>
     <span class='ocr_line' id='line_1_22' title="bbox 213 2745 339 2818; baseline -0.008 -19"><span class='ocrx_word' id='word_1_157' title='bbox 213 2745 339 2818; x_wconf 82' lang='lat' dir='ltr'><strong>quatur.</strong></span> 
     </span>
    </p>

    <p class='ocr_par' dir='ltr' id='par_1_7' title="bbox 214 2846 1245 3040">
     <span class='ocr_line' id='line_1_23' title="bbox 297 2846 1245 2930; baseline 0.003 -22"><span class='ocrx_word' id='word_1_158' title='bbox 297 2848 358 2923; x_wconf 81' lang='lat'><strong>(5)</strong></span> <span class='ocrx_word' id='word_1_159' title='bbox 379 2846 529 2909; x_wconf 83' lang='lat' dir='ltr'><strong>Uuiumus</strong></span> <span class='ocrx_word' id='word_1_160' title='bbox 544 2847 644 2910; x_wconf 84' lang='lat' dir='ltr'><strong>eciam</strong></span> <span class='ocrx_word' id='word_1_161' title='bbox 659 2849 744 2929; x_wconf 89' lang='lat' dir='ltr'><strong>quod</strong></span> <span class='ocrx_word' id='word_1_162' title='bbox 768 2867 864 2930; x_wconf 80' lang='lat' dir='ltr'><strong>super</strong></span> <span class='ocrx_word' id='word_1_163' title='bbox 879 2866 1066 2930; x_wconf 80' lang='lat' dir='ltr'><strong>quacunque</strong></span> <span class='ocrx_word' id='word_1_164' title='bbox 1081 2868 1176 2911; x_wconf 84' lang='lat' dir='ltr'><strong>eausa</strong></span> <span class='ocrx_word' id='word_1_165' title='bbox 1191 2868 1245 2911; x_wconf 84' lang='lat' dir='ltr'><strong>ee-</strong></span> 
     </span>
     <span class='ocr_line' id='line_1_24' title="bbox 214 2956 1243 3040; baseline -0.002 -17"><span class='ocrx_word' id='word_1_166' title='bbox 214 2976 283 3023; x_wconf 76' lang='lat' dir='ltr'><strong>rum</strong></span> <span class='ocrx_word' id='word_1_167' title='bbox 303 2956 406 3031; x_wconf 77' lang='lat' dir='ltr'><strong>nobie,</strong></span> <span class='ocrx_word' id='word_1_168' title='bbox 432 2958 485 3021; x_wconf 83' lang='lat' dir='ltr'><strong>uei</strong></span> <span class='ocrx_word' id='word_1_169' title='bbox 498 2956 619 3021; x_wconf 85' lang='lat' dir='ltr'><strong>maiore</strong></span> <span class='ocrx_word' id='word_1_170' title='bbox 631 2958 707 3022; x_wconf 85' lang='lat' dir='ltr'><strong>uitte</strong></span> <span class='ocrx_word' id='word_1_171' title='bbox 722 2965 917 3040; x_wconf 74' lang='lat' dir='ltr'><strong>emergente,</strong></span> <span class='ocrx_word' id='word_1_172' title='bbox 938 2958 1103 3040; x_wconf 82' lang='lat' dir='ltr'><strong>productio</strong></span> <span class='ocrx_word' id='word_1_173' title='bbox 1118 2960 1243 3023; x_wconf 86' lang='lat' dir='ltr'><strong>testium</strong></span> 
     </span>
    </p>
   </div>
   <div class='ocr_carea' id='block_1_3' title="bbox 88 3069 1244 3153">
    <p class='ocr_par' dir='ltr' id='par_1_8' title="bbox 88 3069 1244 3153">
     <span class='ocr_line' id='line_1_25' title="bbox 88 3069 1244 3153; baseline -0.003 -17"><span class='ocrx_word' id='word_1_174' title='bbox 88 3138 95 3153; x_wconf 66' lang='lat'><em>‚</em></span> <span class='ocrx_word' id='word_1_175' title='bbox 216 3070 257 3135; x_wconf 72' lang='lat' dir='ltr'><strong>de</strong></span> <span class='ocrx_word' id='word_1_176' title='bbox 272 3070 440 3144; x_wconf 85' lang='lat' dir='ltr'><strong>extraneis,</strong></span> <span class='ocrx_word' id='word_1_177' title='bbox 461 3070 521 3132; x_wconf 86' lang='lat' dir='ltr'><strong>niai</strong></span> <span class='ocrx_word' id='word_1_178' title='bbox 535 3071 576 3132; x_wconf 85' lang='lat' dir='ltr'><strong>de</strong></span> <span class='ocrx_word' id='word_1_179' title='bbox 591 3072 702 3135; x_wconf 81' lang='lat' dir='ltr'><strong>eadem</strong></span> <span class='ocrx_word' id='word_1_180' title='bbox 716 3069 800 3145; x_wconf 83' lang='lat' dir='ltr'><strong>uilia,</strong></span> <span class='ocrx_word' id='word_1_181' title='bbox 813 3071 990 3153; x_wconf 70' lang='lat' dir='ltr'><strong>impetuose</strong></span> <span class='ocrx_word' id='word_1_182' title='bbox 1004 3090 1068 3132; x_wconf 91' lang='lat' dir='ltr'><strong>nen</strong></span> <span class='ocrx_word' id='word_1_183' title='bbox 1083 3072 1244 3133; x_wconf 88' lang='lat' dir='ltr'><strong>commita-</strong></span> 
     </span>
    </p>
   </div>
   <div class='ocr_carea' id='block_1_4' title="bbox 206 3180 1246 4158">
    <p class='ocr_par' dir='ltr' id='par_1_9' title="bbox 214 3180 985 3265">
     <span class='ocr_line' id='line_1_26' title="bbox 214 3180 985 3265; baseline -0.006 -18"><span class='ocrx_word' id='word_1_184' title='bbox 214 3188 281 3257; x_wconf 85' lang='lat' dir='ltr'><strong>tur,</strong></span> <span class='ocrx_word' id='word_1_185' title='bbox 301 3183 357 3244; x_wconf 84' lang='lat' dir='ltr'><strong>aed</strong></span> <span class='ocrx_word' id='word_1_186' title='bbox 371 3183 580 3245; x_wconf 87' lang='lat' dir='ltr'><strong>iuramentum</strong></span> <span class='ocrx_word' id='word_1_187' title='bbox 594 3180 671 3265; x_wconf 78' lang='lat' dir='ltr'><strong>ipsiu</strong></span> <span class='ocrx_word' id='word_1_188' title='bbox 684 3181 807 3244; x_wconf 75' lang='lat' dir='ltr'><strong>ciuibus</strong></span> <span class='ocrx_word' id='word_1_189' title='bbox 819 3181 985 3244; x_wconf 86' lang='lat' dir='ltr'><strong>iudicetur.</strong></span> 
     </span>
    </p>

    <p class='ocr_par' dir='ltr' id='par_1_10' title="bbox 206 3291 1246 4158">
     <span class='ocr_line' id='line_1_27' title="bbox 299 3291 1242 3376; baseline -0.002 -22"><span class='ocrx_word' id='word_1_190' title='bbox 299 3294 356 3368; x_wconf 84' lang='lat' dir='ltr'><strong>(e)</strong></span> <span class='ocrx_word' id='word_1_191' title='bbox 377 3293 524 3356; x_wconf 85' lang='lat' dir='ltr'><strong>Preterea</strong></span> <span class='ocrx_word' id='word_1_192' title='bbox 543 3292 685 3376; x_wconf 83' lang='lat' dir='ltr'><strong>quiaquia</strong></span> <span class='ocrx_word' id='word_1_193' title='bbox 703 3300 888 3365; x_wconf 84' lang='lat' dir='ltr'><strong>extraneus,</strong></span> <span class='ocrx_word' id='word_1_194' title='bbox 912 3292 981 3354; x_wconf 87' lang='lat' dir='ltr'><strong>siue</strong></span> <span class='ocrx_word' id='word_1_195' title='bbox 1005 3291 1083 3354; x_wconf 81' lang='lat' dir='ltr'><strong>uiuis</strong></span> <span class='ocrx_word' id='word_1_196' title='bbox 1101 3292 1242 3355; x_wconf 84' lang='lat' dir='ltr'><strong>eiusdem</strong></span> 
     </span>
     <span class='ocr_line' id='line_1_28' title="bbox 215 3402 1246 3487; baseline -0.005 -18"><span class='ocrx_word' id='word_1_197' title='bbox 215 3404 276 3469; x_wconf 84' lang='lat' dir='ltr'><strong>leui</strong></span> <span class='ocrx_word' id='word_1_198' title='bbox 297 3405 329 3468; x_wconf 93' lang='lat' dir='ltr'><strong>in</strong></span> <span class='ocrx_word' id='word_1_199' title='bbox 350 3405 420 3487; x_wconf 83' lang='lat' dir='ltr'><strong>ipea</strong></span> <span class='ocrx_word' id='word_1_200' title='bbox 441 3403 514 3468; x_wconf 81' lang='lat' dir='ltr'><strong>uilla</strong></span> <span class='ocrx_word' id='word_1_201' title='bbox 533 3413 643 3468; x_wconf 86' lang='lat' dir='ltr'><strong>eontra</strong></span> <span class='ocrx_word' id='word_1_202' title='bbox 664 3404 760 3467; x_wconf 82' lang='lat' dir='ltr'><strong>atium</strong></span> <span class='ocrx_word' id='word_1_203' title='bbox 781 3424 837 3485; x_wconf 91' lang='lat' dir='ltr'><strong>pre</strong></span> <span class='ocrx_word' id='word_1_204' title='bbox 851 3403 898 3466; x_wconf 83' lang='lat' dir='ltr'><strong>ira</strong></span> <span class='ocrx_word' id='word_1_205' title='bbox 913 3402 1049 3485; x_wconf 75' lang='lat' dir='ltr'><strong>gladium</strong></span> <span class='ocrx_word' id='word_1_206' title='bbox 1064 3423 1121 3466; x_wconf 86' lang='lat' dir='ltr'><strong>seu</strong></span> <span class='ocrx_word' id='word_1_207' title='bbox 1134 3403 1246 3465; x_wconf 84' lang='lat' dir='ltr'><strong>enitet·</strong></span> 
     </span>
     <span class='ocr_line' id='line_1_29' title="bbox 213 3514 1245 3599; baseline -0.005 -18"><span class='ocrx_word' id='word_1_208' title='bbox 213 3516 281 3581; x_wconf 83' lang='lat' dir='ltr'><strong>lum</strong></span> <span class='ocrx_word' id='word_1_209' title='bbox 301 3518 499 3599; x_wconf 83' lang='lat' dir='ltr'><strong>euaginaret,</strong></span> <span class='ocrx_word' id='word_1_210' title='bbox 535 3525 567 3580; x_wconf 90' lang='lat' dir='ltr'><strong>et</strong></span> <span class='ocrx_word' id='word_1_211' title='bbox 589 3517 650 3579; x_wconf 86' lang='lat' dir='ltr'><strong>hoe</strong></span> <span class='ocrx_word' id='word_1_212' title='bbox 672 3534 744 3579; x_wconf 85' lang='lat' dir='ltr'><strong>eum</strong></span> <span class='ocrx_word' id='word_1_213' title='bbox 765 3515 945 3579; x_wconf 73' lang='lat' dir='ltr'><strong>testimonie</strong></span> <span class='ocrx_word' id='word_1_214' title='bbox 965 3515 1161 3597; x_wconf 82' lang='lat' dir='ltr'><strong>prebaretur,</strong></span> <span class='ocrx_word' id='word_1_215' title='bbox 1192 3514 1245 3577; x_wconf 87' lang='lat' dir='ltr'><strong>uei</strong></span> 
     </span>
     <span class='ocr_line' id='line_1_30' title="bbox 214 3626 1243 3711; baseline -0.002 -21"><span class='ocrx_word' id='word_1_216' title='bbox 214 3628 287 3711; x_wconf 82' lang='lat' dir='ltr'><strong>quia</strong></span> <span class='ocrx_word' id='word_1_217' title='bbox 302 3629 418 3691; x_wconf 86' lang='lat' dir='ltr'><strong>uuinua</strong></span> <span class='ocrx_word' id='word_1_218' title='bbox 432 3646 495 3691; x_wconf 92' lang='lat' dir='ltr'><strong>nun</strong></span> <span class='ocrx_word' id='word_1_219' title='bbox 517 3627 715 3692; x_wconf 78' lang='lat' dir='ltr'><strong>mortiferum</strong></span> <span class='ocrx_word' id='word_1_220' title='bbox 730 3627 862 3701; x_wconf 75' lang='lat' dir='ltr'><strong>afficiet,</strong></span> <span class='ocrx_word' id='word_1_221' title='bbox 889 3626 1005 3689; x_wconf 82' lang='lat' dir='ltr'><strong>indicio</strong></span> <span class='ocrx_word' id='word_1_222' title='bbox 1026 3627 1118 3688; x_wconf 80' lang='lat' dir='ltr'><strong>unius</strong></span> <span class='ocrx_word' id='word_1_223' title='bbox 1140 3644 1243 3688; x_wconf 89' lang='lat' dir='ltr'><strong>marce</strong></span> 
     </span>
     <span class='ocr_line' id='line_1_31' title="bbox 209 3738 1246 3823; baseline -0.003 -22"><span class='ocrx_word' id='word_1_224' title='bbox 209 3738 453 3802; x_wconf 76' lang='lat' dir='ltr'><strong>eundemnemr.</strong></span> <span class='ocrx_word' id='word_1_225' title='bbox 473 3739 616 3823; x_wconf 83' lang='lat' dir='ltr'><strong>quiaquia</strong></span> <span class='ocrx_word' id='word_1_226' title='bbox 633 3740 728 3821; x_wconf 89' lang='lat' dir='ltr'><strong>igitur</strong></span> <span class='ocrx_word' id='word_1_227' title='bbox 748 3756 826 3803; x_wconf 84' lang='lat' dir='ltr'><strong>eaeu</strong></span> <span class='ocrx_word' id='word_1_228' title='bbox 847 3739 1022 3812; x_wconf 86' lang='lat' dir='ltr'><strong>aueidente,</strong></span> <span class='ocrx_word' id='word_1_229' title='bbox 1042 3756 1134 3800; x_wconf 83' lang='lat' dir='ltr'><strong>auum</strong></span> <span class='ocrx_word' id='word_1_230' title='bbox 1148 3739 1246 3800; x_wconf 89' lang='lat' dir='ltr'><strong>inter-</strong></span> 
     </span>
     <span class='ocr_line' id='line_1_32' title="bbox 206 3844 1245 3932; baseline -0.002 -21"><span class='ocrx_word' id='word_1_231' title='bbox 206 3844 326 3911; x_wconf 74' lang='lat' dir='ltr'><strong>tenerit</strong></span> <span class='ocrx_word' id='word_1_232' title='bbox 349 3849 530 3923; x_wconf 80' lang='lat' dir='ltr'><strong>conciuem,</strong></span> <span class='ocrx_word' id='word_1_233' title='bbox 557 3858 683 3913; x_wconf 88' lang='lat' dir='ltr'><strong>eentum</strong></span> <span class='ocrx_word' id='word_1_234' title='bbox 708 3846 832 3932; x_wconf 76' lang='lat' dir='ltr'><strong>pennis,</strong></span> <span class='ocrx_word' id='word_1_235' title='bbox 859 3848 1034 3932; x_wconf 72' lang='lat' dir='ltr'><strong>exquibus</strong></span> <span class='ocrx_word' id='word_1_236' title='bbox 1055 3848 1117 3911; x_wconf 87' lang='lat' dir='ltr'><strong>due</strong></span> <span class='ocrx_word' id='word_1_237' title='bbox 1139 3856 1245 3929; x_wconf 82' lang='lat' dir='ltr'><strong>partes</strong></span> 
     </span>
     <span class='ocr_line' id='line_1_33' title="bbox 207 3957 1246 4043; baseline -0.001 -20"><span class='ocrx_word' id='word_1_238' title='bbox 207 3958 296 4043; x_wconf 62' lang='lat' dir='ltr'><strong>parti</strong></span> <span class='ocrx_word' id='word_1_239' title='bbox 309 3957 461 4033; x_wconf 85' lang='lat' dir='ltr'><strong>aduerae,</strong></span> <span class='ocrx_word' id='word_1_240' title='bbox 482 3961 578 4025; x_wconf 80' lang='lat' dir='ltr'><strong>tercia</strong></span> <span class='ocrx_word' id='word_1_241' title='bbox 597 3978 676 4024; x_wconf 84' lang='lat' dir='ltr'><strong>uere</strong></span> <span class='ocrx_word' id='word_1_242' title='bbox 689 3980 763 4043; x_wconf 83' lang='lat' dir='ltr'><strong>para</strong></span> <span class='ocrx_word' id='word_1_243' title='bbox 777 3960 889 4023; x_wconf 76' lang='lat' dir='ltr'><strong>maiori</strong></span> <span class='ocrx_word' id='word_1_244' title='bbox 908 3959 983 4023; x_wconf 84' lang='lat' dir='ltr'><strong>uiiie</strong></span> <span class='ocrx_word' id='word_1_245' title='bbox 996 3959 1077 4024; x_wconf 87' lang='lat' dir='ltr'><strong>mlui</strong></span> <span class='ocrx_word' id='word_1_246' title='bbox 1091 3967 1246 4023; x_wconf 83' lang='lat' dir='ltr'><strong>teneatur.</strong></span> 
     </span>
     <span class='ocr_line' id='line_1_34' title="bbox 206 4068 1245 4158; baseline 0.001 -23"><span class='ocrx_word' id='word_1_247' title='bbox 206 4076 248 4135; x_wconf 73' lang='lat' dir='ltr'><strong>et</strong></span> <span class='ocrx_word' id='word_1_248' title='bbox 259 4069 320 4134; x_wconf 73' lang='lat' dir='ltr'><strong>uiui</strong></span> <span class='ocrx_word' id='word_1_249' title='bbox 334 4070 502 4134; x_wconf 82' lang='lat' dir='ltr'><strong>homocida</strong></span> <span class='ocrx_word' id='word_1_250' title='bbox 516 4070 652 4154; x_wconf 82' lang='lat' dir='ltr'><strong>pecunia</strong></span> <span class='ocrx_word' id='word_1_251' title='bbox 669 4091 727 4138; x_wconf 85' lang='lat' dir='ltr'><strong>aua</strong></span> <span class='ocrx_word' id='word_1_252' title='bbox 747 4090 783 4135; x_wconf 77' lang='lat' dir='ltr'><strong>se</strong></span> <span class='ocrx_word' id='word_1_253' title='bbox 804 4068 971 4147; x_wconf 79' lang='lat' dir='ltr'><strong>defendet,</strong></span> <span class='ocrx_word' id='word_1_254' title='bbox 993 4078 1089 4158; x_wconf 82' lang='lat' dir='ltr'><strong>eaput</strong></span> <span class='ocrx_word' id='word_1_255' title='bbox 1102 4072 1245 4136; x_wconf 74' lang='lat' dir='ltr'><strong>eiusdem</strong></span> 
     </span>
    </p>
   </div>
   <div class='ocr_carea' id='block_1_5' title="bbox 208 4180 817 4271">
    <p class='ocr_par' dir='ltr' id='par_1_11' title="bbox 208 4180 817 4271">
     <span class='ocr_line' id='line_1_35' title="bbox 208 4180 817 4271; baseline 0.005 -24"><span class='ocrx_word' id='word_1_256' title='bbox 208 4180 256 4255; x_wconf 67' lang='lat' dir='ltr'><em>u</em></span> <span class='ocrx_word' id='word_1_257' title='bbox 267 4198 379 4249; x_wconf 81' lang='lat' dir='ltr'><strong>mmm</strong></span> <span class='ocrx_word' id='word_1_258' title='bbox 391 4183 490 4271; x_wconf 79' lang='lat' dir='ltr'><strong>partie</strong></span> <span class='ocrx_word' id='word_1_259' title='bbox 502 4183 639 4253; x_wconf 71' lang='lat' dir='ltr'><strong>aduersa</strong></span> <span class='ocrx_word' id='word_1_260' title='bbox 654 4192 817 4251; x_wconf 76' lang='lat' dir='ltr'><strong>smmtm.</strong></span> 
     </span>
    </p>
   </div>
   <div class='ocr_carea' id='block_1_6' title="bbox 0 0 1404 4764">
    <p class='ocr_par' dir='ltr' id='par_1_12' title="bbox 0 0 1404 4764">
     <span class='ocr_line' id='line_1_36' title="bbox 0 0 1404 4764; baseline 0 1"><span class='ocrx_word' id='word_1_261' title='bbox 0 0 1404 4764; x_wconf 95' lang='lat' dir='ltr'><strong> </strong></span> 
     </span>
    </p>
   </div>
  </div>
 </body>
</html>
