2798 4764
186 340 249 407 rto
512 348 698 407 sssssrscrr
722 352 762 404 nr
783 344 895 406 ranst.

186 513 270 579 tran
292 520 381 585 sunt,
409 519 442 576 ct
460 512 551 595 Rapo
572 512 653 595 tagit
669 513 701 575 in
719 513 886 578 ecetesiam
906 519 937 577 et
958 513 998 575 ad
1017 511 1226 575 solucionem

186 642 250 687 non
264 625 373 688 exinit.
392 623 446 687 aiii
460 624 601 687 mundati
615 635 698 690 sunt.

269 734 362 817 (tna)
384 736 466 820 Uazy
488 737 529 799 de
553 736 627 799 uitta
647 737 734 820 Qezy
754 737 894 821 impeciit
912 738 1047 809 Nucem,
1069 737 1226 810 Petram,

186 848 345 913 Urbanum
370 855 402 911 ct
420 846 467 911 Ud
492 848 532 911 dc
556 848 665 929 predio
686 847 854 923 Demetrii,
875 847 1137 921 uideticeti’nse‚
1156 848 1225 911 sed

185 967 291 1022 tamen
311 965 489 1022 castrenses
503 957 627 1032 Bienor,
648 959 688 1021 de
702 959 875 1032 latrocinio,
896 958 1000 1021 indice
1016 957 1142 1040 Qaiged
1159 976 1225 1019 cu-

183 1070 254 1134 risti
271 1069 404 1144 comite,
424 1068 575 1151 pristatdo
590 1070 693 1151 Agard
714 1070 754 1132 de
776 1070 851 1132 uitta
865 1071 1004 1152 Mepycs.
1032 1071 1117 1131 Nues
1139 1086 1226 1150 por·

184 1190 250 1247 tato
263 1183 350 1245 terro
367 1182 445 1265 tagit
462 1183 494 1243 in
517 1180 697 1256 ecclesiam,
719 1190 750 1246 et
764 1183 803 1245 ad
819 1180 1011 1245 solucionem
1026 1201 1090 1243 non
1105 1179 1226 1255 eximit,

185 1295 232 1361 [Η
245 1292 430 1358 iustificatos
444 1301 508 1367 eat,
528 1295 640 1358 Petras
658 1303 689 1357 et
703 1293 844 1357 Urbanus
865 1293 1056 1356 Uaradinnm
1076 1310 1141 1355 non
1158 1302 1226 1356 nes

182 1414 308 1471 nerant.

147 1566 154 1582 Ι
267 1516 354 1600 (122)
375 1518 478 1581 tibbas
500 1518 540 1580 de
558 1538 583 1580 s.
598 1517 735 1581 ilenrico
754 1524 784 1580 et
799 1525 950 1599 patronus
964 1516 1097 1580 ecciesie
1111 1515 1227 1599 impe·-

183 1630 237 1694 citt
256 1629 340 1692 titios
361 1627 526 1710 Stephani,
555 1627 673 1691 scilicet
692 1627 837 1700 Michud,
859 1626 1026 1689 Aindarnm
1046 1633 1078 1690 et
1096 1627 1225 1690 Baeton

183 1752 243 1824 pro
254 1748 378 1804 eentum
394 1741 507 1802 marcis
523 1739 679 1802 uiolenter
691 1739 812 1812 obtatis,
823 1738 926 1801 indice
937 1738 1107 1801 Benedicta
1118 1739 1224 1814 bano,

181 1850 333 1934 pristatdo
347 1851 452 1913 Pouca
466 1851 506 1913 de
520 1849 595 1912 uitta
609 1849 722 1912 Cotrot.
751 1850 804 1932 qui
820 1866 891 1912 cum
906 1849 1095 1912 Uaradinnm
1112 1867 1224 1913 aenea·

180 1969 270 2034 runt,
289 1960 354 2022 nm
373 1959 524 2042 Stephani
549 1969 767 2023 conuenerunt
791 1961 867 2023 dare
893 1959 996 2023 abbati
1019 1968 1050 2023 ct
1074 1968 1222 2043 petrono

180 2071 316 2137 ecetesie
326 2072 452 2155 triginta
463 2090 596 2145 marcas,
608 2079 639 2134 ct
652 2071 832 2134 satisfacere
847 2071 1009 2154 pristaldo.
1024 2072 1221 2136 manauere

179 2166 276 2248 iudici
290 2183 472 2247 satisfacere
486 2183 642 2246 conuenit.

263 2293 350 2376 (123)
371 2294 448 2357 lana
461 2294 607 2374 ioubapio
622 2293 788 2356 Laurencii
810 2293 849 2356 de
864 2293 940 2356 uitta
955 2295 1050 2358 trnnd
1070 2295 1220 2376 tmpeeiit

180 2405 332 2489 Gyomam
345 2406 544 2486 iobagionem
555 2405 660 2488 Erdey
675 2407 714 2468 de
729 2405 804 2467 nitta
816 2406 901 2468 Ponti
917 2426 974 2487 pro
985 2408 1101 2469 damno
1113 2409 1217 2471 trium

178 2516 355 2592 senonum,
369 2517 472 2580 indice
486 2518 588 2591 Erde,
610 2516 762 2598 pristatdo
776 2517 890 2600 Egidio
904 2518 945 2580 dc
960 2518 1033 2580 uitta
1047 2517 1136 2581 Pani.
1159 2521 1218 2602 qui

178 2646 249 2691 cnm
270 2629 409 2691 uenisset
429 2629 634 2702 Uaradinnm,
656 2630 776 2710 Gyoma
797 2629 946 2692 conuenit
968 2631 1042 2692 dare
1067 2632 1217 2712 predicto

176 2741 254 2801 lane
268 2747 389 2820 septem
404 2741 545 2820 pondera
560 2742 680 2821 argenti
697 2749 725 2802 et
740 2742 921 2804 satisfacere
937 2742 1041 2815 iudici,
1057 2742 1217 2824 pristaido

179 2866 257 2911 nero
271 2848 347 2910 trina
361 2849 542 2911 satisfacere
559 2851 716 2913 conuenit.

260 2956 348 3039 (tii)
368 2957 473 3019 Uatrss
498 2957 592 3021 irater
614 2958 715 3021 'snbnt
744 2961 783 3023 de
808 2960 884 3023 uitia
907 2960 1043 3045 Hongun
1069 2964 1217 3045 impcciit
1256 3024 1262 3031 .

178 3069 385 3152 ioubagiones
413 3071 506 3132 castri
531 3072 661 3145 Stantia,
693 3073 832 3136 sciticet:
865 3074 1035 3148 Zobostou,
1066 3075 1217 3152 Utesam,

179 3181 377 3263 Bagdanum,
409 3180 608 3263 Cheqaelen,
640 3183 774 3258 Potoni,
806 3195 837 3247 et
861 3197 1037 3248 castrenses
1063 3186 1102 3248 de
1133 3187 1215 3250 uitta

178 3294 312 3375 Drancy,
342 3291 482 3356 scilicet:
514 3293 664 3367 Kraznet,
697 3294 831 3368 Coetan,
863 3297 987 3359 Uisatan
1012 3305 1042 3358 et
1065 3296 1145 3359 aiios
1169 3299 1215 3362 de

177 3405 391 3468 destructione
413 3404 512 3485 predii
534 3405 599 3478 sni,
620 3404 737 3468 seilicet
752 3407 866 3469 damno
888 3409 1060 3469 secandum
1080 3409 1217 3472 estime-

177 3517 300 3579 cionem
312 3516 421 3598 uiginti
437 3533 612 3578 marcarum
625 3518 755 3598 argenti,
768 3517 872 3580 indice
882 3519 1041 3581 Demetrio
1056 3520 1214 3599 magistro

176 3626 248 3689 nice
262 3627 345 3708 regis
360 3627 482 3700 iudice,
505 3625 654 3708 pristaido
669 3627 807 3690 Adriano
829 3628 869 3691 de
885 3648 1002 3711 genere
1016 3628 1152 3691 Katatha
1167 3631 1214 3694 de

176 3736 251 3798 uitta
265 3736 359 3818 Sciiy.
386 3739 500 3818 quibus
516 3738 703 3800 Uaradinum
725 3738 887 3801 destinatis
910 3741 949 3801 ad
973 3757 1106 3801 examen
1131 3739 1215 3804 terri

176 3845 355 3920 candentis,
376 3846 472 3909 homa
491 3847 625 3929 predicti
640 3848 745 3912 Uatras
767 3858 890 3932 portato
911 3850 997 3913 terro
1020 3849 1216 3916 iustificatns

175 3964 234 4020 est

257 4065 352 4149 (125)
374 4066 452 4130 Cum
477 4071 560 4152 Eccy
591 4090 696 4136 comes
720 4069 802 4135 tiiins
825 4072 909 4154 Eeey
932 4073 1060 4136 emisset
1085 4079 1213 4140 terram

175 4181 303 4244 nominc
327 4179 482 4256 Camena,
513 4181 642 4248 sLeua
664 4181 730 4246 titio
757 4183 877 4266 Cusyd,
908 4182 1017 4267 elapso
1041 4182 1214 4268 aliquanto
