2798 4764
361 368 483 432 amonis
502 385 543 431 na
564 386 647 431 assa
669 385 769 431 cassa
789 386 956 432 rumorosi
977 320 1031 452 (d).
1163 366 1204 431 aa

181 541 313 609 metallis
327 540 423 605 uariis
441 540 651 605 diuersimode
669 541 794 605 fuerant
812 540 965 616 laborata,
986 542 1089 606 ferens
1105 561 1204 617 arcus,

179 656 295 721 culuos
318 664 350 719 et
369 653 504 716 lanceas.
534 654 694 717 banerium
718 675 843 737 quoque
864 654 1090 737 regisEtbete,
1119 654 1205 737 quod
1270 643 1284 669 ⁸

180 769 212 833 iu
233 765 362 851 proprio
384 776 474 829 scuto
492 772 613 848 gestare
635 776 858 840 consueuerat,
885 764 1117 829 similitudinem
1138 768 1204 831 auis

178 878 332 950 babebat,
353 894 416 959 que
438 876 607 958 hungarice
622 876 718 939 Turul
741 877 860 950 dicitur,
881 877 913 938 in
935 876 1034 957 capite
1058 895 1127 937 cum
1151 894 1205 939 co·
1306 933 1308 938 .

179 1008 265 1053 rona.
306 986 390 1050 istud
415 986 498 1049 enirn
522 986 684 1049 banerium
708 986 791 1050 Huni
826 1007 925 1070 usque
950 995 1091 1069 tempora
1118 986 1205 1052 ducis

181 1099 318 1174 Geicbc,
342 1098 417 1160 dum
441 1118 475 1161 se
494 1105 641 1181 regerent
659 1118 717 1180 pro
732 1099 904 1173 communi,
925 1100 955 1160 in
972 1098 1109 1162 exercitu
1125 1074 1206 1160 sem-

181 1230 363 1297 percorum
378 1218 553 1293 gestauere.
581 1210 613 1271 in
635 1209 700 1272 istis
715 1210 819 1292 itaque
835 1209 945 1274 statiis
962 1209 1085 1293 populis
1099 1209 1207 1288 buius·

185 1323 268 1387 nodi
282 1322 398 1386 Bibola
412 1342 467 1385 rex
482 1321 645 1383 Hunorum
659 1342 715 1403 pre
729 1323 840 1385 ceteris
854 1323 980 1405 regibus
994 1322 1043 1385 sui
1059 1322 1207 1404 temporis

190 1434 350 1517 gloriosior
364 1441 430 1496 erat
445 1433 476 1495 in
489 1432 551 1495 boc
566 1433 694 1495 mundo.
723 1433 898 1508 ciuitatum,
921 1441 1094 1495 castrorum
1109 1441 1141 1497 et
1155 1453 1207 1495 ur·

192 1545 270 1609 bium
282 1545 427 1609 dominus
447 1544 516 1608 fieri
531 1545 692 1627 cupiebat,
713 1551 746 1608 et
763 1565 858 1627 super
871 1544 940 1607 itlas
960 1545 1121 1608 dominari.
1149 1544 1207 1608 hs·

189 1658 282 1723 bitere
295 1678 375 1723 uero
389 1659 420 1720 in
434 1658 503 1740 ipsa
517 1659 768 1741 contempnebat
797 1677 867 1720 cum
882 1665 974 1741 gente
996 1657 1080 1720 enim
1103 1677 1160 1720 sua
1172 1658 1205 1720 in

187 1771 300 1854 campis
314 1789 389 1833 cum
407 1768 614 1832 tabernaculis
631 1776 662 1833 et
680 1768 758 1852 bigis
781 1769 956 1832 incedebat.
984 1777 1090 1832 extera
1104 1769 1206 1842 nscio,

186 1900 245 1965 que
258 1900 332 1945 sum
345 1880 547 1964 sequebatur,
567 1880 599 1942 in
615 1878 790 1942 ciuitatibus
804 1888 835 1942 st
849 1879 881 1941 in
895 1878 986 1941 uitiis.
1008 1878 1205 1941 indumento·

186 2012 252 2055 rum
267 2011 348 2055 uero
363 1992 485 2065 modus,
504 1999 536 2054 et
549 1991 661 2065 torma,
676 1992 735 2054 sibi
750 1998 781 2053 et
795 1999 886 2074 gente
902 1991 1029 2053 modum
1043 1991 1206 2053 Medorum

187 2104 374 2167 continebat.

263 2322 310 2407 (3)
334 2324 503 2407 Postquam
518 2344 594 2389 uero
609 2325 641 2387 in
655 2324 755 2408 prelio
771 2324 976 2389 Cesummaur
989 2324 1119 2388 Romani
1139 2343 1209 2386 cor·

185 2438 337 2511 ruissent,
352 2447 384 2500 et
396 2437 529 2500 fuissent
543 2438 674 2519 dispersi
690 2457 789 2519 usque
805 2457 948 2519 quaque,
966 2457 1021 2499 rcx
1035 2435 1147 2500 Etheln
1161 2442 1210 2499 est

186 2528 360 2613 conuersirs
373 2549 404 2610 in
419 2558 519 2611 castra
534 2550 634 2632 gentis
649 2569 720 2623 sue,
742 2558 774 2612 et
787 2549 829 2611 ibi
845 2549 877 2610 in
892 2550 1047 2612 descensu
1062 2549 1141 2612 ultra
1157 2549 1209 2611 Ti-

185 2682 249 2725 mm
271 2662 380 2746 paucis
401 2662 510 2724 diebus
531 2662 701 2736 habitauit,
730 2662 856 2725 tandem
878 2662 910 2724 in
928 2662 1069 2725 Scewem
1091 2663 1208 2725 curiam

185 2774 378 2856 solempnem
393 2774 553 2837 celebrere
568 2775 756 2856 procurauit.
782 2775 823 2838 ad
838 2794 930 2857 quam
946 2776 1080 2838 Ditricus
1096 2776 1135 2838 de
1149 2774 1209 2838 Ue·

187 2903 349 2949 rosacum
366 2885 555 2966 principibus
571 2884 735 2949 Germanis
754 2886 907 2949 accedens
922 2905 1014 2948 omne
1028 2885 1208 2969 homagium

185 2996 295 3061 Etbeie
310 3007 341 3061 et
356 2997 457 3060 Hunis
478 2997 591 3060 iecisse
606 2998 797 3080 perhibetur.
825 2999 980 3082 suggessit
994 2998 1059 3081 regi
1073 3006 1106 3061 ut
1120 2998 1210 3060 inua-

187 3108 259 3174 dere
277 3109 390 3172 debeat
406 3128 501 3191 regna
516 3109 698 3172 occidentis.
725 3109 813 3171 cuius
828 3110 953 3191 quidem
968 3106 1130 3171 consilium
1145 3128 1211 3171 um·

186 3220 352 3305 plectendo
367 3221 539 3284 exercitum
557 3221 659 3285 statim
680 3220 860 3303 proclamari
876 3221 975 3284 iussit
1003 3240 1148 3303 egressus
1170 3220 1209 3283 de

187 3332 355 3397 sicambria
373 3333 474 3416 primo
487 3330 627 3415 liiyricos
641 3333 820 3407 subiiciens,
841 3333 955 3396 deinde
970 3332 1113 3396 Rhenum
1130 3332 1212 3394 Con·

187 3445 303 3511 sunda
318 3446 528 3528 pertransiuit.
549 3445 671 3508 Abinde
687 3466 763 3508 uero
778 3444 921 3507 Rhenum
937 3443 1067 3508 inferius
1081 3445 1211 3508 descen-

189 3558 292 3622 dendo
304 3578 361 3622 rex
372 3556 589 3641 sigismundus
604 3559 687 3639 apud
697 3557 852 3650 basileam
863 3577 932 3619 cum
944 3558 1061 3641 ingenti
1073 3557 1211 3622 exercitu

188 3688 244 3734 suo
258 3671 424 3745 conuenit,
445 3690 540 3752 quem
553 3670 726 3733 deuincens
744 3689 814 3733 cum
834 3670 966 3753 impetu,
988 3689 1046 3733 suo
1061 3670 1134 3734 iecit
1154 3670 1211 3732 im-

188 3783 276 3865 perio
290 3782 432 3846 obedire.
459 3804 477 3845 a
494 3782 565 3847 ioco
579 3791 684 3846 autem
703 3782 756 3846 illo
771 3804 917 3866 egressus
932 3783 1057 3847 obsedit
1070 3782 1212 3864 Argenti-

186 3914 258 3958 aam
278 3895 453 3970 ciuitatem,
475 3914 570 3978 quam
588 3896 731 3979 primitus
746 3896 958 3962 Romanorum
973 3895 1122 3961 Cesarum
1144 3897 1213 3960 nul·

186 4004 235 4070 lus
256 4007 359 4091 potuit
383 4026 581 4091 expugnare,
610 4014 712 4070 metus
737 4008 820 4071 orbis
844 4011 1035 4093 expugnauit
1058 4008 1213 4073 diruendo'

187 4138 312 4184 murum
335 4119 421 4195 eius,
441 4127 476 4184 ut
496 4121 615 4184 cunctis
636 4120 823 4184 adeuntibus
843 4121 895 4184 ui'a
915 4122 1012 4186 libera
1033 4120 1214 4192 baberetur,

187 4230 330 4299 edietum
348 4228 487 4313 iaciens,
506 4248 548 4297 ns
569 4232 701 4301 uiuente
721 4240 957 4302 constaretur.
983 4238 1114 4319 propter
1127 4210 1214 4315 quud
