2798 4764
510 366 694 417 aarum
718 366 765 416 ne·
781 356 894 416 rinae
1151 350 1215 417 did

104 592 108 599 ,
185 523 256 607 ipso
270 521 621 604 nioidnteroccnpatnrn
641 522 676 583 in
698 512 809 585 eadem
825 521 921 597 nitta,
942 533 1048 585 coram
1067 523 1213 585 Laffisisa

183 635 288 699 indice
312 634 398 697 cerie
424 644 457 698 et
478 634 592 698 semite
613 634 792 698 Bachiensis
817 635 877 717 qni
901 634 978 697 Petis
1003 652 1074 696 enm
1095 643 1213 698 terren

184 761 273 808 anan
285 745 357 808 torti
377 745 549 826 empoianis
570 764 605 809 se
622 745 802 827 pessedisse
817 745 1050 827 respondisset,
1070 745 1214 809 nomina-

184 866 234 921 tns
248 857 344 920 index
354 864 524 939 aeremque
538 864 659 938 partem
674 858 714 921 ad
736 876 869 921 oxomen
889 857 965 920 ierri
979 856 1141 922 candentis
1155 874 1214 939 per

182 968 368 1052 gristatdutn
383 968 511 1031 nomine
525 968 650 1030 tmnrad
670 968 710 1031 de
726 967 800 1030 sitin
814 969 953 1050 Scenreg
971 969 1141 1032 transmisit
1154 968 1214 1032 Ua·

182 1080 339 1143 radinnm.
374 1078 428 1141 nbi
455 1098 526 1141 eum
555 1079 661 1160 sepius
685 1079 786 1143 dictos
814 1078 960 1142 dominam
987 1079 1067 1143 neta
1093 1080 1212 1143 sennar
1243 1074 1252 1083 ’

183 1190 322 1255 tenasset
341 1197 374 1253 ai
394 1190 435 1253 ad
449 1190 533 1253 diem
547 1189 716 1252 sotncionis
731 1191 916 1264 accesisset,
937 1190 1088 1252 nominati
1101 1191 1213 1253 isuba·

185 1301 403 1386 gisnes-castri
417 1319 488 1365 sese
501 1309 783 1384 recognoscentes,
806 1310 1010 1366 memoratam
1023 1312 1140 1368 terram
1153 1322 1213 1366 nos

184 1415 301 1477 minato
316 1412 395 1476 Peth
415 1428 473 1495 pro
493 1420 576 1477 terra
595 1428 654 1475 sna
668 1414 922 1496 resignaa'erunt,
944 1432 1005 1498 qne
1019 1424 1102 1479 terrn
1115 1413 1213 1478 hatrat

184 1533 284 1589 metas
309 1525 349 1587 ab
368 1524 490 1588 oriente
514 1523 554 1586 de
569 1525 698 1606 Tanta,
716 1533 758 1586 et
782 1543 802 1588 n
822 1526 955 1589 meridie
975 1526 1070 1590 habet
1093 1535 1210 1591 terrm

182 1645 289 1702 sanna
310 1635 445 1700 ecclesie
467 1635 599 1710 Partuh,
629 1636 702 1699 inde
724 1638 865 1719 graditur
878 1658 936 1721 per
949 1638 1063 1702 nattam
1083 1640 1211 1704 nomine

182 1749 299 1822 Potoi,
321 1749 360 1810 ad
382 1758 521 1812 montem
544 1747 639 1822 Grai),
656 1746 734 1811 inde
756 1749 796 1813 ad
810 1749 952 1822 demirer,
973 1756 1004 1812 et
1024 1749 1065 1813 de
1080 1751 1212 1814 Sembm

181 1861 299 1924 incedit
319 1862 359 1924 ad
373 1861 523 1943 Hogona,
544 1859 587 1923 itti
609 1859 725 1924 destitit
742 1878 828 1934 esse,
849 1867 883 1924 nt
896 1861 1075 1924 nominatus
1091 1861 1212 1942 prietat-

182 1973 242 2036 dos
255 1968 332 2036 dixit
348 1973 448 2047 nobis,
470 1988 577 2035 coram
592 1972 725 2035 aduersa
739 1981 828 2055 parte
844 1980 876 2035 et
888 1973 973 2035 idem
988 1982 1160 2038 asserente.
1216 1998 1218 2003 ·

263 2081 352 2164 (rot)
374 2080 488 2146 Paulus
508 2081 651 2146 seruiens
666 2068 746 2146 Tine
768 2083 912 2146 canonici
927 2067 1134 2159 Uacsriensis,
1153 2085 1213 2147 ima

182 2191 276 2275 periit
290 2194 443 2274 qondam
458 2193 622 2267 mutieres,
639 2193 762 2257 sentices
784 2195 875 2256 rann
897 2202 930 2256 et
952 2193 1080 2268 Utaton,
1102 2195 1212 2258 dicens

182 2304 268 2388 quod
289 2303 432 2367 ancittam
455 2320 544 2366 suam
566 2302 694 2366 nomine
711 2305 862 2368 Scernen
883 2304 963 2367 ctam
984 2304 1098 2367 abduci
1118 2304 1214 2370 fecis·

183 2424 269 2488 sent,
289 2415 375 2498 quod
390 2433 461 2477 eum
476 2414 529 2476 itte
542 2420 728 2497 negassent,
748 2425 941 2480 memoratas
956 2416 1070 2481 Penius
1087 2417 1212 2481 induxit

182 2527 340 2609 quendam
353 2527 483 2589 nomine
494 2525 657 2601 Paridem,
679 2528 733 2610 qni
747 2528 777 2590 ei
792 2528 832 2592 de
845 2528 930 2591 iacto
943 2528 1065 2592 iliarum
1079 2549 1211 2612 sugges·

181 2645 276 2702 serat.
308 2638 394 2721 qnod
417 2657 487 2700 cum
509 2638 578 2719 ipre
599 2637 685 2701 Paris
707 2645 889 2702 constanter
907 2647 1016 2703 contra
1037 2640 1105 2704 itias
1124 2658 1211 2706 assee

182 2740 282 2822 reret,
301 2747 432 2812 Brictins
447 2747 615 2831 episcopas
629 2748 806 2813 Uecziensis
824 2753 1068 2831 prenominntam
1085 2753 1209 2818 Mittens

181 2867 215 2924 et
229 2861 371 2925 Paridem
394 2860 478 2924 misit
498 2861 705 2937 Uaradianm,
734 2864 774 2926 ad
795 2882 928 2927 examen
945 2863 1020 2928 ferri
1035 2866 1210 2943 candentis,

180 2972 234 3034 nbi
255 2971 308 3036 itta
331 2980 455 3054 portato
474 2972 560 3035 terro
584 2992 642 3055 nro
662 2992 697 3038 se
717 2982 748 3038 et
766 2978 825 3056 pro
844 2975 971 3037 domina
991 2973 1101 3040 Utnton
1123 2984 1233 3040 com·‘

181 3081 273 3147 mna
287 3091 344 3146 est

264 3193 354 3275 (135)
375 3194 536 3277 Phiiippus
556 3196 638 3259 titius
659 3196 773 3258 Cosme
794 3216 887 3259 mann
901 3196 985 3259 misit
999 3178 1157 3278 quendam
1171 3195 1211 3257 n-

181 3303 337 3367 bertinum
357 3323 449 3366 snnm
468 3304 597 3367 nomine
611 3306 695 3386 an,
717 3318 788 3368 cnm
801 3306 874 3368 titiis
887 3306 953 3369 suis
967 3306 1047 3369 Both
1068 3314 1100 3369 et
1116 3307 1209 3381 Rota,

181 3413 277 3477 tatem
298 3416 344 3479 eir
367 3415 535 3479 conterens
556 3415 751 3489 libertatem,
780 3424 814 3479 ut
834 3435 928 3499 qnam
950 3416 1010 3499 ipsi
1029 3425 1092 3480 tam
1107 3418 1209 3482 onmis

182 3528 350 3607 generacio
362 3527 404 3590 ab
415 3526 533 3589 eisdem
547 3543 732 3589 succemma
742 3526 922 3610 ubicunqne
932 3527 1050 3591 nettent
1061 3527 1209 3591 manendi

179 3636 229 3700 saa
243 3637 407 3702 haberent.

263 3745 352 3828 (136)
383 3749 474 3810 Anno
498 3747 587 3810 uerbi
616 3748 768 3813 incarnati
801 3748 968 3813 mitissimo
991 3751 1208 3815 ducentesimo

179 3857 340 3940 trigesimo
355 3858 476 3941 quinto,
496 3863 649 3940 regnante
664 3860 890 3940 gloriosissimo
902 3879 977 3943 rege
990 3861 1132 3937 itndrea,
1152 3882 1210 3926 ne-

181 3967 315 4030 nerabiti
334 3971 505 4034 Benedicto
525 3970 709 4034 Uaradiensi
732 3970 893 4053 episcopo,
918 3973 1071 4057 Dionysio
1092 3972 1209 4037 comite

180 4078 336 4163 palatino,
358 4080 517 4163 supteno
536 4080 730 4145 Bictroriensi
755 4082 868 4147 comite
887 4083 1059 4159 existente,
1084 4084 1209 4146 naim

179 4188 300 4257 tectore
319 4198 352 4257 et
371 4193 495 4258 notario
516 4193 714 4273 timadiensi,
731 4193 937 4262 nomen:
956 4196 1045 4282 qaod
1058 4192 1209 4260 omues
