2798 4764
219 352 624 406 taruennensem
632 357 971 405 sosrrrorrnsuu.
992 337 1085 405 issi.
1123 336 1186 404 5oe

159 512 273 585 uerint,
286 498 417 577 eosdem
430 512 563 577 ecclesie
578 513 676 596 ipsius
690 513 827 595 palatino
841 513 882 576 ed
895 512 1045 577 iudicium
1061 513 1186 578 beders

160 632 305 687 tenentur
319 625 387 687 siue
402 644 499 687 moro.

218 734 1186 818 Quasqnidemdonaciones,libertatesetexempcioncscerio

158 846 274 909 certius
286 846 482 928 indagantes,
496 847 685 922 inuenimus,
702 848 837 910 uidimus
852 857 883 911 et
896 848 1045 911 scioimus
1060 866 1188 929 semper

159 957 346 1040 pertinuisse
369 965 401 1020 et
416 959 572 1040 pertinere
587 959 626 1020 ad
642 959 808 1022 ecclesiam
821 957 1078 1040 strigoniensem.
1108 976 1188 1040 qua·

160 1074 289 1150 propter
309 1087 420 1132 omnes
443 1069 601 1152 predictas
623 1069 816 1134 donaciones
836 1069 1031 1143 libertatum,
1059 1088 1189 1151 exemp*

160 1180 279 1242 tionum
303 1187 336 1242 et
353 1180 512 1244 fructuum
534 1182 780 1264 percepcionum
801 1181 833 1243 in
856 1191 922 1244 toto
945 1189 977 1242 et
997 1180 1029 1242 in
1047 1179 1188 1261 qnalibet

160 1291 209 1356 sui
224 1299 326 1372 purte,
347 1292 522 1365 uniuersas,
544 1290 763 1354 uniuersaliter
783 1301 815 1354 et
834 1291 973 1373 singulas
990 1289 1188 1373 singillatim,

161 1404 201 1467 de
216 1423 371 1467 consensu
386 1405 539 1466 consortis
555 1413 661 1467 nostre
683 1403 844 1466 carissime
862 1403 972 1485 regine
994 1422 1030 1465 nc
1047 1403 1187 1464 omnium

161 1516 352 1598 prelatorum
372 1523 403 1578 et
423 1516 578 1578 baronum
598 1523 777 1578 nostrorum
798 1515 1029 1590 confirmamus,
1048 1514 1186 1579 ratifica-

160 1647 229 1690 mus
250 1635 282 1689 et
302 1646 360 1709 pro
380 1625 525 1709 originali
546 1625 710 1709 priuilegio
735 1628 938 1709 deputamus,
964 1625 1061 1689 saluis
1086 1627 1186 1690 eciam

161 1737 305 1801 omnibus
334 1737 402 1800 aliis
429 1737 620 1820 priuilegiis,
650 1738 845 1801 libertatibus
872 1757 908 1801 nc
932 1736 1029 1800 literis
1053 1736 1188 1805 ecclesie

160 1849 364 1933 strigoniensi
379 1850 623 1912 remanentibus.
643 1850 676 1912 iu
691 1850 780 1913 cuius
793 1850 839 1912 rei
854 1849 1037 1913 memoriam
1047 1848 1187 1912 etiirmi·

161 1970 252 2026 tatem
273 1968 457 2043 perpetuam
478 1968 642 2043 presentes
664 1959 894 2033 concessimus,
914 1959 1071 2042 dupplicis
1093 1959 1188 2043 sigilli

158 2073 256 2138 nostri
283 2071 456 2135 munimine
483 2072 655 2135 roboratas.
690 2073 798 2134 datum
827 2090 883 2152 per
906 2090 1018 2132 manus
1048 2069 1189 2152 magistri

158 2184 311 2258 Farkasii,
333 2183 425 2247 electi
443 2183 678 2267 Zagrabiensis,
700 2183 772 2247 aule
793 2190 900 2244 nostre
921 2181 1188 2256 uicecancellsrii,

160 2295 268 2359 dilecti
288 2303 321 2358 et
339 2294 442 2358 tidelis
463 2295 580 2368 nostri,
614 2314 698 2357 auno
720 2293 836 2356 domini
858 2291 1049 2354 ucacxtu.
1077 2292 1187 2373 quinto

160 2406 285 2469 kalend.
300 2406 485 2469 Nouembris
499 2405 589 2488 regni
612 2413 716 2469 notem
737 2401 836 2467 nostri
857 2422 941 2465 anno
958 2401 1112 2482 trigesimo
1134 2422 1188 2467 oo·

161 2527 246 2582 taum

505 2956 621 3042 um
646 2956 702 3042 tv.
722 2956 845 3041 stou

209 3135 475 3215 blenarus
517 3134 794 3211 nospmuu
831 3135 900 3209 DE
938 3132 1138 3208 bauan.

581 3291 772 3354 uccuxut.

500 3450 523 3502 u
540 3447 665 3501 seaeant.
681 3445 769 3498 sessu
787 3444 844 3498 xV.

562 3618 790 3633 ,ψῃ-...ι-

243 3745 318 3809 bela
332 3744 384 3808 dei
399 3746 504 3828 gracia
514 3740 674 3826 llongarie
687 3749 747 3803 etc.
758 3759 822 3802 rex.
843 3737 883 3800 nil
899 3734 1118 3798 uniuersorum
1131 3753 1192 3797 nn-

163 3858 267 3923 ticiam
288 3867 398 3921 tenore
421 3855 618 3939 presencium
634 3851 781 3916 uolumus
803 3848 989 3932 peruenire,
1009 3846 1096 3932 quod
1117 3865 1190 3911 eun

163 3970 195 4034 in
217 3971 334 4034 Kamar
355 3970 483 4034 domum
507 3987 565 4050 pro
585 3965 675 4029 nobis
696 3963 891 4037 fecissemus,
912 3960 1028 4044 placuit
1046 3958 1139 4022 nobis
1155 3963 1192 4022 ut

161 4081 224 4144 illic
245 4081 385 4162 hospites
406 4089 515 4143 nostro
537 4076 665 4139 nomine
688 4082 930 4157 congregentur,
958 4073 1071 4157 quibus
1095 4068 1192 4133 talem
1241 4144 1246 4150 .

164 4192 380 4256 ordinauimus
394 4189 588 4265 libertatem,
608 4187 796 4270 etquidem:
