2798 4764
500 347 683 403 ascasraou
705 350 745 403 oa
761 348 873 407 casm·
1135 334 1203 417 m

171 508 314 576 uillarum
329 531 401 575 cum
417 510 568 574 uxoribus
584 520 615 574 et
628 508 710 584 tiliis,
725 509 793 573 siue
807 532 864 592 spe
879 511 1076 586 conectendi,
1096 520 1129 577 et
1140 510 1203 597 ipsi

169 623 251 684 idem
274 622 414 684 Sibretus
436 631 467 684 et
489 622 620 684 Mic-irati
641 621 734 685 iudici
754 621 973 685 satisfacerent
994 631 1026 686 et
1039 623 1201 705 pristaldo.

170 742 356 796 executores
379 742 482 795 autem
504 733 597 795 huius
616 752 710 795 course
725 733 854 795 suerunt
869 734 1030 807 Nicotaus,
1051 736 1202 812 Andrean,

170 851 202 907 et
216 844 309 906 lacon
324 851 357 906 et
370 844 443 925 Eicy
462 844 500 906 de
517 844 555 904 X.
571 843 664 906 uiuis.

253 957 354 1030 (117)
376 956 490 1017 Fuicus
506 956 545 1017 dc
561 954 635 1017 uilia
649 955 779 1038 Megyer
793 954 931 1038 impeciit
942 956 1118 1028 tosodum,
1132 955 1202 1033 Sta·

170 1068 319 1148 phanum,
330 1066 502 1139 Nicolaum,
518 1067 578 1128 Pec
589 1076 620 1129 et
635 1066 764 1130 aliosde
779 1065 1056 1149 uiilaQestestpro
1066 1075 1203 1150 quatunr

172 1179 292 1251 marcis,
324 1179 355 1239 in
380 1197 490 1240 eorum
512 1177 716 1240 fideiussione
741 1178 862 1240 cuidam
889 1197 1000 1241 eorum
1025 1176 1202 1243 conuiltam

171 1287 393 1361 accomodatis,
413 1287 517 1350 iudice
529 1289 552 1348 F
555 1288 676 1351 occasio
692 1286 799 1351 curiali
814 1288 928 1352 comite
942 1290 982 1351 de
995 1289 1118 1365 Bichor,
1139 1290 1203 1372 pri·

172 1398 272 1462 staldo
288 1399 411 1479 Bencya
426 1399 465 1460 de
480 1397 555 1459 uitta
570 1399 710 1472 Quenes.
738 1399 833 1461 homo
849 1399 980 1480 predicti
997 1398 1108 1462 Fuicus
1126 1419 1202 1482 per-

173 1519 237 1575 tato
253 1510 336 1572 ferro
351 1510 535 1575 iustificatos
551 1519 606 1572 est.

254 1623 355 1695 (118)
383 1624 484 1686 Banna
509 1632 540 1685 et
562 1623 647 1686 Ysou
670 1624 709 1685 de
735 1622 809 1687 uilia
832 1625 1003 1687 Naduduor
1032 1624 1201 1706 impecicre

173 1733 328 1815 quendam
349 1733 560 1797 conuiltaoum
581 1754 672 1797 suum
690 1735 817 1797 nomine
832 1734 977 1808 L'isatan,
997 1736 1037 1799 de
1051 1735 1202 1803 uerben-

171 1844 262 1906 cione
278 1845 410 1906 duorum
425 1842 651 1916 seruiencium,
680 1853 713 1907 et
727 1845 841 1907 damno
857 1854 928 1908 octo
945 1845 1202 1911 marcarum-ttic-

169 1953 272 2018 teuter
286 1955 477 2028 ablatarum,
509 1954 611 2017 indice
626 1955 708 2018 Mica
722 1956 836 2019 comite
851 1957 891 2019 de
905 1954 1030 2030 Bichor,
1051 1954 1201 2038 pristaido

170 2048 288 2128 {ianne
307 2065 347 2129 de
371 2064 444 2127 uitia
457 2066 590 2147 Apathy.
618 2067 671 2149 qui
686 2085 757 2129 cum
772 2068 934 2131 uenissent
949 2068 1137 2131 Uaradinum
1158 2066 1200 2137 ati

171 2196 304 2239 examen
325 2173 400 2240 ferri
423 2178 585 2239 candentis
607 2179 759 2258 pacificati
778 2188 869 2253 sunt,
889 2179 985 2241 iudici
1004 2188 1036 2243 et
1051 2178 1201 2261 pristatm

171 2288 354 2351 satisfacere
364 2289 599 2362 conuenientes,
620 2290 721 2352 Bunsa
734 2310 809 2354 uero
821 2299 852 2353 et
863 2291 936 2352 tsou
948 2311 1007 2372 pro
1017 2292 1102 2354 bono
1114 2270 1201 2372 pacis

172 2398 367 2479 supradicta,
388 2419 450 2480 que
466 2400 684 2481 requirebant,
706 2399 842 2464 totaliter
857 2401 1062 2466 remittentes.

192 2582 199 2592 ⁶
253 2513 352 2584 (119)
374 2512 478 2574 Pouca
493 2512 533 2575 de
546 2510 620 2575 nilla
633 2513 715 2575 Buza
729 2512 867 2594 impeciit
880 2513 1091 2577 conniilanum
1104 2530 1198 2579 suun

170 2623 297 2687 nomine
307 2621 475 2696 Muniam,
498 2631 530 2689 ct
543 2643 652 2687 omnes
666 2622 744 2685 aiios
758 2624 953 2688 couniilanos
967 2625 1109 2688 eiusdem
1123 2623 1199 2689 uilia

176 2736 215 2798 de
234 2735 430 2797 consciencia
451 2743 483 2796 et
506 2735 746 2815 conspiracione
768 2735 937 2799 homicidii.
964 2758 1044 2818 quos
1057 2736 1204 2803 Micam·

177 2868 243 2909 mes
269 2848 308 2909 de
332 2845 444 2908 Bichor
466 2847 652 2919 discuciens,
674 2868 731 2928 per·
753 2846 938 2928 pristaldum
961 2869 1053 2910 suum
1075 2848 1195 2913 scilicet
1306 2856 1313 2869 “

174 2958 350 3021 Colendum
363 2959 402 3020 de
419 2957 491 3020 uitla
504 2958 620 3021 Noozut
635 2957 717 3022 misit
731 2959 771 3020 ad
786 2957 933 3022 iudicium
946 2959 1020 3023 terri
1032 2958 1204 3032 candentis,

175 3070 227 3132 ubi
242 3070 398 3131 Muutrach
424 3091 481 3150 pro
507 3090 558 3140 sa,
581 3077 612 3132 et
633 3089 713 3130 uirus
737 3089 794 3149 pro
817 3069 951 3141 niliacis,
971 3078 1095 3150 portato
1116 3068 1204 3132 ferro

174 3179 328 3243 iustificati
343 3188 424 3242 sunt.

257 3290 357 3363 (120)
379 3288 669 3370 Comprouiuciates
691 3289 730 3349 dc
753 3289 826 3360 nus,
846 3295 878 3349 et
899 3287 1009 3351 horum
1027 3285 1204 3367 specialiter

174 3401 320 3482 ioubagio
332 3401 434 3473 Pauli,
446 3400 500 3462 titii
511 3401 638 3470 Mocou,
652 3397 773 3460 scilicet
783 3399 934 3460 Martinus
948 3399 988 3459 de
1000 3397 1201 3475 artronum,

174 3519 206 3572 ct
218 3510 316 3572 abhas
331 3512 370 3574 de
385 3514 458 3572 Zam
475 3520 506 3573 et
520 3510 616 3573 abbas
632 3510 671 3572 dc
682 3509 771 3571 thou
786 3517 819 3571 et
831 3510 939 3590 Beque
954 3509 993 3571 de
1008 3507 1084 3570 uilia
1097 3508 1201 3585 Sum,

173 3621 206 3684 hi
222 3642 332 3684 omnes
345 3622 514 3702 impeciece
530 3621 628 3694 sures,
650 3619 813 3682 uidelicet:
835 3619 938 3680 Lodut
953 3619 992 3682 de
1007 3618 1079 3682 uilla
1094 3619 1201 3696 trust,

173 3733 332 3797 Simonem
356 3741 389 3795 et
401 3734 526 3805 Butam,
549 3734 589 3796 de
604 3732 678 3793 uiila
696 3733 806 3805 Nozta,
827 3729 927 3793 Elium
941 3731 981 3792 do
994 3729 1070 3793 uilia
1085 3730 1201 3809 Ualeri,

172 3845 356 3925 Dionysium
376 3846 416 3908 de
436 3844 508 3906 uilla
525 3844 610 3918 Uita,
631 3844 823 3926 Stephanum
844 3851 877 3905 et
898 3845 1044 3925 Rupoum
1062 3844 1103 3907 da
1123 3841 1202 3909 uitta

174 3952 303 4035 Gymey,
323 3955 428 4018 iudice
443 3955 524 4017 Mica
539 3953 652 4017 comite
667 3954 706 4016 de
720 3953 843 4027 Bichor,
863 3953 1015 4036 pristaldo
1028 3956 1145 4018 loanne
1158 3954 1200 4019 de

174 4062 248 4128 uilla
260 4065 395 4151 Aptthp.
415 4067 636 4133 denominatis
650 4064 774 4132 furibus
784 4065 962 4152 Stephanus
976 4067 1008 4133 c't
1015 4067 1101 4130 Elias
1114 4084 1201 4133 com·
