2798 4764
348 377 470 423 auarior
491 376 656 425 nrcmruu
677 379 853 426 conoulmu
880 378 980 428 reses.
1118 364 1179 429 363

149 533 297 597 heredes.
333 533 492 615 possessio
519 553 595 596 uero
620 535 658 597 ab
683 535 751 597 aliis
776 536 902 617 regibus
927 535 997 599 data
1025 535 1065 598 de
1088 543 1178 618 patre

151 646 323 709 descendat
344 647 382 708 ad
404 645 512 708 filium.
541 648 595 729 qui
614 649 640 709 si
661 648 820 711 defuerint
834 650 984 711 succedat
999 669 1178 730 germanus,

150 760 238 820 cuius
252 758 307 820 filii
322 759 421 821 eciam
438 768 507 840 pest
523 768 652 822 mortem
668 760 751 823 illius
767 781 829 822 nou
842 760 1085 823 exheredentur.
1107 783 1179 844 ger·

147 890 258 932 manus
277 880 381 934 autem
406 872 564 952 predictus
587 872 612 932 si
635 892 696 933 nen
720 873 907 944 inueniatur,
928 874 995 954 regi
1017 872 1176 937 hereditas

149 983 328 1064 deputetur.

231 1097 314 1169 (21)
335 1095 502 1158 Hereditas
524 1095 670 1176 empticia
693 1095 769 1158 nulli
793 1097 904 1159 heredi
926 1097 1097 1172 auferatur,
1118 1099 1175 1162 sed

148 1214 266 1270 tantum
283 1209 395 1269 eodem
412 1209 590 1272 testimonie
605 1209 817 1272 confirmetur.

231 1321 308 1395 (22)
330 1320 480 1382 Iudicium
496 1321 571 1383 terri
586 1329 618 1383 et
632 1341 712 1403 aque
729 1321 760 1382 in
776 1321 881 1404 aliqua
896 1322 1029 1385 ecclesia
1043 1322 1174 1386 lieriin-

147 1431 344 1504 terdicimus,
367 1431 425 1491 nisi
448 1433 479 1492 in
502 1432 577 1494 sede
600 1432 772 1514 episcopali
794 1441 825 1495 et
846 1433 1016 1497 maioribus
1031 1435 1175 1516 preposi-

149 1543 234 1616 luris‚
256 1564 392 1605 necnon
408 1545 532 1606 Posonii
549 1553 579 1609 et
593 1544 700 1608 Nitrie.

229 1657 305 1732 (23)
328 1658 423 1719 ludex
439 1657 552 1720 iniuste
568 1678 680 1720 causas
696 1660 871 1722 discuciens
893 1661 932 1722 ad
951 1661 1069 1723 curiam
1090 1662 1174 1745 regis

148 1787 216 1830 cum
232 1769 334 1851 sigillo
351 1779 491 1851 cogatur,
512 1772 568 1832 sed
583 1772 650 1832 sine
665 1771 766 1853 sigillo
782 1774 821 1835 ad
836 1773 1001 1855 synodum.

229 1880 312 1955 (dl)
334 1881 364 1943 Si
381 1882 450 1961 quis
466 1882 505 1943 ad
521 1891 712 1945 conuentum
735 1885 956 1966 episcoporum
980 1893 1010 1947 et
1025 1885 1172 1947 comitum

146 1992 255 2055 uenire
278 1993 465 2076 neglexerit,
487 1995 651 2058 iudicetur.
680 1997 740 2077 ipsi
755 2017 830 2058 uero
845 1997 889 2058 sic
909 1995 1039 2061 sollicite
1055 2017 1173 2061 conue-

145 2106 249 2178 niant,
271 2106 315 2166 sic
337 2105 468 2168 subnixa
487 2126 560 2168 cura
582 2107 757 2179 confidant,
777 2108 887 2189 sicque
905 2128 1024 2170 summa
1040 2107 1172 2190 diligen-

146 2217 191 2279 cia
214 2217 287 2299 equi
310 2217 481 2280 libraminis
506 2219 652 2280 trutinam
677 2225 899 2300 compensent,
929 2228 1084 2299 quatenus
1112 2237 1171 2280 uec

145 2327 217 2389 hinc
239 2329 366 2410 quidem
388 2348 443 2410 per
465 2329 571 2390 odium
597 2329 813 2391 innocenciam
835 2329 1083 2410 condempnent,
1112 2346 1172 2391 uec

144 2439 227 2500 illinc
243 2460 299 2520 per
314 2441 486 2502 amiciciam
501 2440 624 2522 culpam
640 2440 820 2503 defendam.

226 2554 311 2627 (25)
332 2554 377 2613 De
404 2553 523 2614 tributis
549 2562 654 2615 autem
676 2551 880 2634 uectigalibus
901 2553 982 2615 sicut
1007 2553 1170 2615 comitibus

144 2665 270 2728 terciam
298 2675 420 2747 partem
450 2666 524 2728 dare
553 2664 766 2738 decreuimus,
797 2665 839 2726 ita
865 2665 1018 2727 decimam
1043 2683 1170 2748 quoque

145 2777 299 2859 episcopis
311 2797 487 2841 censemus.
500 2752 580 2860 ⁸ipuia
592 2799 661 2840 cum
676 2786 738 2840 tam
752 2779 828 2839 noui
841 2798 934 2860 quam
949 2779 1064 2841 ueteris
1076 2786 1172 2840 testa·

144 2891 238 2953 menti
261 2892 375 2973 pagina
398 2891 535 2952 decimas
558 2892 677 2954 dandas
699 2912 770 2954 esse
792 2891 978 2973 proclamet,
1008 2891 1170 2955 incautum

144 3011 175 3064 et
191 3003 398 3066 inconsultum
416 3014 478 3076 est,
500 3004 527 3064 si
541 3004 680 3067 instituta
694 3013 873 3067 sanctorum
888 3024 1106 3086 presumamus
1122 3003 1170 3065 in·

143 3114 296 3196 fringere,
326 3134 387 3197 que
411 3135 533 3177 summa
563 3116 669 3197 pocius
694 3117 869 3178 deuocione
894 3117 1045 3178 debemus
1070 3115 1170 3177 adim·

143 3226 240 3308 plere.

225 3341 302 3415 (26)
325 3338 357 3400 Si
374 3343 443 3422 quis
459 3341 489 3402 in
506 3340 718 3404 testimenium
734 3341 887 3403 adductus
908 3339 1039 3403 alicuius
1053 3338 1169 3402 uerita·

142 3459 205 3512 tem
228 3471 285 3513 sua
303 3453 410 3515 nititur
433 3454 637 3516 attestacione
659 3453 812 3533 probare,
841 3452 933 3514 huius
956 3451 1169 3515 testimouium

142 3564 185 3626 sic
207 3565 302 3647 recipi
325 3566 486 3640 iubemus,
509 3567 534 3628 si
554 3566 720 3648 presertim
739 3566 779 3630 sit
793 3565 955 3628 consessus
976 3573 1103 3646 peccata
1118 3584 1169 3628 sa·

142 3677 331 3740 cerdotibus.
353 3680 378 3740 si
395 3679 532 3761 denique
547 3678 738 3740 contrarium
752 3678 883 3751 habeat,
898 3685 933 3740 ut
947 3684 979 3740 et
993 3675 1032 3740 sit
1046 3677 1169 3740 cautela

143 3789 209 3850 ueri
233 3791 401 3852 testimonii
425 3812 482 3872 per
497 3790 694 3853 sacerdotem
708 3792 740 3852 in
756 3791 972 3865 consessione,
994 3798 1026 3853 et
1040 3792 1170 3854 menda·

141 3901 186 3965 cis
201 3902 293 3985 culpe
308 3904 484 3986 redemptio
498 3903 552 3966 liat
565 3904 596 3967 in
611 3904 824 3985 possessione.

223 4017 304 4090 (27)
326 4016 433 4079 Nullus
455 4018 570 4080 audeat
591 4017 758 4099 perhibere
780 4017 992 4081 testimonium
1012 4017 1073 4080 nisi
1093 4037 1170 4080 con·

141 4128 242 4193 lessus
264 4139 405 4212 peccam.
434 4131 658 4214 cuiuscumque
673 4130 884 4194 testimonium
898 4131 1011 4194 lalsum
1026 4131 1168 4195 inuenia-

140 4248 201 4318 tur,
223 4242 290 4310 eius
304 4243 518 4307 testimouium
532 4243 666 4328 amplius
679 4263 745 4309 uon
757 4245 937 4328 recipiatur.
