2798 4764
230 332 292 400 318
369 351 662 398 3.1131111111111111
683 351 849 396 1111111111
870 350 892 396 1.
923 351 1004 397 arro
1024 350 1123 396 nen.

231 506 272 569 ad
285 505 389 590 legem
404 524 491 567 suam
507 505 666 587 antiquam
681 505 800 567 inuenti
816 504 933 567 fuerint
947 505 1119 579 rediuisse,
1142 524 1160 568 a
1177 508 1262 569 sedi-

231 620 290 681 bus
304 618 368 679 suis
383 616 518 699 separati
535 617 574 678 ad
590 616 665 678 alias
682 615 772 679 uillas
786 616 1023 678 transferantur.
1055 614 1096 676 illi
1112 637 1191 680 uero
1206 618 1260 699 qui

231 728 435 811 inculpabiles
454 747 512 808 per
525 727 673 789 iudicium
690 736 915 808 apparuerunt,
937 726 968 786 in
983 727 1117 807 propriis
1132 728 1260 789 sedibus

231 846 422 902 remaneant.

312 947 377 1030 (10)
399 948 443 1010 Dc
463 952 597 1029 coniupio
615 950 769 1011 iudeorum
793 960 818 1010 ct
837 950 1069 1010 christianorum
1091 952 1256 1011 mulierum.

231 1061 264 1124 Si
279 1061 366 1123 ludei
382 1081 495 1122 uxores
511 1059 695 1123 christianas
715 1060 773 1121 sibi
789 1060 1032 1132 associaverint,
1054 1069 1107 1123 aut
1122 1061 1258 1143 aliquam

231 1192 396 1256 personam
415 1172 613 1234 christianam
632 1173 664 1233 in
678 1171 814 1233 seruicio
829 1172 912 1251 apud
927 1191 961 1233 se
976 1172 1182 1246 detinuerint,
1204 1173 1260 1233 ab·

230 1285 290 1348 late
306 1285 345 1346 ab
360 1287 405 1347 eis
420 1285 555 1347 libertati
570 1284 752 1346 reddantur.

312 1395 378 1478 (11)
399 1399 443 1459 Dr
457 1399 634 1478 ucqlipencio
648 1398 832 1458 ecclesiarum
846 1398 879 1456 iu
892 1397 1057 1457 dominicis.
1093 1396 1125 1457 Si
1141 1397 1211 1479 quis
1226 1398 1258 1459 in

230 1511 395 1574 dominicis
410 1511 521 1573 diebus
543 1510 594 1572 uel
615 1511 647 1570 in
670 1509 837 1571 maioribus
857 1509 1080 1571 festiuitatibus
1101 1510 1140 1571 ad
1155 1511 1259 1572 eccle·

229 1623 307 1684 siam
328 1642 392 1683 non
415 1623 537 1683 uenerit
562 1621 789 1702 parochialem,
810 1622 994 1683 uerberibus
1014 1622 1208 1702 corripiatur.
1231 1623 1257 1685 si

231 1753 308 1796 uero
330 1733 404 1794 uille
427 1741 547 1794 remote
570 1733 703 1807 fuerint,
732 1735 824 1796 etad
847 1734 1011 1795 ecclesiam
1035 1733 1257 1815 parochianam

230 1843 336 1906 uillani
351 1844 460 1906 uenire
475 1863 538 1905 non
554 1843 724 1924 potuerint,
736 1863 816 1905 unus
828 1852 932 1905 tamen
945 1863 984 1904 ex
996 1843 1041 1905 eis
1053 1845 1178 1906 nomine
1191 1864 1258 1905 om-

229 1957 316 2018 nium
340 1976 410 2016 cnm
434 1955 545 2017 baculo
566 1955 605 2017 ad
629 1954 795 2018 ecclesiam
818 1955 939 2029 ueniat,
968 1963 999 2016 et
1021 1963 1084 2017 tres
1105 1975 1203 2038 panes
1226 1965 1257 2019 et

230 2070 393 2131 candelam
408 2068 447 2130 ad
463 2066 560 2130 altare
574 2069 694 2129 3113131.

313 2179 378 2262 (1·2)
399 2182 442 2242 Dc
456 2184 645 2243 ucucrociouc
658 2201 749 2261 cupro
763 2183 909 2241 dictorum
924 2182 1047 2241 dicrum.
1092 2180 1125 2241 Si
1139 2179 1208 2262 quis
1224 2182 1256 2241 in

229 2295 407 2357 hisdiebus
437 2301 570 2357 uenatus
600 2293 710 2366 fuerit,
739 2293 870 2357 canibus
893 2300 925 2354 31
945 2312 1028 2375 equo
1048 2302 1170 2367 careat,
1200 2295 1257 2356 scd

229 2428 345 2490 equum
368 2409 451 2470 boue
466 2407 609 2469 redimat.
635 2406 661 2466 si
681 2424 758 2468 uero
774 2405 929 2486 presbiter
943 2413 996 2466 aut
1010 2405 1143 2468 clericus
1164 2405 1259 2468 fuerit

227 2527 372 2592 uenatus,
395 2519 434 2580 ab
450 2519 559 2580 ordine
575 2518 745 2580 descendat
760 2537 859 2599 usque
875 2517 914 2578 ad
929 2517 1185 2579 satisfactionem.

312 2627 377 2709 (13)
401 2631 443 2690 lle
468 2633 667 2710 intersectione
692 2630 830 2690 adultere.
879 2629 909 2689 Si
935 2627 1004 2710 quis
1030 2650 1159 2691 uxorem
1186 2650 1256 2691 cum

229 2740 291 2803 alio
311 2741 380 2802 uiro
400 2740 594 2802 adulterante
617 2740 795 2813 necauerit,
817 2741 878 2802 deo
901 2741 1059 2803 racionem
1081 2741 1202 2812 reddat,
1226 2749 1257 2802 et

228 2851 255 2913 si
277 2852 414 2913 noluerit
431 2850 523 2912 aliam
547 2852 648 2912 ducat.
677 2851 704 2911 si
727 2871 803 2912 uero
826 2872 864 2912 31
879 2852 1061 2934 propinguis
1082 2851 1194 2932 aliquis
1210 2851 1256 2912 fe·

229 2962 312 3024 minc
329 2962 359 3022 in
375 2982 447 3023 cum
464 2963 680 3034 insurrexerit,
702 2963 787 3043 qnod
803 2962 915 3024 iniuste
930 2963 1155 3035 interfecisset,
1177 2963 1257 3024 iudi-

230 3075 278 3137 cio
293 3075 490 3138 discuciatur.
511 3081 541 3136 et
555 3074 631 3136 illud
646 3094 664 3135 a
679 3075 790 3136 uicinis
805 3095 914 3136 eorum
930 3076 1117 3137 omnimodis
1129 3076 1257 3137 inuesti-

229 3197 329 3272 getur,
350 3188 376 3249 si
397 3186 430 3247 111
453 3187 654 3267 despectione
678 3194 710 3248 31
731 3194 911 3267 contemptu
935 3187 1019 3267 apud
1041 3187 1143 3248 uirum
1166 3207 1256 3248 suum

229 3310 330 3375 esset,
352 3308 406 3361 3111
426 3298 532 3379 aliqua
552 3299 687 3379 suspicio
706 3298 925 3360 fornicacionis
948 3298 987 3359 de
1010 3296 1062 3359 illa
1080 3299 1166 3379 prius
1189 3306 1256 3359 orta

229 3414 351 3477 fuisset.
380 3422 411 3475 et
427 3413 488 3474 boc
503 3413 674 3474 secundum
691 3411 775 3492 quod
790 3408 979 3471 racionabile
999 3410 1124 3472 uidetur
1145 3410 1256 3472 diiudi-

230 3536 327 3589 cetur.

312 3636 380 3717 (11)
402 3638 445 3698 Dr
459 3639 652 3698 subtractione
666 3636 796 3697 loleudc.
840 3633 871 3695 Si
887 3633 957 3716 quis
973 3634 1012 3695 de
1028 3631 1169 3695 kalendis
1187 3631 1254 3693 sine

229 3748 396 3831 presbiteri
417 3751 464 3810 sui
480 3758 510 3811 31
526 3749 656 3812 fratrum
673 3747 800 3808 licencia
815 3744 1022 3816 subtraxerit,
1044 3762 1167 3804 manum
1184 3761 1255 3803 cum

229 3878 291 3941 qua
307 3858 533 3923 fraternitatem
548 3859 706 3941 promisit,
728 3878 798 3920 cum
814 3859 924 3920 decem
937 3855 1043 3938 pensis
1059 3854 1201 3917 redimat.

311 3969 375 4052 (15)
398 3972 442 4033 Dc
462 3973 638 4051 urplipenciu
659 3973 852 4052 scatiuitotum
872 3972 908 4034 ob
928 3971 1089 4049 mpocium.
1138 3968 1256 4049 Siquis

229 4085 261 4148 in
285 4085 446 4148 dominicis
469 4084 579 4146 diebus
600 4082 652 4146 uel
673 4084 705 4145 in
724 4083 893 4147 maioribus
912 4081 1134 4147 festiuitatibus
1156 4081 1256 4144 eccle-

229 4198 307 4264 siam
321 4195 482 4283 negligens
497 4201 668 4259 mercatum
685 4194 952 4282 frequentauerit,
973 4214 1056 4280 equo
1072 4202 1188 4259 careat.
