2798 4764
502 371 685 423 mccsmuu
710 372 751 422 m
771 369 885 422 risun.
1143 352 1204 420 ‘nt

182 534 285 608 sione,
306 534 358 615 qui
379 552 448 594 cum
472 533 585 612 etipse
600 539 743 612 negaret,
765 529 923 611 Uingiziou
937 548 1043 590 comes
1058 528 1098 590 de
1112 526 1206 589 Zoth-

182 665 258 718 mar,
280 664 336 725 per
350 644 533 725 pristaidum
550 643 676 704 nominc
692 642 813 704 Chentu
834 641 916 703 misit
929 640 1130 713 Uaradinum‚
1151 637 1206 700 ubi

182 756 280 817 Uosos
295 762 417 835 portato
434 754 518 816 terro
533 754 714 815 combustus
729 760 786 814 cst.

262 865 351 947 (318)
375 865 477 926 Achns
505 874 536 927 ot
556 864 657 927 Butha
686 865 725 926 dc
747 864 820 925 uilia
841 863 976 926 Chensci
1001 863 1208 944 impecierunt

180 978 317 1050 Gabnm,
338 977 514 1048 Nicolaum,
537 976 674 1065 Teknm,
696 977 839 1048 Petrum,
862 984 894 1038 et
913 974 1007 1037 alium
1023 975 1148 1035 Petrum
1167 972 1206 1033 de

181 1089 342 1151 Humuroc
366 1107 422 1168 pro
447 1087 625 1158 latrocinio,
654 1087 757 1148 iudice
780 1086 875 1147 Paulo
900 1084 1007 1147 curiali
1031 1084 1144 1146 comite
1167 1082 1207 1144 do

183 1199 297 1261 Bichor
320 1207 351 1260 et
372 1198 467 1260 bitoto
490 1197 620 1270 Cibout,
648 1198 797 1277 pristaido
819 1198 953 1261 Martino
983 1197 1022 1258 de
1044 1194 1208 1256 Curmusd.

184 1310 330 1371 Uaradini
355 1318 460 1371 autem
485 1308 616 1389 predicti
637 1308 829 1390 impetitores
850 1308 1109 1389 subterfugerunt
1127 1304 1209 1367 iudi-

185 1422 265 1482 cium
292 1421 364 1482 terri
391 1421 570 1492 candentis,
598 1421 737 1482 dicentes
761 1439 796 1482 sc
820 1419 899 1481 saiso
926 1418 1057 1500 peciisse
1080 1417 1147 1479 illos
1169 1416 1208 1478 de

184 1531 376 1594 latrocinio·

269 1641 354 1723 (aaa)
376 1644 485 1724 nogns
501 1616 652 1725 uescegu
669 1644 708 1705 ae
723 1642 935 1714 tirrannum,
950 1639 1209 1703 concionantibus

185 1754 370 1818 conuiiianis
392 1775 517 1828 eorum,
538 1755 745 1835 irnpecieruut
765 1755 874 1815 Ianum
889 1752 1100 1815 conuissanum
1120 1770 1210 1814 sunm

185 1866 226 1929 de
240 1865 333 1939 furto,
354 1867 456 1928 iudice
471 1867 604 1928 Martino
618 1865 748 1937 comite,
769 1862 919 1945 pristaldo
930 1862 1012 1925 Uois.
1033 1863 1125 1924 ianus
1140 1880 1209 1922 cum

185 1978 266 2039 colui
286 1978 432 2049 deberet,
460 1976 600 2055 confugit
621 1976 660 2037 ad
682 1975 863 2048 ecclesiam,
893 1973 999 2036 dicens
1027 1993 1060 2034 se
1081 1973 1211 2034 combu-

186 2095 280 2150 sium.

270 2195 355 2277 (320)
386 2198 513 2271 Paulus,
545 2199 585 2259 de
610 2199 684 2260 uitta
707 2201 809 2270 Zona,
840 2196 979 2280 impeciit
1002 2196 1212 2259 conciliarum

188 2329 295 2382 suam,
317 2309 443 2372 nominc
459 2311 601 2391 scemam
626 2311 665 2372 de
685 2310 849 2372 ueneficio.
878 2309 979 2371 iudice
995 2309 1141 2370 Farcasio
1163 2327 1213 2370 ar·

189 2421 371 2482 chidiacono
384 2420 422 2482 de
433 2423 569 2494 Zonuuc‚
585 2420 737 2502 pristaido
749 2420 920 2501 Stephano.
943 2418 1088 2482 Uaradini
1100 2419 1212 2481 Paulus

189 2531 324 2592 absoluit
337 2530 438 2603 iiiam,
459 2532 619 2613 spondens
633 2552 667 2593 sc
682 2532 860 2594 satisfacere
876 2530 980 2593 iudici.
1004 2530 1056 2592 iiia
1071 2550 1149 2593 uero
1163 2548 1214 2592 sa·

188 2643 347 2705 tisfaceret
362 2642 520 2724 pristaldo‚
542 2651 573 2705 et
587 2644 732 2724 capitulo.

274 2751 358 2833 (321)
380 2753 462 2815 [inor
477 2752 635 2834 Teleguou
657 2763 688 2815 ct
706 2753 789 2833 filius
809 2753 877 2816 eius
896 2753 1045 2835 Cumpert
1066 2752 1215 2836 impecic·

190 2875 262 2927 runt
276 2866 354 2926 duos
370 2884 480 2927 seruos
493 2864 647 2939 Olodarii,
670 2867 816 2929 uidelicet
831 2867 882 2929 Sal
897 2873 929 2929 et
943 2866 1069 2939 Bodun,
1090 2874 1121 2929 et
1135 2866 1215 2929 dnos

188 2975 392 3056 ioubagiones
416 2976 555 3047 loannis,
577 2977 695 3038 scilicet
718 2979 822 3039 Sutian
847 2987 879 3040 et
898 2977 1011 3051 Uoicn,
1032 2986 1064 3039 et
1084 2979 1214 3040 totidem

189 3088 363 3149 seruientes
379 3086 458 3159 Beli,
479 3086 600 3149 scilicet
612 3089 760 3149 ioannem
782 3095 814 3149 et
828 3090 954 3150 Petrum
969 3107 1026 3168 pro
1041 3087 1216 3160 latrocinio,

189 3197 291 3258 iudice
310 3197 438 3258 Nicoiao
459 3198 572 3258 comite
591 3197 746 3276 palatino,
766 3197 916 3277 pristaido
938 3196 1091 3278 Phiiippo.
1120 3205 1152 3259 et
1171 3195 1216 3258 itti
1251 3273 1260 3283 ,

190 3305 317 3384 quidem
341 3325 397 3366 sex
424 3303 568 3364 Uaradini
596 3312 720 3384 portato
744 3304 827 3367 ferro
852 3305 1008 3368 iustificati
1033 3317 1123 3379 sunt,
1159 3307 1215 3369 sed

191 3422 297 3495 preter
318 3414 387 3475 iilos
410 3414 616 3493 prenominati
639 3424 836 3480 accusatores
856 3417 1064 3498 impccierunt
1085 3419 1215 3481 Aibeunr

192 3525 413 3607 ioubagionern
427 3524 585 3600 Iohannis,
601 3536 632 3588 et
648 3528 809 3590 domiuum
824 3529 982 3591 Scenezeii
997 3529 1217 3613 ionbagioncm

192 3635 313 3698 abbatis
329 3637 368 3698 de
384 3636 514 3698 Heniuz.
545 3657 680 3718 quorum
695 3638 820 3713 Atheus,
839 3640 984 3702 senciens
998 3660 1032 3702 se
1046 3661 1117 3704 esse
1131 3662 1218 3704 com-

191 3751 335 3822 bustum,
356 3748 498 3829 confugit
512 3749 551 3810 ad
567 3749 742 3812 ecclesium.
771 3752 930 3814 Scenezeti
945 3770 1023 3814 uero
1038 3753 1217 3816 combustus

193 3868 252 3923 est.

274 3964 359 4049 (3221
379 3971 480 4032 Adam
495 3970 577 4033 filius
587 3969 722 4055 Bolosoy
738 3974 778 4036 de
792 3973 865 4037 uilla
880 3974 975 4037 Ioueu
989 3974 1128 4057 impeciit
1143 3994 1219 4036 con-

192 4079 342 4144 uiiianum
362 4101 454 4144 suum
475 4084 602 4145 nomine
624 4083 771 4159 Paulum,
793 4086 901 4148 dicens
925 4086 1010 4169 quod
1032 4106 1129 4147 unum
1151 4105 1219 4147 ser·

192 4209 269 4258 num
287 4211 380 4257 ouum
400 4195 528 4260 nomine
543 4195 670 4276 nonu,
690 4205 723 4266 ct
739 4196 869 4265 atteram
890 4200 1036 4264 ancittam
1054 4214 1143 4262 suam
1157 4195 1217 4262 sci-
