2798 4764
550 1076 669 1161 ullu
694 1076 898 1163 111.ttttttts

498 1223 952 1354 eruendas

249 1445 492 1509 POPULORUM
512 1446 717 1509 ECCLESltE
740 1442 1205 1522 QUlNQUEECCLESlENSlS.

658 1588 795 1650 uexat.

372 1760 394 1811 Ε
407 1764 550 1811 transnanto
563 1759 712 1810 monasterii
724 1758 909 1824 Simighiensis
926 1773 992 1809 enno
1009 1756 1079 1810 llbl.

295 2037 334 2099 ut
355 2037 428 2118 qnia
448 2044 646 2098 sacrosancta
668 2037 718 2098 dei
742 2035 888 2110 ecclesia,
910 2042 1009 2097 mater
1026 2034 1187 2117 religionis
1210 2043 1242 2098 et

213 2147 288 2213 tidei
315 2149 501 2224 christiane,
534 2149 683 2232 qnoniam
711 2168 819 2210 omnes
843 2148 924 2209 iuste
950 2148 1114 2210 credentes
1136 2147 1241 2229 penali

213 2262 358 2327 liberata
374 2263 535 2345 gehenna,
558 2271 589 2325 et
610 2283 628 2324 a
649 2260 737 2324 malis
753 2261 986 2323 imminentibus
1004 2261 1122 2342 pariter
1136 2260 1166 2321 in
1181 2259 1242 2321 hac

211 2376 278 2440 uita
293 2375 465 2439 calamitosi
486 2374 660 2438 uexaminis
681 2383 711 2437 et
731 2373 926 2456 perangariis
942 2373 1026 2434 exuit
1042 2381 1072 2435 et
1087 2372 1241 2446 defendit,

210 2487 326 2550 idcirco
341 2496 539 2550 sacrosancte
553 2484 714 2549 libertates
733 2495 763 2548 et
777 2485 988 2547 immunitates
1003 2504 1021 2546 a
1036 2485 1149 2546 nostris
1164 2504 1241 2566 pro-

213 2598 408 2681 genitoribus
432 2599 591 2680 elargitas,
613 2609 706 2680 prout
728 2618 767 2660 ex
788 2597 892 2659 multis
913 2596 1085 2679 priuilegiis
1100 2597 1241 2659 eiusdem

213 2707 343 2772 ecclesie
359 2709 551 2789 inspeximus
571 2718 602 2771 ct
625 2709 822 2791 collegimus,
844 2708 936 2770 nobis
951 2728 1012 2770 una
1028 2728 1099 2770 cum
1115 2708 1241 2769 domino

213 2827 245 2882 et
259 2820 454 2882 sanctissimo
470 2828 558 2901 patre
579 2830 685 2882 nostro
701 2819 860 2882 cardinale
876 2819 1060 2881 Prenestino
1081 2819 1241 2893 exhibitis,

212 2932 350 3014 presenti
367 2939 472 2992 nostre
487 2932 654 2994 maiestatis
671 2933 797 2995 decreto
813 2933 958 2995 duximus
973 2933 1171 3007 inserendas,
1193 2931 1240 2993 ui-

213 3062 289 3125 gore
306 3051 459 3125 perpetuo
475 3044 652 3106 duraturas.

294 3152 342 3237 (1)
372 3157 475 3218 Prima
499 3155 626 3217 libertas
652 3155 840 3237 populorum
875 3155 1008 3220 ecclesie
1034 3156 1133 3219 sancti
1156 3158 1239 3220 l‘etri

212 3270 362 3352 principis
378 3268 589 3351 apostolorum
605 3267 663 3330 hec
679 3278 742 3330 est:
764 3278 798 3330 ut
813 3270 913 3330 omnis
928 3269 1062 3351 populus
1078 3270 1240 3351 Quinque·

212 3383 413 3445 ecclcsiensis
429 3381 574 3456 ecclesie,
596 3381 664 3443 siue
684 3383 723 3443 sit
745 3382 858 3444 nobilis
880 3383 1005 3464 iobagio
1020 3383 1152 3446 ecclesie
1168 3403 1239 3457 sue,

212 3493 328 3575 hospes
344 3493 394 3556 uel
410 3495 502 3566 ciuis,
524 3515 580 3556 seu
596 3493 823 3556 corrdiciunalis
839 3495 1054 3576 cuiuscunque
1072 3495 1241 3569 seruitutis,

214 3606 376 3669 collectam
398 3606 449 3668 uel
473 3607 576 3668 taliam
600 3607 631 3667 in
653 3615 762 3668 nostro
784 3626 884 3688 regno
907 3626 963 3688 pro
982 3615 1123 3688 tempore
1139 3627 1241 3669 emer-

213 3725 355 3799 gentem,
378 3736 435 3778 nec
450 3717 538 3778 nobis
555 3738 614 3779 nec
630 3718 743 3780 nostris
757 3718 927 3781 baronibus
949 3718 1073 3780 soluere
1088 3728 1241 3791 teneatur,

213 3828 270 3891 sed
284 3827 342 3890 soli
363 3827 509 3909 episcopo
525 3837 556 3891 ct
572 3828 704 3891 ecclesie
720 3830 812 3892 cedat
828 3830 896 3892 talis
913 3830 1045 3892 exactio.
1067 3839 1098 3893 et
1119 3831 1241 3912 episco-

211 3960 271 4023 pus
286 3939 634 4022 Quinqueecclesicnsis
658 3942 930 4005 excommunicare
954 3943 1067 4025 possit,
1089 3963 1162 4005 suos
1186 3964 1241 4027 po·

212 4051 303 4134 pulos
323 4060 432 4114 contra
451 4052 512 4114 boc
532 4062 702 4117 nexantem
726 4054 891 4117 indultum.
922 4063 954 4118 et
974 4055 1174 4119 nihilominus
1194 4057 1241 4118 ui-

212 4163 290 4248 ginti
314 4182 490 4228 marcarum
513 4185 596 4249 pene
614 4166 770 4242 subiacet,
796 4167 858 4250 ipsi
879 4168 1012 4232 ecclesie
1034 4169 1157 4252 penitus
1177 4169 1240 4233 sol·
