2798 4764
215 330 279 402 'tw
538 348 724 402 essenncu
747 350 789 400 ns
809 347 920 401 ruso.

216 510 346 574 Panium
360 509 489 573 fratrem
504 509 596 572 lieim
610 510 650 573 de
665 508 876 573 destructione
890 509 982 572 triu·
996 506 1218 591 prediorum,
1239 508 1272 572 id

216 629 265 685 est
278 623 393 684 damno
413 622 575 703 sexaginta
596 641 789 696 marcarum,
810 620 914 683 indice
936 619 1118 683 Solomone
1147 622 1272 683 comite

217 731 258 794 de
271 733 377 795 bacbu
391 752 431 794 ex
446 740 596 814 precepto
611 733 694 814 regis
708 733 850 806 Andrus,
871 728 1024 814 pristuido
1037 720 1211 794 Tirnodeu
1229 732 1271 795 dc

217 842 300 906 Zeia.
322 845 417 905 borno
432 845 537 925 itaque
552 844 720 907 Alexandri
742 851 865 925 portato
880 843 965 906 ferro
980 842 1186 906 iustificatos
1209 853 1270 906 est.

299 952 387 1035 (327)
408 956 501 1017 lacon
516 953 597 1016 iilius
612 955 686 1016 Puta
707 954 845 1037 impeciit
858 952 998 1015 Cbekam
1022 953 1266 1036 ioubcgionern

212 1067 355 1139 Andree,
373 1067 412 1128 de
428 1066 632 1129 absconsione
648 1066 811 1128 cniusdam
824 1063 957 1147 fugitiue
971 1064 1092 1128 ancille
1109 1084 1173 1128 sue
1190 1086 1266 1129 curn

217 1178 357 1261 quinque
372 1178 494 1250 marcis,
516 1186 547 1240 ot
561 1198 617 1259 pro
633 1177 741 1239 Cbeka
754 1177 828 1239 fecit
843 1177 986 1238 dominus
1001 1195 1083 1238 suus
1100 1179 1267 1241 Andreas.

217 1289 333 1350 domno
355 1288 460 1370 itaque
476 1296 547 1349 octo
563 1288 675 1350 mercis
696 1287 887 1369 appreciato,
909 1285 1024 1348 Paulus
1042 1286 1186 1349 curiatis
1210 1307 1267 1348 co-

217 1420 284 1464 mcs
309 1402 348 1463 de
371 1401 485 1461 Bicbor
511 1399 593 1461 misit
611 1399 814 1472 Uaradinurn,
842 1399 916 1460 dnto
940 1397 1098 1477 pristnido
1125 1400 1263 1462 nomine

216 1513 370 1584 Amando,
392 1510 444 1572 ubi
459 1512 555 1572 bomo
570 1512 662 1573 lacon
679 1517 800 1591 porteto
815 1509 900 1571 ferro
914 1508 1107 1571 iustificatos
1122 1521 1189 1575 est.

178 1703 180 1707 ¹
300 1621 386 1703 (328)
409 1624 483 1685 Pani
498 1624 537 1685 de
553 1622 626 1685 uilla
642 1622 790 1704 Scignettt
808 1628 932 1703 portatu
947 1619 1034 1682 ferro
1048 1619 1263 1694 iustificatos,

217 1734 361 1815 probauit
383 1740 422 1795 εέ
433 1734 511 1794 duos
527 1753 626 1814 equos
641 1734 672 1793 in
688 1730 782 1795 uadio
798 1742 954 1814 acceptos,
976 1750 1075 1794 seruo
1091 1719 1184 1796 biice
1207 1755 1261 1798 co·

217 1844 313 1916 mitis,
334 1842 453 1906 scilicet
468 1842 603 1917 Scemct,
625 1863 696 1905 curn
711 1843 908 1907 consciencia
921 1845 1006 1906 Ereu
1031 1847 1260 1925 procuratoris

216 1954 393 2017 tradidisse.
414 1952 516 2015 iudice
531 1953 614 2015 Mica
627 1955 757 2027 comite,
780 1951 928 2036 pristaldo
942 1955 1041 2016 Keue.

299 2061 385 2145 (329)
407 2064 614 2146 ioubagiones
643 2065 682 2126 de
707 2066 861 2138 Zobosto,
892 2064 1011 2127 sciiicet
1034 2065 1164 2146 tgebcn
1193 2068 1258 2130 dux

212 2177 391 2249 exercitus,
420 2176 520 2249 Bede,
548 2172 639 2249 Beia,
668 2175 806 2247 b’odosu,
834 2174 918 2238 isaac
937 2174 1157 2250 centuriones,
1181 2178 1256 2240 item

216 2287 347 2351 Cicotou
362 2288 517 2369 b'arnogio
540 2294 572 2348 ct
584 2286 677 2348 Peter
696 2285 896 2367 urcbipreco,
916 2285 1132 2367 impecierunt
1149 2286 1258 2350 Cotto·

216 2399 288 2462 hm
303 2407 335 2461 et
346 2400 506 2479 Cepnnum
522 2398 561 2460 de
576 2396 713 2458 uiolenta
727 2397 937 2477 occupucione
952 2404 1035 2459 terre
1046 2399 1160 2460 nestri.
1183 2399 1257 2462 Cot·

216 2510 289 2573 iobe
312 2517 416 2571 autern
436 2509 598 2588 respondit
616 2527 650 2570 se
669 2516 783 2569 terrum
806 2508 939 2569 eandem
961 2526 1018 2588 pro
1039 2507 1154 2589 aliquo
1171 2510 1257 2572 iore·

217 2620 299 2683 iacto
319 2620 403 2700 prius
426 2619 580 2689 amisisse,
603 2626 634 2681 et
656 2619 769 2699 adepta
791 2618 900 2691 uenia,
922 2636 992 2678 cum
1013 2636 1071 2678 rex
1086 2619 1185 2681 reddi
1200 2639 1255 2681 sna

217 2749 274 2810 per
287 2749 441 2809 cepanum
458 2729 628 2808 palatinum
643 2730 788 2790 comitem
803 2729 1012 2809 precepisset,
1033 2727 1146 2792 nulius
1171 2733 1202 2793 ei
1224 2731 1255 2793 in

215 2856 287 2902 eam
301 2849 412 2901 terram
424 2840 604 2900 redintranti
615 2839 862 2902 contradixisset.
886 2837 1152 2921 Nicolausitaque
1166 2842 1256 2924 peie-

216 2952 300 3016 tinus
322 2969 443 3020 comes,
464 2949 558 3010 index
581 2969 708 3021 eornm,
730 2952 872 3032 precepit
891 2951 919 3013 ei
940 2951 1101 3013 adducere
1125 2954 1256 3033 prietat-

217 3063 292 3126 dum
308 3061 525 3132 restitucionis,
547 3068 579 3121 et
597 3059 648 3121 iile
671 3061 800 3124 adduxit
814 3061 953 3124 Ananiam
977 3062 1016 3122 de
1037 3060 1113 3123 uilia
1127 3064 1256 3128 Necbe·

218 3181 294 3249 mer,
315 3174 365 3236 cui
381 3172 590 3234 testimonium
608 3171 645 3232 do
661 3172 861 3233 restitucione
878 3171 1055 3252 perhibenti
1074 3172 1257 3254 supradicti

218 3286 388 3350 aduersarii
414 3284 626 3347 contradicere
652 3304 713 3344 non
738 3285 906 3356 audentes,
938 3284 1142 3347 condemnati
1166 3295 1255 3350 sunt.

216 3397 312 3460 index
333 3396 437 3476 itaque
459 3403 590 3465 terrain,
621 3394 660 3455 de
683 3413 744 3475 qua
767 3394 885 3456 scilicet
907 3395 1069 3475 agebatur,
1097 3399 1257 3476 predictis

217 3509 346 3571 Cotiobe
362 3515 394 3569 et
409 3507 535 3586 tlepanu
551 3505 623 3566 iecit
639 3505 841 3577 confirmare,
862 3505 935 3566 dato
950 3505 1102 3586 pristnido
1116 3511 1255 3573 nominc

218 3620 364 3681 Farcnsin
386 3619 425 3679 de
447 3617 521 3678 uiiie
536 3617 610 3678 Luc.
640 3616 693 3697 qni
718 3626 799 3678 terra
820 3615 872 3677 itta
893 3616 1075 3677 confirmata
1098 3619 1256 3701 legitime,

218 3749 288 3792 curm
311 3729 496 3791 centurione
512 3729 597 3789 isaac
618 3727 760 3800 nomine,
781 3727 886 3808 quise
909 3748 925 3789 a
946 3729 1038 3789 sociis
1055 3728 1124 3790 suis
1140 3743 1257 3796 centu·

218 3843 358 3906 tionibus
383 3843 597 3903 transmissum
621 3859 689 3902 esse
710 3840 886 3921 perbibuit,
914 3860 981 3903 rem
1005 3849 1128 3922 gestum
1156 3845 1259 3908 Uara-

216 3953 318 4018 diensi
343 3950 478 4034 capituto
503 3960 703 4028 contestatus,
723 3952 924 4036 presentibus
947 3952 1045 4016 literis
1067 3952 1148 4020 fecit
1170 3967 1261 4023 eter-

217 4068 295 4135 neri.
