2798 4764
183 306 226 381 62
479 322 610 393 scorrer
630 321 839 393 emorroides
859 301 916 401 (2).

182 477 215 540 in
229 478 324 541 Decio
340 496 426 541 mere
441 477 596 550 escendit,
617 483 648 539 et
666 476 719 538 uhi
740 475 852 539 fluuius
872 476 925 560 qui
947 474 1074 538 Rhenus
1096 474 1209 538 dicitur

182 609 269 653 mere
294 590 401 663 intrat,
433 609 489 672 per
511 589 655 653 Rhenum
676 588 792 653 exectis
813 588 908 653 remis
932 587 1139 651 Theutoniem
1161 587 1209 650 in·

182 722 306 785 gressus
328 708 391 775 est,
420 701 510 765 etad
534 699 693 763 Coloniam
714 699 873 763 ciuitatem
894 699 1053 783 egregiam
1076 698 1207 761 ueniens

183 812 314 877 tentoria
329 812 408 875 lixit.

265 1037 314 1117 (ut
342 1038 386 1100 Ue
400 1040 538 1101 occisione
553 1038 603 1103 xl
611 1039 762 1120 uirginum
775 1038 910 1099 millium.
953 1035 1026 1099 Mox
1040 1035 1084 1098 ilii
1099 1043 1207 1099 eontra

90 1148 94 1155 '
180 1159 349 1215 occurrunt
364 1150 407 1213 Xl
424 1149 518 1214 millie
532 1150 698 1233 uirginum,
713 1148 844 1213 uisitetis
858 1148 1016 1211 liminibus
1030 1156 1207 1211 senctorunr

181 1260 394 1347 apostolorum
415 1259 499 1325 Petri
521 1268 554 1325 et
573 1260 661 1324 Peuli
683 1260 722 1323 de
745 1260 869 1323 Uerona
888 1258 1097 1323 ueniencium.
1128 1277 1207 1343 ques

143 1438 146 1442 ,
180 1394 251 1437 ounr
267 1373 420 1436 uidissent
433 1372 588 1456 perterriti
603 1380 676 1435 sunt
689 1372 845 1446 custodes,
859 1380 891 1435 et
901 1370 1044 1434 celeriter
1059 1370 1209 1435 nuncient

181 1486 263 1570 regi,
284 1485 358 1569 quie
372 1486 512 1549 nondum
527 1485 639 1569 aliquis
654 1484 909 1568 perturboueret,
932 1491 1000 1565 post
1015 1503 1109 1567 quem
1124 1480 1207 1569 Alle-

179 1596 316 1660 rneniem
329 1595 512 1659 intreueret.
545 1580 600 1659 rex
615 1604 647 1658 et
662 1596 743 1658 ecies
759 1594 860 1658 subito
875 1594 974 1657 territi
988 1604 1097 1658 contra
1110 1572 1208 1679 uirgi-

179 1727 237 1769 nes
252 1704 365 1769 Christi
387 1705 545 1780 exierunt,
567 1714 597 1769 et
621 1725 673 1768 ees
696 1706 810 1769 cedere
829 1712 993 1787 ceperunt.
1016 1725 1087 1767 cum
1102 1712 1206 1769 eutem

149 1819 155 1833 '
179 1817 245 1881 iere
261 1837 370 1880 ornnes
385 1837 457 1880 cese
472 1817 623 1891 luissent,
644 1826 674 1880 et
690 1838 746 1880 rex
759 1818 825 1900 ipse
842 1818 882 1880 ed
897 1816 1052 1899 uirginem
1067 1815 1209 1881 christie-

180 1948 251 1991 nem
266 1927 408 1999 Ursulum
423 1929 723 2011 appropinquasset,
750 1937 782 1992 et
797 1948 866 1992 eem
882 1929 1010 1992 intuitus
1025 1928 1150 2002 fuisset,
1175 1934 1208 1992 et

179 2040 265 2125 quod
279 2041 368 2125 uirgo
383 2060 447 2103 non
462 2041 511 2103 uir
524 2051 607 2105 esset
621 2041 831 2124 cognouisset,
847 2040 924 2104 dixit
938 2040 977 2105 od
990 2060 1076 2103 earn:
1096 2041 1153 2104 osi
1167 2040 1208 2105 ed

180 2162 318 2217 nostram
332 2152 450 2235 regium
467 2150 734 2235 magnificenciam
755 2161 818 2215 tem
839 2161 892 2216 tue
912 2151 1024 2215 nobilis
1047 2152 1207 2234 uirginitas

56 2348 59 2353 Α
180 2264 327 2327 nuncium
348 2263 530 2338 direxisset,
556 2273 589 2327 et
612 2263 699 2327 nobis
728 2272 816 2327 tuum
844 2264 1015 2347 gloriosum
1038 2264 1208 2347 oduentuur¹

180 2374 395 2460 significasset,
409 2396 569 2459 nunqunm
584 2384 722 2439 nostrum
738 2375 868 2439 militum
882 2375 1027 2438 ferocitas
1042 2385 1109 2439 tues
1123 2376 1207 2440 ecies

179 2487 354 2550 occidisset.
379 2488 461 2550 unde
477 2486 624 2570 quiahoc
639 2508 696 2569 per
710 2487 922 2571 ignorenciem
936 2487 1052 2550 iactum
1067 2496 1129 2560 est,
1142 2484 1207 2551 noli

179 2598 218 2660 de
234 2598 293 2660 tuis
309 2596 437 2679 collegis
452 2598 582 2671 tristari,
603 2599 660 2661 sed
675 2600 773 2682 magis
789 2598 960 2671 consolari,
975 2599 1048 2681 quie
1063 2598 1139 2662 mihi
1154 2618 1206 2663 co·

178 2706 333 2789 puleberis
347 2719 379 2771 et
395 2709 501 2790 regine
514 2708 652 2771 omniurn
666 2729 834 2792 regnorum
851 2709 923 2771 eris.
946 2709 995 2770 cui
1010 2710 1207 2792 respondens

177 2820 270 2884 lreete
284 2818 392 2882 Ursule
408 2820 499 2882 dixit:
522 2820 627 2903 inique
648 2821 732 2883 cenis
755 2820 845 2883 ferox
866 2830 897 2883 et
917 2821 1030 2884 eudex.
1058 2843 1118 2905 ego
1138 2819 1205 2906 regi

178 2930 284 2993 Ceseri
296 2930 441 3012 copulate
453 2951 532 3005 sum,
547 2940 577 2994 te
592 2942 695 2995 autern
710 2933 763 3016 qui
779 2942 826 2995 est
838 2931 932 2996 draeo
949 2933 1073 3015 iniquus
1089 2953 1205 2998 uorans

178 3039 370 3105 Christianos
395 3050 427 3105 ut
447 3042 607 3105 diabulum
628 3042 777 3125 despicio.
808 3044 893 3127 quod
912 3064 982 3107 curn
998 3046 1204 3127 uituperetum

178 3173 282 3217 corum
298 3154 435 3218 exercitu
456 3174 514 3217 suo
529 3176 562 3217 se
578 3154 789 3237 cognouisset,
817 3176 873 3219 rex
887 3157 983 3220 iretus
998 3155 1205 3219 uehementer

178 3264 325 3329 decollari
346 3286 414 3328 cern
437 3265 578 3349 percepit
598 3286 667 3328 cum
690 3266 817 3350 reliquis
840 3269 1014 3351 uirginibus
1036 3269 1112 3331 suis.
1143 3286 1205 3332 une

178 3388 281 3441 eutem
297 3377 346 3440 cui
360 3398 474 3441 nomen
490 3386 555 3441 eret
570 3377 719 3453 Cordule,
740 3379 821 3442 inter
835 3380 945 3443 funere
967 3379 1038 3442 uiue
1053 3379 1202 3443 letitabat.

178 3510 246 3551 cum
262 3498 366 3553 nutem
385 3490 491 3553 medie
512 3510 574 3553 nox
593 3499 676 3554 esset
690 3492 852 3556 descendit
865 3493 953 3556 lesus
969 3490 1110 3555 Christus
1132 3512 1203 3555 curn

176 3600 246 3663 luce
272 3599 355 3663 clere
380 3602 555 3684 stengelio
584 3604 784 3677 canentibus,
813 3613 843 3668 et
869 3605 1043 3687 deporleuit
1069 3606 1203 3688 animem

177 3719 282 3774 sencte
298 3712 407 3774 Ursule
427 3721 459 3775 et
481 3714 600 3776 enimes
621 3724 799 3777 sanctorum
818 3715 972 3796 uirginum
988 3716 1026 3778 ed
1042 3735 1137 3797 regne
1150 3736 1203 3779 ce·

176 3820 291 3884 lorum.
314 3823 398 3906 quod
418 3842 488 3885 cum
510 3823 640 3888 uidisset
661 3834 767 3890 sancta
782 3824 917 3888 Cordule
939 3824 1100 3909 lacrymari
1120 3800 1204 3908 cepit

177 3934 388 4009 seuerissime,
409 3936 495 4019 quod
509 3934 633 3999 sodales
648 3958 720 4001 suos
735 3934 967 4018 dereliquisset.
989 3957 1082 4001 meno
1097 3944 1202 4002 eutem

176 4044 259 4110 lecto
272 4046 376 4110 stetim
391 4046 542 4123 surrexit,
570 4057 602 4111 et
615 4068 672 4131 per
686 4050 762 4114 iuna
775 4048 976 4113 deambulare
991 4049 1086 4132 cepit.
1117 4050 1202 4145 quod

177 4178 248 4239 cum
263 4158 395 4227 uidisset
404 4159 531 4249 quidum
545 4178 696 4251 pegeuus,
706 4160 812 4249 gladio
823 4168 917 4249 ceput
933 4160 1001 4229 eius
1016 4163 1200 4252 emputeuit.
