2798 4764
177 320 240 419 itt
499 336 684 399 uocarent
703 338 745 387 nr
765 338 878 393 vnn.

178 492 325 574 coniugio
337 512 407 569 eno,
428 502 460 557 et
473 494 513 557 ab
527 495 613 557 omui
627 493 700 557 dote
715 493 863 574 omnique
878 491 995 567 debito,
1014 490 1133 575 inquo
1149 510 1224 555 ma·

176 601 255 665 ritus
268 603 336 665 eius
351 604 380 666 ei
393 605 571 678 tenebatur,
592 623 737 669 asserens
753 623 789 667 se
803 611 982 669 contentam
995 622 1069 667 esse
1083 602 1224 667 uncum

176 711 237 779 iilis
252 714 405 796 capitibus
418 714 598 789 hominum,
618 734 699 797 quos
713 716 842 779 maritus
856 735 932 778 suus
946 714 977 777 ei
991 712 1144 779 contulit.

259 825 357 900 (itt)
379 827 468 887 Tuno
483 834 515 888 et
528 826 637 908 Legyn
651 834 828 901 castrenses
842 825 1062 889 Biolrorienses
1076 825 1124 887 de
1141 823 1225 889 uilla

179 933 282 1016 Gyan,
303 936 563 999 coadiuuautihus
584 936 669 998 Luca
692 936 833 1018 principe
853 936 1011 998 exercitus
1031 934 1224 1000 armachie

179 1046 381 1121 centurione,
412 1045 619 1129 impecierunt
644 1047 807 1108 libertinos
830 1047 950 1109 Forlsos
981 1055 1012 1109 et
1035 1045 1223 1123 lielemeu,

178 1157 296 1221 seilicet
314 1158 435 1238 lseput,
456 1157 626 1231 Bulruhut,
648 1156 808 1231 Chimont,
830 1156 958 1230 Sashat,
978 1156 1131 1231 Meduet,
1154 1158 1223 1220 lto-

180 1267 286 1342 barut,
305 1268 364 1330 hos
380 1288 489 1332 omnes
504 1288 576 1333 cum
589 1267 661 1333 tiliis
676 1268 751 1343 suis,
771 1268 846 1331 item
862 1266 973 1341 uena,
993 1267 1133 1349 Egidnt,
1156 1270 1222 1333 1⁸·-

180 1380 309 1455 deusut,
336 1400 394 1463 pro
419 1379 604 1443 concidibus
628 1379 704 1442 suis.
733 1372 886 1443 lielemen
908 1387 1013 1443 autem
1035 1386 1068 1441 et
1089 1379 1221 1447 Forcoa

180 1492 328 1556 dixerunt
348 1494 478 1556 eosdem
499 1512 574 1557 suos
594 1512 665 1555 esse
679 1489 858 1564 libertinos,
879 1500 911 1555 et
924 1500 1055 1571 accepto
1070 1491 1184 1557 iudice
1198 1513 1221 1559 a

78 1668 81 1673 ,
179 1602 308 1667 domino
327 1624 403 1685 rege
416 1603 557 1678 Andrea,
578 1602 751 1684 Smaragdo
772 1601 902 1675 comite,
923 1609 955 1663 et
975 1599 1135 1682 pristaldo
1149 1604 1224 1669 luta

179 1714 245 1779 lilio
256 1714 348 1787 llace,
361 1716 443 1776 iuter
454 1714 568 1776 multos
583 1714 782 1776 adduxerunt
792 1713 903 1775 Micam
917 1711 1064 1775 comitem
1078 1712 1117 1774 in
1128 1716 1224 1777 testi-

179 1823 334 1897 monium,
354 1823 444 1885 cuius
465 1822 644 1884 testimonio
667 1842 739 1887 cum
762 1823 902 1905 prelatus
919 1823 1014 1886 iudex
1034 1832 1126 1887 esset
1140 1844 1224 1889 con·

179 1941 294 2007 tentus,
316 1953 354 1995 ex
373 1940 523 2015 precepto
536 1933 620 2014 regis
641 1935 745 2014 posuit
766 1953 862 2016 super
881 1934 1091 1997 iuramentum
1114 1935 1223 2017 ipsius

179 2044 260 2107 llice
283 2043 422 2118 comitis,
443 2051 477 2106 ut
490 2043 609 2107 scilicet
620 2043 691 2125 ipso
706 2063 802 2127 super
815 2044 1017 2127 sepulchrum
1035 2047 1143 2109 sancti
1158 2048 1225 2111 La-

180 2154 270 2219 dislai
295 2155 379 2237 regis
403 2154 540 2228 iurante,
568 2155 776 2236 prenominati
801 2154 953 2229 libertini,
980 2159 1224 2237 prenominat'u

179 2266 331 2329 Kelemen
348 2265 503 2327 etForcos
518 2264 736 2328 redderentur.
749 2284 886 2347 cumque
896 2265 978 2328 llice
991 2283 1102 2329 comes
1118 2276 1226 2335 staret

180 2377 221 2439 ad
240 2383 385 2438 sanctum
405 2373 608 2456 sepulchrum
628 2373 801 2449 iuraturus,
821 2374 955 2456 predicti
969 2382 1154 2441 castrenses
1167 2399 1226 2445 re-

180 2485 338 2550 conciliati
358 2495 432 2548 sunt
451 2504 522 2547 cum
543 2485 695 2549 Kelemen
716 2494 748 2548 et
761 2486 887 2558 Furnos,
908 2478 1105 2560 itascilicet,
1128 2491 1226 2571 quod

179 2599 239 2680 ipsi
259 2599 464 2661 reddiderunt
489 2598 721 2678 prenominatos
738 2597 898 2660 libertinos
912 2594 1042 2679 prelatis
1057 2598 1226 2665 Kelcmen

180 2717 212 2772 et
233 2710 367 2782 Forcos,
388 2709 507 2771 scilicet
526 2709 558 2769 in
582 2710 715 2788 puritate
735 2708 899 2790 promissa.
928 2710 1228 2789 compromiserunt

179 2820 262 2884 euim
281 2820 432 2881 lielemen
454 2827 485 2881 et
501 2820 617 2880 Forcns
637 2821 722 2900 qnod
744 2829 890 2899 receptos
909 2819 1074 2883 libertinos
1089 2842 1174 2886 euos
1188 2826 1226 2888 in

179 2929 362 2992 interiorem
380 2929 574 2991 condicionis
594 2931 735 2991 ordinem
758 2950 822 2992 non
845 2931 1074 3013 deprimerent,
1101 2935 1225 2998 sedin

181 3042 294 3106 eodem
315 3050 414 3114 statu,
434 3039 555 3103 scilicet
573 3039 790 3103 libertinorum
810 3043 999 3114 retinerent,
1021 3045 1228 3123 generaliter

183 3154 222 3218 de
245 3153 320 3236 ipsis
340 3172 466 3235 quoque
488 3151 699 3215 castrensibus
717 3151 779 3213 alia
798 3152 900 3214 ablata
919 3172 982 3214 non
1001 3153 1225 3234 requirerent.

264 3263 364 3340 (iit)
387 3262 555 3325 Uniuersus
566 3262 785 3325 Uaradinensis
800 3261 933 3326 ecclesie
945 3271 1137 3339 conuentus,
1149 3267 1227 3330 uni·

182 3376 283 3441 uersis
306 3383 469 3457 presentes
493 3373 600 3435 literas
625 3373 829 3454 inspecturis,
859 3374 991 3436 salutem
1015 3373 1048 3434 in
1072 3374 1225 3443 domino.

183 3507 265 3551 anuo
281 3486 397 3548 domini
411 3484 576 3545 millesimo
592 3483 807 3546 ducentesimo
823 3482 1064 3557 decimosexto,
1091 3484 1128 3546 in
1144 3504 1224 3568 ecp-

183 3599 300 3662 timana
322 3595 423 3659 omnis
445 3601 545 3664 terra,
566 3592 730 3655 Farcasius
752 3594 833 3657 tilius
848 3594 968 3677 Gyama
988 3593 1125 3658 ueniens
1142 3617 1223 3661 cum

182 3708 316 3771 llartino
332 3707 371 3768 de
387 3704 462 3766 uilla
476 3704 627 3778 Guerdei,
651 3703 799 3784 pristaldo
814 3704 916 3786 Gyula
937 3705 1058 3769 comitis
1072 3706 1223 3786 palatini,

182 3818 223 3880 ad
244 3815 393 3877 iudicium
415 3813 490 3876 ferri
510 3815 681 3888 candentis,
702 3824 810 3878 contra
824 3816 992 3878 llartinnm
1007 3815 1047 3877 de
1063 3814 1143 3880 uilla
1157 3820 1225 3883 Zo-

183 3928 290 4002 bolsu,
316 3936 475 4008 raptorem
499 3925 618 3990 scilicet
642 3927 705 3991 iilic
728 3948 802 4002 sue,
827 3936 860 3991 et
881 3935 990 3991 contra
1011 3927 1225 3995 coadiutorcs

180 4039 274 4115 illius,
303 4039 388 4104 stetit
410 4058 467 4120 per
489 4046 585 4101 totam
606 4039 813 4122 septimanam
834 4039 933 4113 illam,
964 4038 1021 4103 sed
1044 4039 1156 4107 uultur
1176 4043 1223 4109 de

184 4150 373 4221 aduersariis
393 4150 458 4215 suis
476 4151 665 4235 comparuit,
685 4159 793 4237 preter
812 4151 972 4239 quendam
992 4151 1123 4219 nomine
1141 4154 1226 4231 See,
