2798 4764
290 362 706 444 oouenrorrousssruouus
727 366 883 416 ooossus.
922 348 1015 416 tm
1101 350 1173 416 ωδ·

141 543 216 587 num
231 522 360 605 aliquod
373 523 535 586 incurrere
549 523 679 605 possint.
694 543 734 586 ex
749 523 862 605 quihus
877 523 1059 606 frequenter
1069 525 1165 600 uenit,

141 636 225 718 quod
239 655 310 697 cunr
326 635 506 716 superiores
527 634 676 698 ecclesias
698 643 730 698 et
744 634 934 698 monasteria
948 635 1016 717 ipsa
1029 638 1166 712 uisitant,

140 750 280 830 ipsorum
295 746 558 809 monasteriorum
579 766 636 808 seu
651 747 857 829 prelatorum,
878 755 931 810 aut
945 747 1044 809 eciam
1058 726 1174 812 mbntss·

142 869 244 924 torum
264 866 378 920 statum
399 858 481 920 scire
505 878 568 920 non
591 866 735 939 possunt,
758 867 948 942 propterque
963 860 1058 921 multa
1071 859 1104 922 io
1119 859 1175 926 ets·

140 979 203 1035 tam
224 971 257 1032 in
278 971 382 1052 capite
400 988 496 1050 quam
518 968 550 1030 iu
564 970 712 1031 memhris
727 990 789 1052 que
804 972 1002 1052 correptione
1020 980 1053 1034 et
1065 973 1167 1034 reior-

140 1082 282 1146 macioue
301 1081 459 1162 indigent,
480 1088 644 1144 remanent
662 1081 841 1161 incorrepta
861 1100 918 1143 nos
933 1090 1043 1144 contra
1058 1081 1167 1144 huius·

141 1192 225 1256 modi
239 1190 439 1256 detestrhiles
454 1201 485 1256 ct
497 1191 690 1273 periculosas
705 1192 860 1255 ahstucins
876 1193 1043 1274 prouidere
1056 1194 1168 1257 uolen-

141 1314 199 1378 tes,
233 1304 338 1366 omnia
364 1324 461 1386 super
490 1303 539 1365 his
567 1302 692 1367 uincula
720 1281 919 1385 interposita,
954 1304 1166 1388 ohligacionos

141 1435 251 1479 omnes
264 1435 360 1497 super
368 1415 430 1477 hoc
443 1415 535 1478 initas
544 1414 731 1489 sentencias,
743 1423 774 1477 et
784 1435 972 1497 quecunque
984 1415 1046 1480 alia
1056 1416 1171 1480 huius-¹

142 1528 227 1591 modi
242 1527 410 1591 occasione
424 1527 591 1590 subsecuta
606 1527 682 1589 inita
695 1546 752 1590 seu
767 1527 858 1600 lacta,
871 1527 923 1590 uel
934 1548 997 1609 que
1012 1528 1044 1590 in
1059 1538 1166 1610 posta·

141 1658 211 1700 rum
233 1637 308 1702 ferri
328 1635 380 1700 uel
400 1635 469 1700 lieri
491 1637 669 1720 contigerit,
689 1637 814 1719 penitus
829 1657 1025 1712 reuocamus,
1044 1639 1167 1702 relaxa·

141 1769 221 1822 mus,
241 1757 336 1830 atque
350 1766 519 1821 cassamus,
542 1766 578 1810 ac
591 1767 681 1810 cassa
695 1757 727 1810 et
740 1748 826 1810 irrita
841 1748 1035 1823 nunciamus,
1057 1751 1167 1813 decer·

142 1867 251 1924 nentes
270 1860 411 1924 subditos
433 1867 466 1923 et
485 1858 562 1922 alios
581 1859 778 1942 supradictos
801 1860 983 1942 apredictis
997 1860 1169 1945 ohligacio·
1232 1860 1235 1866 ’

141 1972 250 2046 nibus,
281 1973 450 2036 sentenciis
475 1980 570 2053 utque
591 1972 682 2053 penis
707 1972 845 2034 totaliter
865 1971 1041 2049 absolutos,
1071 1981 1103 2036 ct
1126 1973 1167 2038 acl

141 2104 249 2148 eorum
263 2083 526 2146 ohseroacionem
540 2082 737 2165 aliquatenus
750 2102 815 2146 uon
829 2083 942 2147 teneri.

224 2192 293 2274 tit)
313 2195 348 2256 ln
364 2193 497 2256 concilio
512 2194 704 2275 prohibetur,
725 2200 757 2256 et
775 2213 834 2257 nos
847 2196 1051 2277 prohibemus
1066 2197 1167 2260 inuio·

141 2304 275 2367 labiliter
286 2304 466 2377 obseruari,
480 2324 520 2366 ne
535 2285 753 2386 superiecticia
766 2307 938 2369 sacerdotis
953 2310 1096 2391 propria,
1109 2328 1168 2374 seu

142 2415 244 2478 aliain
255 2414 395 2476 ecclesiis
410 2423 613 2496 reponantur,
628 2422 681 2477 aut
693 2415 792 2478 eciam
808 2423 984 2493 teneantur,
998 2420 1058 2482 nisi
1072 2440 1168 2505 prop·

132 2523 190 2589 'ter
201 2523 330 2588 hostiles
348 2526 502 2599 incursus,
522 2533 575 2588 aut
589 2525 734 2587 incendia
749 2527 912 2607 repentine
925 2529 968 2591 ad
981 2549 1034 2592 eas
1050 2550 1167 2616 oppor-

141 2645 205 2700 teat
225 2636 345 2699 hahere
365 2636 538 2718 retugium,
559 2636 604 2698 sio
625 2645 730 2700 tameo
754 2613 790 2698 ut
810 2638 996 2705 necessitate
1022 2651 1167 2707 cessante

141 2757 228 2813 extra
243 2748 409 2812 ecclesiam
423 2756 597 2830 portentur.

223 2856 290 2940 (hi)
310 2859 439 2922 Librum
458 2859 511 2941 qui
526 2859 640 2923 dictur
654 2860 779 2923 manual
799 2861 937 2926 habeant
950 2863 1065 2948 singuli
1079 2886 1168 2948 pres-

140 2972 241 3055 byteri
263 2971 477 3054 parochiales,
507 2973 559 3034 uhi
577 2974 773 3036 contineatur
786 2975 866 3038 ordo
879 2977 1040 3058 baptismi,
1061 2978 1169 3042 cathe-

141 3085 265 3158 chismi,
288 3093 429 3147 extreme
452 3085 615 3159 unctionis,
636 3094 668 3149 et
689 3085 886 3161 huiusmodi,
908 3108 967 3151 nec
988 3108 1050 3149 non
1071 3088 1167 3152 lihros

141 3197 219 3259 alios
234 3195 265 3256 io
280 3195 393 3276 quihus
408 3194 529 3276 possint
545 3204 609 3258 tam
624 3195 770 3259 diurnum
785 3217 880 3279 qaum
894 3206 1082 3260 nocturnum
1097 3197 1168 3260 offl-

143 3309 224 3371 oiom
239 3307 409 3369 celebrare.

222 3415 288 3499 (iil
309 3417 498 3496 Precipimus
521 3415 737 3479 sacerdotibus
766 3426 801 3481 ut
822 3417 930 3481 diuino
951 3417 1057 3481 officio
1085 3417 1171 3484 cele·-

141 3532 240 3602 hrato,
255 3537 286 3591 ct
300 3527 417 3610 populo
432 3545 576 3608 regresso
592 3526 632 3588 ad
646 3528 784 3608 propria,
794 3527 942 3591 ecclesias
957 3547 1029 3592 suas
1042 3528 1169 3595 firmare

140 3639 278 3705 debeant
292 3638 469 3720 diligenter.
498 3635 688 3720 prohibeant
700 3638 799 3701 eciam
814 3639 993 3702 sacerdotes
1013 3640 1072 3703 sub
1086 3660 1169 3722 pena

141 3749 478 3814 excommunicacionis
503 3748 635 3811 choreas
658 3749 691 3811 in
717 3748 875 3811 cimiteriis
898 3749 952 3813 uel
977 3751 1008 3813 in
1030 3750 1170 3816 ecclesiis

142 3859 231 3933 duci,
252 3858 344 3942 quia,
364 3867 399 3923 nt
420 3859 465 3922 ait
484 3859 686 3941 Augustinus,
717 3859 827 3923 melius
850 3868 898 3925 est
919 3861 1038 3925 iestiuis
1058 3862 1170 3928 dlehus

142 3970 252 4032 tollere
274 3970 327 4033 uel
345 3991 453 4047 amo,
474 3991 569 4055 qoam
584 3971 717 4036 choreas
731 3973 858 4036 ducere.
888 3974 948 4038 suh
962 3974 1170 4040 anathematis

143 4081 405 4147 interminacione
417 4084 622 4167 prohibemus
635 4102 676 4147 oe
690 4083 761 4167 quis
775 4084 885 4150 ciuiles
899 4105 1009 4151 musas
1023 4088 1056 4151 in
1070 4086 1171 4152 eccle·

142 4194 198 4258 siis
219 4193 272 4257 uel
286 4193 448 4262 mitens
460 4198 580 4282 egitur
592 4205 769 4282 presumo,
796 4197 902 4266 nullus
916 4199 1016 4265 σάω
1030 4199 1071 4264 sle
1083 4216 1170 4265 nouo
