2798 4764
376 347 688 399 murmurares
708 346 888 397 cononanrn
909 344 1012 399 mre.
1146 324 1210 397 770
1289 306 1294 321 ’

181 524 260 573 noro
280 503 336 591 qui
356 504 469 581 babet,
490 503 518 570 si
536 504 752 572 intercedatis
773 505 833 569 sibi
848 503 983 569 induciis
996 524 1062 569 non
1075 504 1211 583 uendat.

182 618 312 685 amittat.

262 732 344 808 (75)
364 729 595 814 Agriculturum
609 738 716 797 nutem
730 731 758 795 si
772 729 843 814 quis
858 751 969 795 eorum
981 728 1095 806 habet,
1116 750 1212 815 paga·

181 841 231 907 nis
250 842 332 907 lianc
356 841 517 926 mancipiis
542 852 697 907 exerceat.
730 843 948 926 possessiones
970 842 1099 925 quidem
1121 842 1211 909 Indoi

182 957 234 1040 qui
254 965 386 1039 possunt
405 977 527 1032 emere,
553 956 707 1032 babeant,
735 957 793 1021 sed
813 955 872 1039 ipsi
891 973 1049 1039 nusquam
1071 952 1131 1017 nisi
1155 948 1211 1019 ubi

181 1068 274 1134 sedes
291 1068 478 1151 episcopalis
494 1076 560 1142 est,
581 1088 711 1132 manere
725 1067 879 1134 sinantur.

264 1182 344 1259 (76)
374 1180 484 1244 Nullus
506 1180 721 1245 babituncium
748 1181 780 1246 in
804 1180 967 1264 Hungaria
995 1178 1210 1244 adiacentibus

181 1291 343 1376 ilungarie
372 1290 554 1376 regionibus
582 1292 786 1376 hungarioum
811 1312 928 1375 equum
953 1312 1059 1356 emere
1085 1292 1211 1355 audeat.

182 1406 269 1490 quod
283 1406 310 1469 si
324 1406 394 1489 quis
410 1414 548 1481 emeret,
567 1425 605 1471 ac
619 1413 654 1468 ut
666 1426 740 1469 eum
754 1405 876 1469 iuratus
896 1405 937 1469 sit
956 1404 1014 1469 sibi
1029 1404 1211 1488 impositum

181 1517 276 1583 tuerit
287 1516 368 1583 inira
380 1517 590 1602 Hungnriam,
607 1525 639 1581 et
653 1538 753 1600 usque
768 1518 808 1581 od
821 1517 901 1582 lines
914 1519 1075 1602 Hungarie
1089 1524 1210 1581 tantum

183 1648 311 1695 causan
333 1649 390 1694 sue
410 1628 625 1695 excusaciouis
645 1631 836 1713 protendere
860 1631 890 1695 ei
912 1629 1014 1696 liccat.
1044 1652 1117 1696 cum
1131 1650 1210 1695 uero

183 1741 257 1825 eqni
272 1741 470 1807 uenditorem
491 1743 522 1805 in
545 1751 686 1807 extrema
699 1763 833 1826 querere
854 1743 992 1809 uoluerit
1010 1745 1126 1827 putria,
1145 1764 1211 1809 non

181 1851 255 1917 illuc
268 1854 315 1919 ire
331 1853 538 1937 permittatur,
559 1857 617 1919 sed
631 1854 707 1919 ferri
720 1855 872 1921 iudicium
886 1864 1000 1939 portet.
1027 1857 1055 1919 si
1067 1877 1142 1922 reus
1154 1876 1212 1940 ap·

183 1965 322 2047 paruerit
336 1987 392 2048 pro
406 1966 477 2030 lure
491 1967 656 2043 iudicetur,
673 1968 700 2031 si
714 1970 850 2034 mundus
863 1989 927 2031 non
943 1976 977 2032 ut
990 1968 1042 2032 tur
1055 1977 1210 2047 teneatur,

181 2079 239 2143 sen
253 2078 360 2162 precio
374 2100 439 2162 qno
453 2088 575 2144 emerat
586 2079 785 2145 solummodo
801 2089 918 2146 careat.

264 2194 342 2267 (77)
363 2192 464 2255 Nemo
477 2212 605 2256 sernum
619 2193 652 2255 in
666 2213 783 2276 genere
793 2192 1026 2275 ilungarorum,
1035 2192 1090 2256 uel
1099 2212 1210 2276 quem·

180 2300 256 2367 libet
269 2302 302 2365 in
311 2302 473 2386 Hungaria
486 2311 593 2368 natum
607 2303 832 2388 alienigenam,
850 2323 909 2367 nec
924 2303 1080 2377 ancillam,
1094 2322 1213 2387 excep·

182 2415 222 2481 tis
235 2415 342 2500 lingue
356 2415 483 2481 alterius
496 2416 611 2491 seruis,
628 2415 684 2499 qui
699 2418 739 2479 ab
752 2415 821 2479 aliis
835 2412 921 2479 ducti
933 2422 1006 2478 sunt
1018 2415 1212 2499 regionibus,

183 2527 310 2602 ueniat,
322 2547 383 2592 nec
393 2527 479 2592 aliud
489 2527 605 2592 animal
619 2535 726 2609 preter
738 2527 840 2591 boues
853 2525 1010 2591 masculos
1023 2533 1112 2592 extra
1122 2525 1212 2589 Hun-

184 2637 304 2720 gariam
326 2638 467 2703 uendere
487 2639 539 2703 uel
553 2638 670 2703 ducere
684 2638 810 2702 audeat.
835 2638 922 2721 quud
935 2638 963 2701 si
976 2637 1047 2721 quis
1061 2637 1211 2721 comitum¹

183 2748 384 2834 infringeret,
406 2759 459 2815 aut
474 2751 596 2817 bonore
613 2772 672 2815 suo
687 2751 839 2833 priuetur,
859 2759 912 2815 aut
926 2751 1125 2817 domnorum
1139 2770 1214 2817 sua·

182 2879 252 2925 rum
277 2870 383 2945 partes
407 2862 545 2938 amittat,
565 2863 664 2928 tercia
687 2884 764 2930 uero
786 2863 965 2929 substancia
990 2862 1099 2947 porcio
1118 2861 1212 2929 uxori

184 2982 279 3059 atque
294 2973 467 3040 heredibus
480 2976 546 3040 suis
560 2966 731 3042 remanent.

264 3087 347 3163 (78)
368 3087 518 3171 Quisquis
533 3090 682 3153 comitum
704 3089 905 3155 incomitata
924 3110 985 3153 suo
997 3088 1126 3153 terciam
1141 3086 1212 3153 ubi·
1249 3096 1253 3103 '

183 3220 245 3283 que
256 3208 379 3282 partem
391 3199 527 3264 babeant
541 3202 580 3265 de
596 3200 723 3265 tributo.
742 3222 801 3267 rex
815 3222 893 3266 uero
903 3203 944 3266 acl
960 3201 1087 3285 plenum
1101 3200 1142 3265 dc
1155 3199 1211 3264 tri·

182 3311 258 3377 boto
273 3313 413 3377 omnium
427 3312 570 3378 similiter
584 3314 661 3377 duas
675 3322 780 3396 partes
794 3314 920 3378 babeat.

264 3428 342 3501 (79)
364 3425 484 3509 Singuli
498 3424 630 3489 comites
643 3445 701 3508 per
710 3444 941 3508 quemcumque
954 3442 1084 3487 suorum
1098 3421 1210 3487 uoluc-

181 3535 244 3600 riut
258 3539 415 3613 denarios,
435 3538 490 3621 qui
503 3558 562 3621 per
575 3537 743 3601 uniuersas
756 3535 918 3620 llungarie
937 3543 1043 3618 portes
1056 3533 1210 3619 colligun-

182 3656 241 3725 tur,
263 3660 414 3735 quantum
435 3670 532 3734 super
553 3670 618 3714 uno
638 3669 768 3733 quoque
786 3648 1008 3713 centurionatu
1027 3647 1123 3712 tuerit
1143 3646 1210 3712 ool»

179 3761 314 3839 lectum,
334 3763 518 3827 nominatim
538 3761 598 3826 sub
618 3771 705 3826 certo
726 3761 901 3826 scribentes
920 3779 1069 3836 numero,
1090 3760 1211 3845 Strigo-

180 3875 269 3939 nium
291 3895 394 3959 usqne
419 3877 461 3940 ud
485 3875 601 3941 testum
625 3875 725 3939 uncti
748 3871 912 3938 llicbaelis
938 3872 1072 3939 mittant.
1104 3892 1210 3957 neque

180 3987 268 4070 prius
289 4007 365 4071 rege
386 3987 518 4053 comites
537 3984 590 4051 uel
607 3985 811 4052 centuriones
829 3993 949 4070 partem
966 3982 1134 4069 accipiant,
1151 3982 1212 4049 ssd

179 4098 346 4164 incudem
366 4100 448 4173 loco,
476 4100 623 4166 uidelicet
642 4097 806 4182 strigonii,
831 4097 888 4163 liat
907 4097 1047 4163 omniurn
1069 4095 1212 4179 mucium

181 4210 306 4277 munio.
348 4211 377 4279 si
404 4212 476 4297 quis
504 4220 611 4285 autem
638 4230 741 4297 amna
768 4211 813 4283 sd
841 4219 967 4299 mnus
996 4207 1211 4295 umbonum
1288 4210 1293 4221 “
