2798 4764
301 312 422 369 amoris
442 313 483 358 ns
505 313 584 359 usar
605 311 704 358 orsra
724 313 889 361 semonnia
913 291 972 380 (Ξ).
1103 294 1144 361 89

207 578 254 663 (2)
274 581 372 665 igitur
395 580 427 643 in
453 588 533 644 etate
559 588 648 644 sexta
670 579 766 643 seculi
791 578 982 663 multiplicati
1006 581 1089 643 Huni
1114 580 1146 643 iu

122 694 223 758 Scicia
243 691 413 756 habitando
434 702 468 755 ut
488 712 592 755 arena.
623 711 705 782 anuo
730 691 853 753 Domini
873 691 1145 775 septingentesimo

123 806 156 869 in
170 824 269 868 unum
284 803 460 887 congregati
476 804 655 887 capitaneos
670 803 751 866 inter
765 823 799 866 se
815 823 870 865 seu
886 803 981 866 duces
997 803 1045 866 uel
1061 804 1146 886 priu-

122 917 209 1001 cipes
226 916 435 998 prefecerunt,
449 936 583 999 quorum
598 936 678 978 unus
690 915 782 978 Weta
796 915 855 978 suit
866 915 964 978 Tbeie
984 914 1048 978 filie
1066 916 1146 979 tilius

123 1049 163 1093 ex
177 1049 294 1113 genere
308 1029 435 1091 Zemeiu
457 1029 624 1103 oriundus,
652 1029 739 1092 cuius
753 1028 866 1092 fratres
883 1027 978 1091 Cuwe
1001 1037 1033 1090 et
1047 1027 1147 1091 Cadu-

123 1141 182 1205 cba
202 1140 296 1204 ambo
311 1140 473 1223 capitanei.
501 1142 603 1225 quarti
622 1160 698 1205 nero
719 1141 805 1205 ducis
826 1160 941 1204 nomeu
957 1140 1069 1204 Etbela
1090 1140 1148 1204 fuit

125 1251 291 1318 Rendacuz
310 1251 407 1327 fitius,
430 1252 517 1314 cuius
533 1252 644 1315 fratres
659 1253 775 1316 Reuwa
798 1261 829 1316 et
843 1252 929 1316 Buda
943 1261 1074 1335 uterque
1090 1253 1148 1315 du-

128 1382 179 1427 ces
198 1364 346 1427 exstitere
370 1365 409 1426 de
431 1384 548 1447 genere
562 1364 626 1426 Erd
647 1363 787 1437 oriundi,
808 1372 842 1426 ut
862 1363 952 1427 simul
972 1382 1036 1426 uno
1052 1364 1147 1426 corde

133 1475 333 1540 occidentales
345 1483 534 1558 occuparent
544 1477 698 1558 regiones.
720 1477 947 1541 constituerunt
960 1497 1086 1560 quoque
1101 1477 1148 1539 in·

133 1596 373 1651 terseretorem
394 1608 489 1650 unum
509 1592 635 1650 nomine
650 1588 754 1651 Kadar
774 1589 813 1652 de
834 1609 948 1671 genere
964 1590 1070 1653 'surda
1085 1589 1147 1651 ori-
1172 1578 1179 1661 J

129 1699 261 1774 undum,
276 1699 329 1781 qui
344 1720 539 1764 communem
555 1700 724 1766 exercitum
740 1701 905 1776 iudicaret,
927 1701 1146 1765 dissidencium

125 1808 194 1873 lites
206 1810 340 1894 sopiret,
362 1812 525 1895 castigaret
539 1812 767 1887 malefactores,
788 1812 872 1875 sures
886 1833 922 1876 ac
935 1813 1082 1888 latrones,
1104 1813 1147 1877 ita

127 1922 273 2006 quidem,
295 1931 328 1985 ut
346 1923 372 1985 si
391 1932 495 1986 rector
510 1924 592 1987 idem
612 1924 845 1989 immoderatam
866 1925 1056 1988 sentenciam
1070 1924 1147 1987 defi·

125 2033 224 2110 niret,
245 2035 450 2098 communitas
471 2035 503 2096 in
522 2036 642 2098 irritum
656 2045 836 2111 reuocaret,
858 2046 1014 2103 errantem
1029 2037 1145 2119 capita·

125 2167 219 2210 neum
235 2155 268 2209 et
283 2145 445 2211 Rectorem
466 2149 656 2230 deponeret,
677 2150 802 2232 quando
817 2148 921 2212 uellet
954 2150 1147 2213 cousuetudo

126 2259 207 2322 euim
232 2258 292 2321 ista
316 2258 453 2343 legitima
474 2260 555 2323 iuter
576 2260 685 2323 Hunos
708 2260 775 2322 siue
794 2261 959 2343 Hungaros
983 2280 1082 2341 usque
1108 2261 1147 2324 ad

125 2376 265 2453 tempora
280 2371 367 2433 ducis
382 2371 499 2434 Geiche
512 2372 567 2433 tilii
577 2373 712 2433 Tocsuru
727 2371 948 2434 inuiolabiliter
963 2371 1078 2436 exstitit
1093 2372 1147 2434 ob·

124 2492 257 2547 seruata.
280 2490 446 2566 antequam
460 2503 534 2566 ergo
550 2483 695 2566 baptizati
711 2482 990 2565 fuissentHungari
1005 2491 1036 2547 et
1047 2484 1146 2547 effecti

126 2593 307 2670 Christiani,
328 2596 386 2657 sub
406 2595 458 2657 tali
480 2615 558 2658 uoce
579 2614 732 2678 precones
756 2595 788 2656 in
803 2594 910 2657 castris
925 2596 964 2657 ad
979 2596 1147 2658 exercitum

127 2704 291 2788 Hungaros
308 2707 507 2770 adunabant:
530 2728 592 2770 uox
605 2708 662 2770 Dei
684 2715 715 2770 et
734 2705 840 2789 populi
854 2707 1041 2790 Hungarici,
1063 2707 1148 2790 quod

126 2816 177 2879 die
199 2816 253 2880 tati
274 2820 488 2902 uuusquisque
511 2827 647 2883 armatus
670 2820 702 2883 in
725 2819 777 2882 tali
799 2819 869 2882 ioco
893 2819 1014 2902 precise
1037 2820 1149 2884 debeat

128 2946 329 3012 comparere,
353 2931 580 2993 communitatis
601 2929 780 3004 consitium,
802 2927 1046 3014 preceptu'mque
1060 2930 1148 2993 audi·

126 3046 224 3102 brrus.
251 3041 442 3124 quicumque
464 3062 539 3125 ergo
560 3043 695 3104 edictum
710 3042 940 3116 contemsisset,
961 3042 1148 3124 pretendere

127 3170 189 3213 nou
205 3152 315 3215 ualens
329 3153 504 3228 racionem,
518 3154 568 3216 lex
583 3153 696 3217 Scitioa
709 3175 765 3237 per
776 3155 912 3217 medium
928 3154 1027 3216 cultro
1040 3152 1149 3216 buius·

128 3264 212 3328 modi
234 3265 452 3341 detruncabat,
475 3267 527 3330 uei
551 3266 667 3349 exponi
685 3266 717 3330 iu
739 3286 864 3330 caussas
885 3268 1075 3349 desperatas,
1096 3273 1149 3329 aut

128 3374 250 3439 debudi
265 3377 297 3438 in
307 3377 517 3439 communium
531 3378 723 3440 seruitutem.
745 3377 824 3439 nicia
840 3377 943 3459 itaque
960 3384 991 3438 et
1001 3395 1148 3439 excessus

128 3485 304 3552 huiusmodi
324 3509 419 3550 unum
441 3488 623 3572 Hungarum
645 3489 685 3550 ab
705 3487 766 3551 alio
787 3485 959 3568 separauit,
980 3487 1056 3549 alias
1079 3506 1149 3551 cum

127 3618 207 3663 nnus
231 3607 320 3682 pater
341 3608 373 3663 et
392 3621 455 3665 una
477 3609 575 3663 mater
597 3619 704 3663 omnes
726 3599 891 3681 Hungaros
921 3598 1149 3680 procreauerit,

127 3712 284 3796 quomodo
306 3731 385 3775 unus
406 3712 519 3776 nobilis
534 3713 612 3776 alter
627 3710 771 3794 ignobilis
787 3709 952 3785 diceretur,
974 3710 1033 3775 nisi
1048 3711 1148 3776 nictus

127 3846 184 3908 per
197 3824 276 3889 tales
291 3844 381 3889 casus
394 3825 567 3888 communis
581 3824 758 3887 haberetur.

210 3936 298 3999 Tunc
313 3935 352 3999 de
367 3935 508 4029 tribubus
520 3945 645 3999 centum
656 3943 687 4000 et
701 3944 769 3999 octo
781 3933 944 4020 elegerunt
955 3937 1039 4001 uiros
1052 3935 1149 4000 fortes

127 4048 167 4111 ad
188 4047 386 4122 bellandum,
408 4056 604 4111 assumentes
619 4047 658 4110 de
674 4046 813 4132 quolibet
826 4068 941 4131 genere
956 4048 1067 4112 decem
1082 4047 1150 4109 mil·

125 4158 167 4227 tia
181 4168 389 4239 umanum,
403 4160 471 4228 aliis
483 4160 517 4227 io
530 4159 630 4227 Seteia
643 4160 810 4241 derelictis,
824 4162 878 4251 qui
892 4180 1003 4231 eorum
1016 4178 1148 4250 regnum
