2798 4764
187 362 663 415 emmeramensem!
675 368 891 417 nrsrrrurross
902 348 1116 440 mimi
1155 350 1219 420 sor

187 520 326 602 „tanet
341 539 360 582 a
373 519 520 596 oonsiiiis,
537 521 668 603 quocies
681 542 760 587 nero
775 542 846 586 cum
859 523 923 588 iilis
936 524 1099 589 eonsilium
1114 524 1218 600 Inidia,

187 632 287 696 eciam
309 631 337 694 si
352 631 393 695 sit
407 631 527 708 habile,
548 640 654 696 tamen
672 654 799 716 semper
813 636 853 697 ad
868 637 1004 701 maiores
1017 637 1160 713 deferas,
1180 643 1218 701 nt

186 762 298 807 omnes
312 751 400 807 aetus
413 751 485 807 tuos
498 763 609 810 norma
623 745 782 829 sapiencie
798 766 972 812 mensures.

268 965 451 1030 omnuim
465 967 545 1029 VIII.
590 967 676 1045 Quod
687 972 816 1033 ssoiores
830 973 947 1034 imitari
958 973 1097 1044 detonat,
1120 983 1147 1034 et
1161 974 1217 1054 fito

186 1081 322 1144 stodiam
338 1082 519 1161 perentibus.
561 1080 700 1143 Imitaeio
716 1083 870 1145 maiorum
888 1082 923 1145 in
942 1083 1042 1165 regali
1061 1084 1216 1166 dignitato

186 1201 334 1257 omanem
359 1192 502 1274 possidet
528 1189 644 1256 Ioeum.
682 1195 790 1277 regate
815 1204 1034 1259 ornamentum
1057 1195 1216 1261 scioessa

186 1304 356 1369 maximum
378 1312 613 1381 antecessorum
633 1306 727 1389 sequi
744 1305 851 1388 teges,
879 1316 912 1372 et
930 1309 1088 1373 honestos.
1102 1308 1216 1373 imitari

186 1424 345 1500 parentes.
376 1414 430 1498 qui
446 1416 529 1479 enim
542 1424 779 1480 antecessorum
795 1419 923 1482 deoreta
939 1420 1060 1502 spernit
1075 1430 1215 1502 patrum,

185 1546 247 1590 neo
266 1526 390 1589 diuinas
409 1534 558 1608 procurat
576 1526 676 1610 leges.
702 1527 735 1591 id
750 1528 834 1592 enirn
848 1529 933 1594 eireo
947 1539 1022 1594 sont
1038 1538 1161 1613 patres,
1180 1534 1217 1595 ut

186 1639 324 1702 nutriant
343 1638 440 1711 titios,
460 1639 598 1721 ideoque
618 1647 691 1703 sunt
710 1637 783 1715 dlii,
804 1649 839 1705 ut
852 1642 1002 1706 obediant
1023 1643 1216 1724 parentibus.

186 1751 239 1833 qni
262 1750 342 1831 patri
363 1770 421 1811 suo
442 1749 575 1824 resistit,
596 1751 739 1817 inimicus
754 1752 805 1815 dei
820 1752 972 1817 consistit.
999 1773 1118 1818 omnes.
1130 1754 1216 1817 enirn

185 1861 402 1924 ioobedientes
425 1872 497 1925 sunt
517 1863 577 1924 deo
600 1863 792 1927 resistentes.
821 1864 948 1946 spiritus
962 1864 1091 1947 quidem
1105 1865 1217 1929 inobe-

185 1972 311 2036 diencie
325 1973 478 2056 dispergit
498 1974 593 2036 dores
611 1993 740 2037 corone.
767 1975 986 2053 mobedienoia
1006 1977 1092 2039 enim
1105 1985 1154 2039 est
1167 1984 1217 2039 to·

183 2084 251 2147 cios
263 2083 353 2165 regni
369 2083 564 2165 pestilencia.
592 2094 762 2167 propterea
774 2085 819 2147 tili
834 2085 1012 2149 rarissime!
1042 2087 1146 2149 edicta
1160 2106 1216 2168 pm

184 2195 239 2259 tris
253 2196 313 2268 tui,
333 2195 454 2260 scilieet
469 2195 548 2270 mei,
569 2215 697 2277 semper
709 2196 764 2258 tibi
778 2194 842 2260 sint
856 2206 1056 2276 promarese,
1077 2204 1114 2259 nt
1125 2217 1216 2278 proav

184 2306 301 2387 peritas
316 2313 369 2369 tua
383 2305 500 2388 ubique
514 2305 673 2388 regalibus
687 2304 840 2389 dirigatur
852 2305 995 2369 habenis.
1024 2326 1129 2369 mores
1145 2306 1216 2390 qni·

184 2418 257 2481 dem
271 2438 372 2492 meos,
385 2437 465 2500 quos
479 2417 577 2501 regali
592 2418 682 2481 eides
696 2417 869 2481 conuenire
884 2417 1042 2500 dignitati,
1061 2418 1130 2481 sine
1144 2419 1216 2483 oin-

183 2529 257 2593 enlo
270 2529 372 2593 tocius
386 2527 596 2611 ambiguitatis
609 2547 757 2610 sequere.
777 2546 875 2609 grane
889 2528 972 2591 enim
987 2527 1044 2591 tibi
1057 2536 1106 2591 est
1116 2528 1214 2595 tetus

183 2638 317 2705 elimatis
334 2648 443 2705 tenere
464 2658 611 2721 regnum,
641 2638 701 2703 nisi
721 2638 862 2703 imitator
882 2639 1117 2705 eonsuetndInis
1138 2648 1213 2707 anto

182 2753 385 2839 regnaneium
411 2751 552 2817 extiteris
574 2770 695 2834 regom.
722 2751 793 2833 quis
814 2770 929 2834 grecus
948 2759 1077 2834 regeret
1095 2750 1211 2817 latinos

182 2866 284 2947 grecis
298 2864 458 2938 moribus,
477 2871 531 2927 ent
544 2864 614 2947 quis
627 2862 743 2927 latinus
756 2872 882 2947 regeret
895 2882 1007 2946 grecos
1019 2863 1125 2927 Iatinis
1143 2882 1213 2927 mo·

182 2976 279 3043 ribos.
307 2976 425 3040 ideireo
444 2975 689 3040 eonsuetudines
709 2994 845 3058 aeqnere
866 2994 966 3050 meas,
988 2983 1023 3039 nt
1041 2976 1124 3039 inter
1141 2984 1212 3041 tuos

181 3086 328 3151 habearis
343 3085 514 3169 precipuos
528 3095 559 3150 et
573 3094 645 3150 ante
659 3085 781 3150 alienos
794 3085 970 3149 laudabitis.

265 3310 447 3374 Carneum
466 3311 519 3373 tx.
551 3311 984 3373 Deoisertsses'oosoroeiosis.
1015 3306 1211 3373 oosermeie

183 3420 337 3484 oracionis
357 3421 494 3485 maxima
509 3421 661 3505 aquisieio
674 3430 724 3486 est
743 3422 860 3504 regatis
879 3420 999 3493 salotis,
1019 3428 1051 3483 et
1063 3419 1138 3482 ideo
1152 3438 1212 3483 no-

182 3551 278 3605 num,
296 3532 330 3594 in
349 3532 482 3595 nonaria
504 3533 592 3615 regie
614 3531 773 3615 dignitatis
797 3532 883 3596 oanit
906 3530 1041 3613 regnier
1062 3529 1212 3595 eontinet

181 3644 290 3709 oracio
311 3650 582 3725 estpecoatorom
602 3643 727 3707 ablueio
739 3644 795 3709 nel
812 3641 968 3707 remissio.
995 3650 1030 3707 tn
1043 3649 1150 3707 autem
1165 3639 1212 3705 ott

181 3757 238 3830 nri,
252 3755 504 3838 quociesorrnqne
518 3756 559 3819 nd
575 3756 726 3838 tempium
739 3755 792 3819 dei
806 3756 921 3829 weris,
942 3754 1082 3819 ntdenm
1096 3754 1211 3819 adores

181 3884 252 3928 enm
264 3866 433 3929 Salomone
446 3865 511 3929 tilio
523 3864 620 3949 regis,
633 3875 666 3930 et
678 3866 748 3948 ipse
760 3885 836 3940 rex,
848 3884 975 3947 semper
987 3864 1090 3929 dieas:
1103 3864 1211 3929 emitto

180 3978 307 4042 domine
328 3977 522 4060 sapiendam
543 3978 585 4041 do
604 3978 682 4043 sede
702 3977 927 4060 magnitudinis
946 3984 1020 4053 tue,
1037 3984 1212 4043 otmeenm

179 4089 221 4153 sit
241 4096 275 4153 et
294 4088 579 4169 neronianam,
598 4095 635 4152 ot
646 4088 745 4152 seiam
757 4087 836 4171 qnid
856 4094 1024 4169 ooeeptnm
1041 4085 1082 4151 sit
1102 4096 1211 4151 eorem

179 4206 212 4267 te
232 4200 321 4265 omni
343 4209 498 4284 tempora.
527 4208 561 4267 et
578 4199 718 4269 itontm
744 4199 874 4267 domine
892 4198 1128 4285 pstersttess
1143 4196 1211 4265 nit·
