2798 4764
394 340 433 391 u.
449 339 579 390 nonum
597 339 721 390 mmrs
740 340 933 392 ursemsur
947 317 1024 411 (dil,
1160 323 1226 394 fil

194 500 303 584 fugam
319 502 495 582 effugerem
509 498 700 572 eorundem,
725 496 891 581 diligenter
906 498 1061 562 aduertite
1075 499 1226 565 uincti·

195 631 291 694 quum
306 611 460 673 lecerunt.

278 722 381 785 Primo
402 728 500 784 totam
518 720 711 804 Hungoriom
733 721 814 784 ultre
827 723 1006 785 Danubium
1028 722 1226 799 dimiserunt,

196 844 228 898 ot
242 835 485 916 essignauerunt
498 833 552 894 uni
564 834 679 916 cuique
693 835 734 896 do
749 835 918 898 maioribus
928 837 1130 898 Torturorum
1144 836 1227 920 regi

193 948 264 1020 bus,
285 945 338 1029 qui
353 946 455 1007 adbuc
469 945 661 1028 liungeriam
676 962 741 1008 non
755 946 969 1021 intrauerunt,
990 956 1111 1028 partem
1126 966 1226 1025 snam,

194 1054 401 1138 significando
417 1056 462 1118 eis
478 1075 633 1129 rumores,
654 1064 686 1119 et
699 1057 785 1140 quod
801 1056 993 1132 festinarent,
1016 1058 1089 1140 quia
1103 1059 1166 1120 iem
1179 1058 1226 1122 eie

196 1168 391 1231 obstaculum
410 1158 531 1229 nullum
554 1175 632 1230 erat.
660 1177 691 1230 et
712 1168 857 1231 iecerunt
876 1169 970 1232 scribi
993 1190 1051 1251 per
1071 1169 1226 1251 quosdun

196 1278 328 1342 elericos
355 1278 543 1360 ilungaros,
584 1297 663 1360 quos
687 1278 790 1340 adbuc
818 1278 859 1342 ed
883 1280 979 1344 uitem
1003 1288 1225 1356 seruauerant,

195 1390 367 1453 maioribus
388 1389 531 1452 omnibus
553 1397 584 1453 et
606 1389 810 1470 popularibus
835 1410 892 1472 per
913 1400 1008 1455 tetum
1033 1391 1225 1474 Huugerism

196 1501 410 1574 existentibus,
424 1503 482 1563 snb
497 1500 623 1563 nomine
638 1502 721 1583 regis
736 1501 1225 1577 multifariolicticielitterarnm,

196 1614 331 1676 subhac
352 1613 469 1676 formo:
492 1613 611 1675 Canum
630 1614 787 1676 feritatem
808 1622 839 1677 et
858 1614 977 1677 rabiem
997 1635 1060 1677 non
1079 1615 1226 1690 omem,

196 1743 255 1786 nec
275 1725 389 1787 uestris
409 1725 449 1786 de
471 1725 615 1786 domibus
637 1744 695 1787 uos
715 1744 845 1788 mouere
859 1726 1011 1790 audeatis.
1036 1726 1110 1788 licet
1123 1726 1225 1800 enim,

195 1844 326 1917 propter
336 1837 493 1917 quandem
509 1836 784 1918 improuisiouem,
798 1827 996 1912 lum'costra,
1012 1846 1076 1900 tum
1091 1837 1226 1901 tentoria

196 1946 425 2028 reliquerimus,
445 1947 597 2029 paulatim
612 1955 734 2023 umen,
755 1949 816 2011 deo
831 1950 921 2012 nobis
936 1949 1090 2031 propicio,
1112 1949 1224 2011 eaden

195 2077 382 2140 recuperare
404 2059 611 2134 intendimus,
632 2070 740 2124 contra
753 2060 823 2123 illos
838 2061 972 2142 prelium
986 2061 1162 2123 uirtuosum
1175 2060 1225 2122 in·

195 2178 380 2232 stourontes.
411 2172 496 2233 unde
522 2179 642 2235 tantum
667 2172 805 2235 oracioni
830 2172 958 2246 uacetis,
989 2180 1024 2235 ut
1047 2170 1224 2237 miseriem

195 2282 273 2344 dens
296 2282 548 2348 aduersariorum
572 2291 751 2345 nostrorum
779 2284 881 2366 cupita
910 2282 1041 2345 euobis
1066 2283 1225 2363 permitte

195 2392 347 2455 malleati.
376 2393 416 2457 be
439 2383 565 2456 iuelunt
586 2394 706 2466 littere,
728 2413 784 2476 per
798 2393 952 2475 quosdam
967 2392 1148 2473 ilungaros,
1168 2391 1224 2474 qni

194 2504 256 2565 iam
276 2504 321 2568 eis
341 2504 549 2578 adheserant,
571 2505 742 2577 destinate,
763 2505 817 2586 qui
838 2523 903 2577 me,
925 2522 962 2565 ac
983 2511 1080 2566 totam
1096 2501 1224 2585 llum·

194 2615 273 2676 rium
294 2615 527 2679 destruxerunt.
556 2636 627 2679 uem
642 2623 760 2679 tantem
774 2615 898 2678 illarum
912 2613 1091 2678 certitudini
1105 2613 1224 2678 litton-

194 2744 263 2787 rum
279 2725 374 2789 iidem
389 2726 552 2800 dedimus,
573 2727 678 2808 quod,
696 2726 769 2789 licet
783 2726 868 2788 omni
883 2726 934 2789 die
949 2726 1141 2788 contrarium
1154 2744 1225 2790 coe·

195 2845 334 2910 norctur,
359 2844 481 2909 temen,
509 2835 582 2918 quie
603 2835 636 2898 iu
657 2843 743 2899 terra
766 2836 851 2900 illico
873 2855 1059 2919 guerrarum
1080 2833 1223 2901 turbocio

195 2946 395 3028 superuenit,
417 2947 458 3009 ob
472 2947 534 3009 hoc
549 2946 590 3010 od
611 2948 776 3010 sciendum
797 2969 940 3012 rumores
954 2947 1088 3012 nuncios
1101 2949 1224 3012 mittero

194 3057 371 3122 nuliatenus
385 3065 579 3139 poteramus,
593 3060 846 3144 contrariumque
861 3060 993 3123 credere
1007 3060 1224 3141 nequibamus.

196 3169 296 3233 etsie
319 3170 481 3252 Hungnrie
504 3178 674 3252 occupate,
706 3172 791 3234 uiam
815 3191 879 3233 non
905 3170 1006 3253 potuit
1029 3171 1149 3234 habere
1172 3170 1225 3235 lu·

196 3279 312 3359 gicudi.
339 3280 397 3342 sed
410 3279 485 3362 quie
503 3299 686 3361 processum
707 3281 790 3362 regis
810 3278 984 3343 dimisimus
1002 3280 1223 3356 indiscussum,

197 3397 393 3452 reuertemur
407 3391 447 3453 ud
460 3409 664 3472 progressum
679 3410 787 3464 suum,
809 3389 860 3452 uel
874 3389 961 3471 quod
973 3388 1081 3452 uerius
1096 3396 1161 3464 eet,
1180 3388 1223 3454 nd

197 3519 369 3581 egressum.

277 3721 343 3807 (32)
368 3725 447 3804 Quid
459 3727 559 3808 fucrit
572 3747 628 3790 rec
642 3727 714 3790 delo
730 3737 797 3809 poet
810 3727 1031 3790 debellociosem
1051 3726 1097 3788 sui
1111 3727 1225 3792 werel·
1309 3737 1310 3740 ’

196 3845 257 3911 tus,
279 3848 305 3900 et
319 3841 444 3919 quatior
453 3859 509 3922 per
521 3841 622 3903 wem
634 3838 750 3903 :lontio
768 3851 869 3921 captur
888 3841 978 3919 [κατὰ
990 3841 1104 3921 potito·
1117 3851 1143 3902 et
1154 3858 1225 3924 qv·

196 3948 296 4012 taem.
338 3950 530 4033 lpsoitoque
544 3950 675 4033 segode
690 3949 831 4014 exercitu
850 3950 1027 4033 profligato,
1047 3949 1100 4016 die
1112 3957 1226 4015 noeu-

196 4080 258 4142 que
280 4079 353 4124 eum
373 4060 568 4143 paucissimis
587 4080 702 4126 uorsus
722 4059 862 4125 confinis
880 4061 1012 4129 Polonie
1033 4059 1145 4125 babuit
1162 4061 1246 4139 lter,

195 4190 301 4252 mum,
328 4180 362 4241 et
380 4173 454 4241 indo
476 4173 597 4242 directo
618 4171 757 4253 nmio,
784 4179 821 4241 ut
840 4173 984 4262 reginem
1002 4179 1111 4261 posset
1130 4171 1226 4241 etth·
