<?xml version="1.0" encoding="UTF-8"?>
<!DOCTYPE html PUBLIC "-//W3C//DTD XHTML 1.0 Transitional//EN"
    "http://www.w3.org/TR/xhtml1/DTD/xhtml1-transitional.dtd">
<html xmlns="http://www.w3.org/1999/xhtml" xml:lang="en" lang="en">
 <head>
  <title>
</title>
<meta http-equiv="Content-Type" content="text/html;charset=utf-8" />
  <meta name='ocr-system' content='tesseract 3.04.00' />
  <meta name='ocr-capabilities' content='ocr_page ocr_carea ocr_par ocr_line ocrx_word'/>
</head>
<body>
  <div class='ocr_page' id='page_1' title='image "./rerumhungaricar00endlgoog/rerumhungaricar00endlgoog_0579.png"; bbox 0 0 2798 4764; ppageno 0'>
   <div class='ocr_carea' id='block_1_1' title="bbox 235 332 1110 401">
    <p class='ocr_par' dir='ltr' id='par_1_1' title="bbox 235 332 1110 401">
     <span class='ocr_line' id='line_1_1' title="bbox 235 332 1110 401; baseline 0.003 -6"><span class='ocrx_word' id='word_1_1' title='bbox 235 332 297 396; x_wconf 75' lang='lat'><strong>570</strong></span> <span class='ocrx_word' id='word_1_2' title='bbox 386 348 645 400; x_wconf 66' lang='lat' dir='ltr'><strong>concinnatores</strong></span> <span class='ocrx_word' id='word_1_3' title='bbox 666 353 801 401; x_wconf 83' lang='lat' dir='ltr'><strong>sraooos</strong></span> <span class='ocrx_word' id='word_1_4' title='bbox 821 353 978 400; x_wconf 81' lang='lat' dir='ltr'><strong>rnnnnsts.</strong></span> <span class='ocrx_word' id='word_1_5' title='bbox 1020 332 1110 401; x_wconf 70' lang='lat' dir='ltr'><strong>tata.</strong></span> 
     </span>
    </p>
   </div>
   <div class='ocr_carea' id='block_1_2' title="bbox 230 502 1332 3498">
    <p class='ocr_par' dir='ltr' id='par_1_2' title="bbox 236 502 1332 810">
     <span class='ocr_line' id='line_1_2' title="bbox 236 502 1262 578; baseline -0.004 -7"><span class='ocrx_word' id='word_1_6' title='bbox 236 503 395 578; x_wconf 82' lang='lat' dir='ltr'><strong>beneficii,</strong></span> <span class='ocrx_word' id='word_1_7' title='bbox 424 502 497 569; x_wconf 90' lang='lat' dir='ltr'><strong>laici</strong></span> <span class='ocrx_word' id='word_1_8' title='bbox 510 514 614 570; x_wconf 89' lang='lat' dir='ltr'><strong>antem</strong></span> <span class='ocrx_word' id='word_1_9' title='bbox 635 505 687 569; x_wconf 87' lang='lat' dir='ltr'><strong>nel</strong></span> <span class='ocrx_word' id='word_1_10' title='bbox 702 505 807 569; x_wconf 91' lang='lat' dir='ltr'><strong>clerici</strong></span> <span class='ocrx_word' id='word_1_11' title='bbox 829 507 952 570; x_wconf 86' lang='lat' dir='ltr'><strong>uxorati</strong></span> <span class='ocrx_word' id='word_1_12' title='bbox 966 505 1200 569; x_wconf 82' lang='lat' dir='ltr'><strong>nebulusmodi</strong></span> <span class='ocrx_word' id='word_1_13' title='bbox 1215 507 1262 568; x_wconf 92' lang='lat' dir='ltr'><strong>ni·</strong></span> 
     </span>
     <span class='ocr_line' id='line_1_3' title="bbox 238 616 1332 698; baseline 0 -19"><span class='ocrx_word' id='word_1_14' title='bbox 238 618 337 681; x_wconf 86' lang='lat' dir='ltr'><strong>carias</strong></span> <span class='ocrx_word' id='word_1_15' title='bbox 358 616 509 698; x_wconf 77' lang='lat' dir='ltr'><strong>recipiant</strong></span> <span class='ocrx_word' id='word_1_16' title='bbox 528 637 585 698; x_wconf 89' lang='lat' dir='ltr'><strong>per</strong></span> <span class='ocrx_word' id='word_1_17' title='bbox 599 616 933 681; x_wconf 77' lang='lat' dir='ltr'><strong>excommunicacionis</strong></span> <span class='ocrx_word' id='word_1_18' title='bbox 956 618 1149 681; x_wconf 75' lang='lat' dir='ltr'><strong>sentenciam</strong></span> <span class='ocrx_word' id='word_1_19' title='bbox 1164 637 1182 681; x_wconf 93' lang='lat' dir='ltr'><strong>a</strong></span> <span class='ocrx_word' id='word_1_20' title='bbox 1196 618 1261 680; x_wconf 83' lang='lat' dir='ltr'><strong>suis</strong></span> <span class='ocrx_word' id='word_1_21' title='bbox 1325 646 1332 654; x_wconf 94' lang='lat'>·</span> 
     </span>
     <span class='ocr_line' id='line_1_4' title="bbox 236 728 814 810; baseline -0.002 -19"><span class='ocrx_word' id='word_1_22' title='bbox 236 728 410 792; x_wconf 89' lang='lat' dir='ltr'><strong>diecesanis</strong></span> <span class='ocrx_word' id='word_1_23' title='bbox 425 737 664 810; x_wconf 78' lang='lat' dir='ltr'><strong>compescantur</strong></span> <span class='ocrx_word' id='word_1_24' title='bbox 677 729 814 791; x_wconf 90' lang='lat' dir='ltr'><strong>omnino.</strong></span> 
     </span>
    </p>

    <p class='ocr_par' dir='ltr' id='par_1_3' title="bbox 234 838 1263 1351">
     <span class='ocr_line' id='line_1_5' title="bbox 319 838 1261 925; baseline 0.003 -24"><span class='ocrx_word' id='word_1_25' title='bbox 319 838 383 921; x_wconf 80' lang='lat' dir='ltr'><strong>(ll)</strong></span> <span class='ocrx_word' id='word_1_26' title='bbox 405 841 549 905; x_wconf 88' lang='lat' dir='ltr'><strong>Districte</strong></span> <span class='ocrx_word' id='word_1_27' title='bbox 569 842 759 925; x_wconf 84' lang='lat' dir='ltr'><strong>precipimus</strong></span> <span class='ocrx_word' id='word_1_28' title='bbox 781 862 821 904; x_wconf 92' lang='lat' dir='ltr'><strong>ne</strong></span> <span class='ocrx_word' id='word_1_29' title='bbox 843 843 1023 905; x_wconf 85' lang='lat' dir='ltr'><strong>sacerdotes</strong></span> <span class='ocrx_word' id='word_1_30' title='bbox 1044 841 1096 906; x_wconf 90' lang='lat' dir='ltr'><strong>nel</strong></span> <span class='ocrx_word' id='word_1_31' title='bbox 1110 840 1213 905; x_wconf 86' lang='lat' dir='ltr'><strong>clerici</strong></span> <span class='ocrx_word' id='word_1_32' title='bbox 1229 840 1261 904; x_wconf 93' lang='lat' dir='ltr'><strong>in</strong></span> 
     </span>
     <span class='ocr_line' id='line_1_6' title="bbox 236 952 1263 1036; baseline 0.002 -22"><span class='ocrx_word' id='word_1_33' title='bbox 236 952 350 1034; x_wconf 88' lang='lat' dir='ltr'><strong>quouis</strong></span> <span class='ocrx_word' id='word_1_34' title='bbox 371 952 481 1014; x_wconf 89' lang='lat' dir='ltr'><strong>ordine</strong></span> <span class='ocrx_word' id='word_1_35' title='bbox 504 953 662 1015; x_wconf 91' lang='lat' dir='ltr'><strong>constituti</strong></span> <span class='ocrx_word' id='word_1_36' title='bbox 677 953 813 1034; x_wconf 79' lang='lat' dir='ltr'><strong>gladium</strong></span> <span class='ocrx_word' id='word_1_37' title='bbox 832 953 885 1015; x_wconf 92' lang='lat' dir='ltr'><strong>uel</strong></span> <span class='ocrx_word' id='word_1_38' title='bbox 907 954 1071 1027; x_wconf 89' lang='lat' dir='ltr'><strong>cultelum,</strong></span> <span class='ocrx_word' id='word_1_39' title='bbox 1093 955 1177 1036; x_wconf 83' lang='lat' dir='ltr'><strong>qnod</strong></span> <span class='ocrx_word' id='word_1_40' title='bbox 1194 954 1263 1016; x_wconf 94' lang='lat' dir='ltr'><strong>nul·</strong></span> 
     </span>
     <span class='ocr_line' id='line_1_7' title="bbox 234 1063 1262 1146; baseline 0 -18"><span class='ocrx_word' id='word_1_41' title='bbox 234 1063 353 1144; x_wconf 64' lang='lat' dir='ltr'><strong>pariter</strong></span> <span class='ocrx_word' id='word_1_42' title='bbox 376 1064 490 1125; x_wconf 90' lang='lat' dir='ltr'><strong>dicitnr</strong></span> <span class='ocrx_word' id='word_1_43' title='bbox 511 1065 601 1126; x_wconf 91' lang='lat' dir='ltr'><strong>boret</strong></span> <span class='ocrx_word' id='word_1_44' title='bbox 624 1074 765 1146; x_wconf 90' lang='lat' dir='ltr'><strong>portent,</strong></span> <span class='ocrx_word' id='word_1_45' title='bbox 796 1065 855 1128; x_wconf 92' lang='lat' dir='ltr'><strong>nisi</strong></span> <span class='ocrx_word' id='word_1_46' title='bbox 883 1066 928 1128; x_wconf 89' lang='lat' dir='ltr'><strong>eis</strong></span> <span class='ocrx_word' id='word_1_47' title='bbox 959 1065 1115 1129; x_wconf 76' lang='lat' dir='ltr'><strong>manifesti</strong></span> <span class='ocrx_word' id='word_1_48' title='bbox 1140 1065 1262 1128; x_wconf 82' lang='lat' dir='ltr'><strong>timoris</strong></span> 
     </span>
     <span class='ocr_line' id='line_1_8' title="bbox 235 1175 1262 1260; baseline 0.001 -21"><span class='ocrx_word' id='word_1_49' title='bbox 235 1193 329 1239; x_wconf 83' lang='lat' dir='ltr'><strong>causa</strong></span> <span class='ocrx_word' id='word_1_50' title='bbox 351 1175 518 1258; x_wconf 89' lang='lat' dir='ltr'><strong>ingruerit,</strong></span> <span class='ocrx_word' id='word_1_51' title='bbox 539 1196 599 1240; x_wconf 91' lang='lat' dir='ltr'><strong>nec</strong></span> <span class='ocrx_word' id='word_1_52' title='bbox 614 1185 688 1239; x_wconf 88' lang='lat' dir='ltr'><strong>tnnc</strong></span> <span class='ocrx_word' id='word_1_53' title='bbox 702 1178 820 1260; x_wconf 81' lang='lat' dir='ltr'><strong>absque</strong></span> <span class='ocrx_word' id='word_1_54' title='bbox 836 1177 966 1240; x_wconf 78' lang='lat' dir='ltr'><strong>licencia</strong></span> <span class='ocrx_word' id='word_1_55' title='bbox 981 1176 1173 1259; x_wconf 85' lang='lat' dir='ltr'><strong>prelatorum</strong></span> <span class='ocrx_word' id='word_1_56' title='bbox 1187 1196 1262 1259; x_wconf 90' lang='lat' dir='ltr'><strong>por-</strong></span> 
     </span>
     <span class='ocr_line' id='line_1_9' title="bbox 235 1295 312 1351; baseline 0 -1"><span class='ocrx_word' id='word_1_57' title='bbox 235 1295 312 1351; x_wconf 73' lang='lat' dir='ltr'><strong>tent.</strong></span> 
     </span>
    </p>

    <p class='ocr_par' dir='ltr' id='par_1_4' title="bbox 230 1397 1263 2917">
     <span class='ocr_line' id='line_1_10' title="bbox 318 1397 1263 1482; baseline 0.003 -19"><span class='ocrx_word' id='word_1_58' title='bbox 318 1397 384 1482; x_wconf 74' lang='lat'>(12)</span> <span class='ocrx_word' id='word_1_59' title='bbox 405 1402 584 1464; x_wconf 90' lang='lat' dir='ltr'><strong>lnbibemns</strong></span> <span class='ocrx_word' id='word_1_60' title='bbox 606 1402 787 1475; x_wconf 90' lang='lat' dir='ltr'><strong>districtius,</strong></span> <span class='ocrx_word' id='word_1_61' title='bbox 806 1411 840 1464; x_wconf 94' lang='lat' dir='ltr'><strong>nt</strong></span> <span class='ocrx_word' id='word_1_62' title='bbox 862 1401 965 1464; x_wconf 92' lang='lat' dir='ltr'><strong>nnllns</strong></span> <span class='ocrx_word' id='word_1_63' title='bbox 989 1400 1120 1464; x_wconf 87' lang='lat' dir='ltr'><strong>clericus</strong></span> <span class='ocrx_word' id='word_1_64' title='bbox 1141 1402 1263 1466; x_wconf 85' lang='lat' dir='ltr'><strong>benefi-</strong></span> 
     </span>
     <span class='ocr_line' id='line_1_11' title="bbox 234 1509 1260 1596; baseline 0.004 -24"><span class='ocrx_word' id='word_1_65' title='bbox 234 1509 334 1574; x_wconf 90' lang='lat' dir='ltr'><strong>ciatus</strong></span> <span class='ocrx_word' id='word_1_66' title='bbox 353 1520 406 1574; x_wconf 91' lang='lat' dir='ltr'><strong>ant</strong></span> <span class='ocrx_word' id='word_1_67' title='bbox 426 1513 458 1575; x_wconf 94' lang='lat' dir='ltr'><strong>in</strong></span> <span class='ocrx_word' id='word_1_68' title='bbox 479 1513 575 1575; x_wconf 88' lang='lat' dir='ltr'><strong>sacris</strong></span> <span class='ocrx_word' id='word_1_69' title='bbox 597 1513 758 1576; x_wconf 84' lang='lat' dir='ltr'><strong>ordinibus</strong></span> <span class='ocrx_word' id='word_1_70' title='bbox 780 1513 963 1577; x_wconf 86' lang='lat' dir='ltr'><strong>constitutus</strong></span> <span class='ocrx_word' id='word_1_71' title='bbox 977 1512 1126 1576; x_wconf 89' lang='lat' dir='ltr'><strong>mulieres</strong></span> <span class='ocrx_word' id='word_1_72' title='bbox 1139 1513 1260 1596; x_wconf 82' lang='lat' dir='ltr'><strong>aliquas</strong></span> 
     </span>
     <span class='ocr_line' id='line_1_12' title="bbox 235 1620 1262 1699; baseline 0.006 -17"><span class='ocrx_word' id='word_1_73' title='bbox 235 1620 268 1683; x_wconf 92' lang='lat' dir='ltr'><strong>in</strong></span> <span class='ocrx_word' id='word_1_74' title='bbox 283 1623 427 1686; x_wconf 86' lang='lat' dir='ltr'><strong>domibus</strong></span> <span class='ocrx_word' id='word_1_75' title='bbox 440 1645 498 1687; x_wconf 88' lang='lat' dir='ltr'><strong>sne</strong></span> <span class='ocrx_word' id='word_1_76' title='bbox 513 1623 718 1686; x_wconf 85' lang='lat' dir='ltr'><strong>habitacionis</strong></span> <span class='ocrx_word' id='word_1_77' title='bbox 740 1626 893 1699; x_wconf 91' lang='lat' dir='ltr'><strong>retinere,</strong></span> <span class='ocrx_word' id='word_1_78' title='bbox 915 1625 965 1686; x_wconf 90' lang='lat' dir='ltr'><strong>uel</strong></span> <span class='ocrx_word' id='word_1_79' title='bbox 985 1624 1058 1687; x_wconf 90' lang='lat' dir='ltr'><strong>alibi</strong></span> <span class='ocrx_word' id='word_1_80' title='bbox 1074 1626 1119 1687; x_wconf 92' lang='lat' dir='ltr'><strong>eis</strong></span> <span class='ocrx_word' id='word_1_81' title='bbox 1134 1625 1262 1688; x_wconf 90' lang='lat' dir='ltr'><strong>cobabi·</strong></span> 
     </span>
     <span class='ocr_line' id='line_1_13' title="bbox 235 1734 1261 1816; baseline 0.004 -22"><span class='ocrx_word' id='word_1_82' title='bbox 235 1738 302 1794; x_wconf 88' lang='lat' dir='ltr'><strong>tare</strong></span> <span class='ocrx_word' id='word_1_83' title='bbox 323 1744 490 1814; x_wconf 86' lang='lat' dir='ltr'><strong>presumat.</strong></span> <span class='ocrx_word' id='word_1_84' title='bbox 512 1735 565 1815; x_wconf 90' lang='lat' dir='ltr'><strong>qni</strong></span> <span class='ocrx_word' id='word_1_85' title='bbox 588 1754 665 1797; x_wconf 89' lang='lat' dir='ltr'><strong>uero</strong></span> <span class='ocrx_word' id='word_1_86' title='bbox 687 1734 773 1816; x_wconf 88' lang='lat' dir='ltr'><strong>ipsas</strong></span> <span class='ocrx_word' id='word_1_87' title='bbox 795 1755 876 1797; x_wconf 92' lang='lat' dir='ltr'><strong>nunc</strong></span> <span class='ocrx_word' id='word_1_88' title='bbox 898 1744 1020 1809; x_wconf 91' lang='lat' dir='ltr'><strong>tenent,</strong></span> <span class='ocrx_word' id='word_1_89' title='bbox 1042 1737 1100 1798; x_wconf 90' lang='lat' dir='ltr'><strong>nisi</strong></span> <span class='ocrx_word' id='word_1_90' title='bbox 1122 1736 1182 1799; x_wconf 87' lang='lat' dir='ltr'><strong>ilra</strong></span> <span class='ocrx_word' id='word_1_91' title='bbox 1197 1743 1261 1799; x_wconf 87' lang='lat' dir='ltr'><strong>tres</strong></span> 
     </span>
     <span class='ocr_line' id='line_1_14' title="bbox 236 1844 1262 1928; baseline 0.004 -24"><span class='ocrx_word' id='word_1_92' title='bbox 236 1863 360 1905; x_wconf 89' lang='lat' dir='ltr'><strong>menses</strong></span> <span class='ocrx_word' id='word_1_93' title='bbox 382 1844 421 1905; x_wconf 92' lang='lat' dir='ltr'><strong>ab</strong></span> <span class='ocrx_word' id='word_1_94' title='bbox 443 1844 550 1906; x_wconf 93' lang='lat' dir='ltr'><strong>nltimo</strong></span> <span class='ocrx_word' id='word_1_95' title='bbox 566 1844 616 1908; x_wconf 90' lang='lat' dir='ltr'><strong>die</strong></span> <span class='ocrx_word' id='word_1_96' title='bbox 641 1846 793 1926; x_wconf 80' lang='lat' dir='ltr'><strong>presentis</strong></span> <span class='ocrx_word' id='word_1_97' title='bbox 807 1847 924 1928; x_wconf 87' lang='lat' dir='ltr'><strong>synodi</strong></span> <span class='ocrx_word' id='word_1_98' title='bbox 940 1848 969 1908; x_wconf 93' lang='lat' dir='ltr'><strong>in</strong></span> <span class='ocrx_word' id='word_1_99' title='bbox 986 1855 1077 1909; x_wconf 88' lang='lat' dir='ltr'><strong>antea</strong></span> <span class='ocrx_word' id='word_1_100' title='bbox 1093 1866 1262 1909; x_wconf 90' lang='lat' dir='ltr'><strong>numeran-</strong></span> 
     </span>
     <span class='ocr_line' id='line_1_15' title="bbox 236 1952 1261 2039; baseline 0.002 -24"><span class='ocrx_word' id='word_1_101' title='bbox 236 1952 304 2028; x_wconf 91' lang='lat' dir='ltr'><strong>dos,</strong></span> <span class='ocrx_word' id='word_1_102' title='bbox 334 1974 387 2017; x_wconf 91' lang='lat' dir='ltr'><strong>eas</strong></span> <span class='ocrx_word' id='word_1_103' title='bbox 412 1975 431 2017; x_wconf 92' lang='lat' dir='ltr'><strong>a</strong></span> <span class='ocrx_word' id='word_1_104' title='bbox 450 1955 686 2018; x_wconf 89' lang='lat' dir='ltr'><strong>cohabitacione</strong></span> <span class='ocrx_word' id='word_1_105' title='bbox 711 1975 768 2019; x_wconf 88' lang='lat' dir='ltr'><strong>sna</strong></span> <span class='ocrx_word' id='word_1_106' title='bbox 788 1976 918 2038; x_wconf 86' lang='lat' dir='ltr'><strong>prorsus</strong></span> <span class='ocrx_word' id='word_1_107' title='bbox 940 1957 1106 2031; x_wconf 85' lang='lat' dir='ltr'><strong>eiecerint,</strong></span> <span class='ocrx_word' id='word_1_108' title='bbox 1137 1957 1188 2020; x_wconf 88' lang='lat' dir='ltr'><strong>nel</strong></span> <span class='ocrx_word' id='word_1_109' title='bbox 1206 1956 1261 2039; x_wconf 89' lang='lat' dir='ltr'><strong>qni</strong></span> 
     </span>
     <span class='ocr_line' id='line_1_16' title="bbox 235 2069 1262 2151; baseline 0.004 -24"><span class='ocrx_word' id='word_1_110' title='bbox 235 2069 350 2131; x_wconf 85' lang='lat' dir='ltr'><strong>eiectas</strong></span> <span class='ocrx_word' id='word_1_111' title='bbox 374 2069 599 2151; x_wconf 88' lang='lat' dir='ltr'><strong>resumpserint</strong></span> <span class='ocrx_word' id='word_1_112' title='bbox 623 2069 674 2132; x_wconf 91' lang='lat' dir='ltr'><strong>uel</strong></span> <span class='ocrx_word' id='word_1_113' title='bbox 698 2069 744 2132; x_wconf 90' lang='lat' dir='ltr'><strong>eis</strong></span> <span class='ocrx_word' id='word_1_114' title='bbox 768 2069 1031 2143; x_wconf 86' lang='lat' dir='ltr'><strong>cohabitauerint,</strong></span> <span class='ocrx_word' id='word_1_115' title='bbox 1064 2090 1104 2132; x_wconf 84' lang='lat' dir='ltr'><strong>ex</strong></span> <span class='ocrx_word' id='word_1_116' title='bbox 1128 2077 1203 2133; x_wconf 87' lang='lat' dir='ltr'><strong>tnnc</strong></span> <span class='ocrx_word' id='word_1_117' title='bbox 1227 2089 1262 2132; x_wconf 87' lang='lat' dir='ltr'><strong>se</strong></span> 
     </span>
     <span class='ocr_line' id='line_1_17' title="bbox 235 2181 1262 2263; baseline -0.007 -14"><span class='ocrx_word' id='word_1_118' title='bbox 235 2182 337 2251; x_wconf 82' lang='lat' dir='ltr'><strong>sciant</strong></span> <span class='ocrx_word' id='word_1_119' title='bbox 350 2181 687 2244; x_wconf 84' lang='lat' dir='ltr'><strong>excommunicacionis</strong></span> <span class='ocrx_word' id='word_1_120' title='bbox 702 2182 864 2244; x_wconf 85' lang='lat' dir='ltr'><strong>sentencia</strong></span> <span class='ocrx_word' id='word_1_121' title='bbox 878 2182 1060 2256; x_wconf 86' lang='lat' dir='ltr'><strong>innodatos,</strong></span> <span class='ocrx_word' id='word_1_122' title='bbox 1080 2199 1100 2243; x_wconf 94' lang='lat' dir='ltr'><strong>a</strong></span> <span class='ocrx_word' id='word_1_123' title='bbox 1114 2200 1178 2263; x_wconf 86' lang='lat' dir='ltr'><strong>qna</strong></span> <span class='ocrx_word' id='word_1_124' title='bbox 1190 2200 1262 2243; x_wconf 89' lang='lat' dir='ltr'><strong>sen-</strong></span> 
     </span>
     <span class='ocr_line' id='line_1_18' title="bbox 233 2292 1261 2379; baseline -0.008 -16"><span class='ocrx_word' id='word_1_125' title='bbox 233 2298 336 2363; x_wconf 86' lang='lat' dir='ltr'><strong>tencia</strong></span> <span class='ocrx_word' id='word_1_126' title='bbox 358 2317 416 2379; x_wconf 90' lang='lat' dir='ltr'><strong>per</strong></span> <span class='ocrx_word' id='word_1_127' title='bbox 430 2294 503 2357; x_wconf 77' lang='lat' dir='ltr'><strong>s&#39;nos</strong></span> <span class='ocrx_word' id='word_1_128' title='bbox 519 2293 703 2356; x_wconf 89' lang='lat' dir='ltr'><strong>diecesanos</strong></span> <span class='ocrx_word' id='word_1_129' title='bbox 725 2293 846 2356; x_wconf 85' lang='lat' dir='ltr'><strong>absolui</strong></span> <span class='ocrx_word' id='word_1_130' title='bbox 870 2293 1006 2374; x_wconf 79' lang='lat' dir='ltr'><strong>possint,</strong></span> <span class='ocrx_word' id='word_1_131' title='bbox 1029 2293 1129 2373; x_wconf 88' lang='lat' dir='ltr'><strong>primo</strong></span> <span class='ocrx_word' id='word_1_132' title='bbox 1143 2292 1184 2354; x_wconf 93' lang='lat' dir='ltr'><strong>de</strong></span> <span class='ocrx_word' id='word_1_133' title='bbox 1197 2292 1261 2355; x_wconf 88' lang='lat' dir='ltr'><strong>suis</strong></span> 
     </span>
     <span class='ocr_line' id='line_1_19' title="bbox 233 2401 1262 2486; baseline -0.008 -13"><span class='ocrx_word' id='word_1_134' title='bbox 233 2407 521 2474; x_wconf 79' lang='lat' dir='ltr'><strong>cohabitacionibns</strong></span> <span class='ocrx_word' id='word_1_135' title='bbox 542 2404 724 2468; x_wconf 88' lang='lat' dir='ltr'><strong>mulieribus</strong></span> <span class='ocrx_word' id='word_1_136' title='bbox 746 2403 893 2486; x_wconf 89' lang='lat' dir='ltr'><strong>predictis</strong></span> <span class='ocrx_word' id='word_1_137' title='bbox 912 2403 1029 2476; x_wconf 89' lang='lat' dir='ltr'><strong>eiectis,</strong></span> <span class='ocrx_word' id='word_1_138' title='bbox 1050 2421 1087 2464; x_wconf 92' lang='lat' dir='ltr'><strong>ac</strong></span> <span class='ocrx_word' id='word_1_139' title='bbox 1106 2401 1185 2482; x_wconf 82' lang='lat' dir='ltr'><strong>ipsis</strong></span> <span class='ocrx_word' id='word_1_140' title='bbox 1198 2401 1262 2465; x_wconf 86' lang='lat' dir='ltr'><strong>ele·</strong></span> 
     </span>
     <span class='ocr_line' id='line_1_20' title="bbox 231 2512 1262 2596; baseline -0.008 -12"><span class='ocrx_word' id='word_1_141' title='bbox 231 2521 306 2584; x_wconf 88' lang='lat' dir='ltr'><strong>ricis</strong></span> <span class='ocrx_word' id='word_1_142' title='bbox 320 2521 359 2582; x_wconf 93' lang='lat' dir='ltr'><strong>ab</strong></span> <span class='ocrx_word' id='word_1_143' title='bbox 375 2539 483 2582; x_wconf 89' lang='lat' dir='ltr'><strong>earnm</strong></span> <span class='ocrx_word' id='word_1_144' title='bbox 499 2517 626 2578; x_wconf 89' lang='lat' dir='ltr'><strong>omnino</strong></span> <span class='ocrx_word' id='word_1_145' title='bbox 641 2515 928 2577; x_wconf 87' lang='lat' dir='ltr'><strong>cohabitacionibns</strong></span> <span class='ocrx_word' id='word_1_146' title='bbox 943 2513 1107 2596; x_wconf 90' lang='lat' dir='ltr'><strong>separatis,</strong></span> <span class='ocrx_word' id='word_1_147' title='bbox 1128 2523 1160 2576; x_wconf 88' lang='lat' dir='ltr'><strong>et</strong></span> <span class='ocrx_word' id='word_1_148' title='bbox 1173 2512 1262 2576; x_wconf 85' lang='lat' dir='ltr'><strong>suili-</strong></span> 
     </span>
     <span class='ocr_line' id='line_1_21' title="bbox 233 2626 1262 2713; baseline -0.008 -18"><span class='ocrx_word' id='word_1_149' title='bbox 233 2633 326 2695; x_wconf 88' lang='lat' dir='ltr'><strong>cienti</strong></span> <span class='ocrx_word' id='word_1_150' title='bbox 343 2631 472 2713; x_wconf 87' lang='lat' dir='ltr'><strong>prestita</strong></span> <span class='ocrx_word' id='word_1_151' title='bbox 486 2630 651 2701; x_wconf 80' lang='lat' dir='ltr'><strong>concione,</strong></span> <span class='ocrx_word' id='word_1_152' title='bbox 666 2629 750 2709; x_wconf 87' lang='lat' dir='ltr'><strong>qnod</strong></span> <span class='ocrx_word' id='word_1_153' title='bbox 763 2637 870 2688; x_wconf 91' lang='lat' dir='ltr'><strong>contra</strong></span> <span class='ocrx_word' id='word_1_154' title='bbox 881 2626 1139 2688; x_wconf 87' lang='lat' dir='ltr'><strong>constitucionem</strong></span> <span class='ocrx_word' id='word_1_155' title='bbox 1153 2626 1262 2688; x_wconf 86' lang='lat' dir='ltr'><strong>bnius-</strong></span> 
     </span>
     <span class='ocr_line' id='line_1_22' title="bbox 232 2739 1260 2821; baseline -0.004 -16"><span class='ocrx_word' id='word_1_156' title='bbox 232 2745 316 2806; x_wconf 93' lang='lat' dir='ltr'><strong>modi</strong></span> <span class='ocrx_word' id='word_1_157' title='bbox 333 2745 372 2804; x_wconf 91' lang='lat' dir='ltr'><strong>de</strong></span> <span class='ocrx_word' id='word_1_158' title='bbox 388 2753 494 2806; x_wconf 87' lang='lat' dir='ltr'><strong>cetero</strong></span> <span class='ocrx_word' id='word_1_159' title='bbox 510 2761 574 2802; x_wconf 93' lang='lat' dir='ltr'><strong>non</strong></span> <span class='ocrx_word' id='word_1_160' title='bbox 591 2741 733 2812; x_wconf 88' lang='lat' dir='ltr'><strong>uenient,</strong></span> <span class='ocrx_word' id='word_1_161' title='bbox 755 2740 811 2800; x_wconf 90' lang='lat' dir='ltr'><strong>sed</strong></span> <span class='ocrx_word' id='word_1_162' title='bbox 834 2740 933 2821; x_wconf 89' lang='lat' dir='ltr'><strong>ipsam</strong></span> <span class='ocrx_word' id='word_1_163' title='bbox 948 2739 1033 2800; x_wconf 91' lang='lat' dir='ltr'><strong>omni</strong></span> <span class='ocrx_word' id='word_1_164' title='bbox 1055 2746 1197 2820; x_wconf 89' lang='lat' dir='ltr'><strong>tempore</strong></span> <span class='ocrx_word' id='word_1_165' title='bbox 1213 2740 1260 2801; x_wconf 93' lang='lat' dir='ltr'><strong>in-</strong></span> 
     </span>
     <span class='ocr_line' id='line_1_23' title="bbox 230 2852 656 2917; baseline -0.012 -1"><span class='ocrx_word' id='word_1_166' title='bbox 230 2855 419 2917; x_wconf 90' lang='lat' dir='ltr'><strong>uiolabiliter</strong></span> <span class='ocrx_word' id='word_1_167' title='bbox 434 2852 656 2915; x_wconf 87' lang='lat' dir='ltr'><strong>obseruabnnt.</strong></span> 
     </span>
    </p>

    <p class='ocr_par' dir='ltr' id='par_1_5' title="bbox 231 2960 1260 3498">
     <span class='ocr_line' id='line_1_24' title="bbox 314 2960 1260 3044; baseline 0 -19"><span class='ocrx_word' id='word_1_168' title='bbox 314 2961 379 3044; x_wconf 77' lang='lat'>(13)</span> <span class='ocrx_word' id='word_1_169' title='bbox 402 2963 576 3024; x_wconf 82' lang='lat' dir='ltr'><strong>Suadenins</strong></span> <span class='ocrx_word' id='word_1_170' title='bbox 602 2969 634 3022; x_wconf 89' lang='lat' dir='ltr'><strong>nt</strong></span> <span class='ocrx_word' id='word_1_171' title='bbox 655 2960 909 3043; x_wconf 88' lang='lat' dir='ltr'><strong>qnnciescunque</strong></span> <span class='ocrx_word' id='word_1_172' title='bbox 940 2961 1070 3024; x_wconf 90' lang='lat' dir='ltr'><strong>clericos</strong></span> <span class='ocrx_word' id='word_1_173' title='bbox 1094 2962 1260 3044; x_wconf 86' lang='lat' dir='ltr'><strong>contigerit</strong></span> 
     </span>
     <span class='ocr_line' id='line_1_25' title="bbox 232 3071 1259 3156; baseline -0.004 -16"><span class='ocrx_word' id='word_1_174' title='bbox 232 3076 324 3141; x_wconf 88' lang='lat' dir='ltr'><strong>simul</strong></span> <span class='ocrx_word' id='word_1_175' title='bbox 350 3075 401 3138; x_wconf 93' lang='lat' dir='ltr'><strong>nel</strong></span> <span class='ocrx_word' id='word_1_176' title='bbox 426 3073 624 3155; x_wconf 81' lang='lat' dir='ltr'><strong>singulariter</strong></span> <span class='ocrx_word' id='word_1_177' title='bbox 645 3071 794 3134; x_wconf 86' lang='lat' dir='ltr'><strong>incedere</strong></span> <span class='ocrx_word' id='word_1_178' title='bbox 822 3083 893 3134; x_wconf 89' lang='lat' dir='ltr'><strong>ante</strong></span> <span class='ocrx_word' id='word_1_179' title='bbox 923 3074 1020 3136; x_wconf 87' lang='lat' dir='ltr'><strong>altare</strong></span> <span class='ocrx_word' id='word_1_180' title='bbox 1046 3094 1102 3136; x_wconf 92' lang='lat' dir='ltr'><strong>sen</strong></span> <span class='ocrx_word' id='word_1_181' title='bbox 1126 3074 1259 3156; x_wconf 89' lang='lat' dir='ltr'><strong>liguram</strong></span> 
     </span>
     <span class='ocr_line' id='line_1_26' title="bbox 231 3183 1260 3270; baseline -0.006 -16"><span class='ocrx_word' id='word_1_182' title='bbox 231 3190 323 3255; x_wconf 88' lang='lat' dir='ltr'><strong>beate</strong></span> <span class='ocrx_word' id='word_1_183' title='bbox 344 3187 473 3270; x_wconf 88' lang='lat' dir='ltr'><strong>uirginis</strong></span> <span class='ocrx_word' id='word_1_184' title='bbox 495 3193 548 3248; x_wconf 86' lang='lat' dir='ltr'><strong>ant</strong></span> <span class='ocrx_word' id='word_1_185' title='bbox 566 3186 664 3247; x_wconf 90' lang='lat' dir='ltr'><strong>eciam</strong></span> <span class='ocrx_word' id='word_1_186' title='bbox 681 3183 838 3258; x_wconf 80' lang='lat' dir='ltr'><strong>crucifixi,</strong></span> <span class='ocrx_word' id='word_1_187' title='bbox 860 3195 891 3247; x_wconf 89' lang='lat' dir='ltr'><strong>et</strong></span> <span class='ocrx_word' id='word_1_188' title='bbox 905 3187 1037 3247; x_wconf 84' lang='lat' dir='ltr'><strong>maxime</strong></span> <span class='ocrx_word' id='word_1_189' title='bbox 1054 3206 1124 3247; x_wconf 77' lang='lat' dir='ltr'><strong>carm</strong></span> <span class='ocrx_word' id='word_1_190' title='bbox 1141 3206 1197 3268; x_wconf 93' lang='lat' dir='ltr'><strong>pro</strong></span> <span class='ocrx_word' id='word_1_191' title='bbox 1212 3187 1260 3248; x_wconf 92' lang='lat' dir='ltr'><strong>di-</strong></span> 
     </span>
     <span class='ocr_line' id='line_1_27' title="bbox 231 3296 1258 3378; baseline -0.007 -12"><span class='ocrx_word' id='word_1_192' title='bbox 231 3301 313 3366; x_wconf 89' lang='lat' dir='ltr'><strong>uinis</strong></span> <span class='ocrx_word' id='word_1_193' title='bbox 328 3300 438 3363; x_wconf 85' lang='lat' dir='ltr'><strong>officiis</strong></span> <span class='ocrx_word' id='word_1_194' title='bbox 453 3299 569 3360; x_wconf 85' lang='lat' dir='ltr'><strong>intrant</strong></span> <span class='ocrx_word' id='word_1_195' title='bbox 583 3297 729 3370; x_wconf 82' lang='lat' dir='ltr'><strong>oliorum,</strong></span> <span class='ocrx_word' id='word_1_196' title='bbox 751 3296 899 3358; x_wconf 89' lang='lat' dir='ltr'><strong>inclinent</strong></span> <span class='ocrx_word' id='word_1_197' title='bbox 913 3299 1014 3377; x_wconf 88' lang='lat' dir='ltr'><strong>capita</strong></span> <span class='ocrx_word' id='word_1_198' title='bbox 1035 3316 1091 3359; x_wconf 89' lang='lat' dir='ltr'><strong>sna</strong></span> <span class='ocrx_word' id='word_1_199' title='bbox 1108 3297 1258 3378; x_wconf 83' lang='lat' dir='ltr'><strong>depositis</strong></span> 
     </span>
     <span class='ocr_line' id='line_1_28' title="bbox 232 3407 1260 3498; baseline -0.008 -22"><span class='ocrx_word' id='word_1_200' title='bbox 232 3415 322 3498; x_wconf 89' lang='lat' dir='ltr'><strong>pileis</strong></span> <span class='ocrx_word' id='word_1_201' title='bbox 342 3421 536 3483; x_wconf 85' lang='lat' dir='ltr'><strong>renerenter,</strong></span> <span class='ocrx_word' id='word_1_202' title='bbox 561 3417 654 3491; x_wconf 89' lang='lat' dir='ltr'><strong>atque</strong></span> <span class='ocrx_word' id='word_1_203' title='bbox 675 3408 831 3470; x_wconf 91' lang='lat' dir='ltr'><strong>instruant</strong></span> <span class='ocrx_word' id='word_1_204' title='bbox 849 3417 880 3470; x_wconf 89' lang='lat' dir='ltr'><strong>et</strong></span> <span class='ocrx_word' id='word_1_205' title='bbox 903 3409 1050 3470; x_wconf 90' lang='lat' dir='ltr'><strong>inducant</strong></span> <span class='ocrx_word' id='word_1_206' title='bbox 1071 3409 1167 3470; x_wconf 90' lang='lat' dir='ltr'><strong>laicos</strong></span> <span class='ocrx_word' id='word_1_207' title='bbox 1189 3407 1260 3471; x_wconf 90' lang='lat' dir='ltr'><strong>dili·</strong></span> 
     </span>
    </p>
   </div>
   <div class='ocr_carea' id='block_1_3' title="bbox 227 3519 1262 4274">
    <p class='ocr_par' dir='ltr' id='par_1_6' title="bbox 227 3519 1262 4274">
     <span class='ocr_line' id='line_1_29' title="bbox 231 3519 1260 3608; baseline -0.01 -19"><span class='ocrx_word' id='word_1_208' title='bbox 231 3534 351 3608; x_wconf 87' lang='lat' dir='ltr'><strong>genter.</strong></span> <span class='ocrx_word' id='word_1_209' title='bbox 380 3524 525 3587; x_wconf 87' lang='lat' dir='ltr'><strong>uolumus</strong></span> <span class='ocrx_word' id='word_1_210' title='bbox 540 3522 624 3603; x_wconf 92' lang='lat' dir='ltr'><strong>quod</strong></span> <span class='ocrx_word' id='word_1_211' title='bbox 640 3541 749 3582; x_wconf 91' lang='lat' dir='ltr'><strong>omnes</strong></span> <span class='ocrx_word' id='word_1_212' title='bbox 765 3520 869 3582; x_wconf 87' lang='lat' dir='ltr'><strong>clerici</strong></span> <span class='ocrx_word' id='word_1_213' title='bbox 884 3520 1138 3603; x_wconf 89' lang='lat' dir='ltr'><strong>qnnciescunque</strong></span> <span class='ocrx_word' id='word_1_214' title='bbox 1161 3520 1192 3580; x_wconf 94' lang='lat' dir='ltr'><strong>in</strong></span> <span class='ocrx_word' id='word_1_215' title='bbox 1212 3519 1260 3580; x_wconf 92' lang='lat' dir='ltr'><strong>di·</strong></span> 
     </span>
     <span class='ocr_line' id='line_1_30' title="bbox 231 3632 1260 3712; baseline -0.008 -14"><span class='ocrx_word' id='word_1_216' title='bbox 231 3638 312 3698; x_wconf 91' lang='lat' dir='ltr'><strong>uinis</strong></span> <span class='ocrx_word' id='word_1_217' title='bbox 328 3635 438 3697; x_wconf 84' lang='lat' dir='ltr'><strong>officiis</strong></span> <span class='ocrx_word' id='word_1_218' title='bbox 455 3637 543 3694; x_wconf 78' lang='lat' dir='ltr'><strong>atne</strong></span> <span class='ocrx_word' id='word_1_219' title='bbox 559 3633 678 3695; x_wconf 76' lang='lat' dir='ltr'><strong>Maria»</strong></span> <span class='ocrx_word' id='word_1_220' title='bbox 695 3632 888 3703; x_wconf 86' lang='lat' dir='ltr'><strong>audiucrint,</strong></span> <span class='ocrx_word' id='word_1_221' title='bbox 909 3632 997 3693; x_wconf 78' lang='lat' dir='ltr'><strong>lleais</strong></span> <span class='ocrx_word' id='word_1_222' title='bbox 1012 3632 1144 3712; x_wconf 83' lang='lat' dir='ltr'><strong>genibus</strong></span> <span class='ocrx_word' id='word_1_223' title='bbox 1159 3650 1192 3691; x_wconf 91' lang='lat' dir='ltr'><strong>se</strong></span> <span class='ocrx_word' id='word_1_224' title='bbox 1207 3650 1260 3691; x_wconf 92' lang='lat' dir='ltr'><strong>re·</strong></span> 
     </span>
     <span class='ocr_line' id='line_1_31' title="bbox 231 3741 1261 3826; baseline -0.004 -17"><span class='ocrx_word' id='word_1_225' title='bbox 231 3756 379 3809; x_wconf 90' lang='lat' dir='ltr'><strong>nerenter</strong></span> <span class='ocrx_word' id='word_1_226' title='bbox 393 3745 556 3817; x_wconf 89' lang='lat' dir='ltr'><strong>inclinent,</strong></span> <span class='ocrx_word' id='word_1_227' title='bbox 578 3745 778 3826; x_wconf 87' lang='lat' dir='ltr'><strong>prohibentes</strong></span> <span class='ocrx_word' id='word_1_228' title='bbox 800 3763 840 3804; x_wconf 95' lang='lat' dir='ltr'><strong>ne</strong></span> <span class='ocrx_word' id='word_1_229' title='bbox 864 3743 968 3805; x_wconf 89' lang='lat' dir='ltr'><strong>clerici</strong></span> <span class='ocrx_word' id='word_1_230' title='bbox 989 3741 1182 3814; x_wconf 85' lang='lat' dir='ltr'><strong>beneficiati,</strong></span> <span class='ocrx_word' id='word_1_231' title='bbox 1205 3750 1261 3805; x_wconf 86' lang='lat' dir='ltr'><strong>ant</strong></span> 
     </span>
     <span class='ocr_line' id='line_1_32' title="bbox 227 3853 1260 3934; baseline -0.007 -13"><span class='ocrx_word' id='word_1_232' title='bbox 227 3858 261 3921; x_wconf 91' lang='lat' dir='ltr'><strong>in</strong></span> <span class='ocrx_word' id='word_1_233' title='bbox 276 3857 373 3918; x_wconf 89' lang='lat' dir='ltr'><strong>sacris</strong></span> <span class='ocrx_word' id='word_1_234' title='bbox 387 3855 547 3916; x_wconf 88' lang='lat' dir='ltr'><strong>ordinibus</strong></span> <span class='ocrx_word' id='word_1_235' title='bbox 563 3854 723 3918; x_wconf 91' lang='lat' dir='ltr'><strong>constituti</strong></span> <span class='ocrx_word' id='word_1_236' title='bbox 737 3854 932 3927; x_wconf 89' lang='lat' dir='ltr'><strong>discalceati,</strong></span> <span class='ocrx_word' id='word_1_237' title='bbox 947 3875 1003 3916; x_wconf 91' lang='lat' dir='ltr'><strong>sen</strong></span> <span class='ocrx_word' id='word_1_238' title='bbox 1019 3854 1110 3916; x_wconf 87' lang='lat' dir='ltr'><strong>nudis</strong></span> <span class='ocrx_word' id='word_1_239' title='bbox 1125 3853 1260 3934; x_wconf 89' lang='lat' dir='ltr'><strong>pedibus</strong></span> 
     </span>
     <span class='ocr_line' id='line_1_33' title="bbox 229 3964 1259 4046; baseline -0.006 -14"><span class='ocrx_word' id='word_1_240' title='bbox 229 3968 362 4032; x_wconf 86' lang='lat' dir='ltr'><strong>eborum</strong></span> <span class='ocrx_word' id='word_1_241' title='bbox 386 3967 502 4027; x_wconf 85' lang='lat' dir='ltr'><strong>intrare</strong></span> <span class='ocrx_word' id='word_1_242' title='bbox 527 3986 583 4030; x_wconf 88' lang='lat' dir='ltr'><strong>sen</strong></span> <span class='ocrx_word' id='word_1_243' title='bbox 607 3967 640 4027; x_wconf 94' lang='lat' dir='ltr'><strong>in</strong></span> <span class='ocrx_word' id='word_1_244' title='bbox 665 3965 734 4046; x_wconf 90' lang='lat' dir='ltr'><strong>ipso</strong></span> <span class='ocrx_word' id='word_1_245' title='bbox 759 3973 843 4030; x_wconf 85' lang='lat' dir='ltr'><strong>stare</strong></span> <span class='ocrx_word' id='word_1_246' title='bbox 865 3974 1064 4046; x_wconf 90' lang='lat' dir='ltr'><strong>presumant,</strong></span> <span class='ocrx_word' id='word_1_247' title='bbox 1093 3965 1168 4027; x_wconf 90' lang='lat' dir='ltr'><strong>dum</strong></span> <span class='ocrx_word' id='word_1_248' title='bbox 1189 3964 1259 4046; x_wconf 86' lang='lat' dir='ltr'><strong>ipsa</strong></span> 
     </span>
     <span class='ocr_line' id='line_1_34' title="bbox 230 4076 1261 4160; baseline -0.004 -17"><span class='ocrx_word' id='word_1_249' title='bbox 230 4080 335 4144; x_wconf 87' lang='lat' dir='ltr'><strong>dinina</strong></span> <span class='ocrx_word' id='word_1_250' title='bbox 349 4077 453 4140; x_wconf 85' lang='lat' dir='ltr'><strong>cilicia</strong></span> <span class='ocrx_word' id='word_1_251' title='bbox 468 4077 675 4140; x_wconf 84' lang='lat' dir='ltr'><strong>celebrantur.</strong></span> <span class='ocrx_word' id='word_1_252' title='bbox 695 4079 770 4141; x_wconf 90' lang='lat' dir='ltr'><strong>item</strong></span> <span class='ocrx_word' id='word_1_253' title='bbox 782 4078 866 4160; x_wconf 91' lang='lat' dir='ltr'><strong>qnod</strong></span> <span class='ocrx_word' id='word_1_254' title='bbox 881 4077 1057 4160; x_wconf 78' lang='lat' dir='ltr'><strong>presbyteri</strong></span> <span class='ocrx_word' id='word_1_255' title='bbox 1071 4077 1140 4141; x_wconf 86' lang='lat' dir='ltr'><strong>sine</strong></span> <span class='ocrx_word' id='word_1_256' title='bbox 1151 4076 1261 4158; x_wconf 87' lang='lat' dir='ltr'><strong>cappis</strong></span> 
     </span>
     <span class='ocr_line' id='line_1_35' title="bbox 229 4188 1262 4274; baseline -0.005 -16"><span class='ocrx_word' id='word_1_257' title='bbox 229 4192 371 4258; x_wconf 89' lang='lat' dir='ltr'><strong>rotundis</strong></span> <span class='ocrx_word' id='word_1_258' title='bbox 386 4189 437 4255; x_wconf 87' lang='lat' dir='ltr'><strong>nel</strong></span> <span class='ocrx_word' id='word_1_259' title='bbox 451 4188 687 4274; x_wconf 89' lang='lat' dir='ltr'><strong>superpelliceis</strong></span> <span class='ocrx_word' id='word_1_260' title='bbox 701 4191 742 4253; x_wconf 89' lang='lat' dir='ltr'><strong>ad</strong></span> <span class='ocrx_word' id='word_1_261' title='bbox 759 4189 957 4273; x_wconf 86' lang='lat' dir='ltr'><strong>psallendum</strong></span> <span class='ocrx_word' id='word_1_262' title='bbox 970 4190 1066 4253; x_wconf 89' lang='lat' dir='ltr'><strong>boras</strong></span> <span class='ocrx_word' id='word_1_263' title='bbox 1081 4189 1262 4265; x_wconf 82' lang='lat' dir='ltr'><strong>canonicas,</strong></span> 
     </span>
    </p>
   </div>
   <div class='ocr_carea' id='block_1_4' title="bbox 0 0 1404 4764">
    <p class='ocr_par' dir='ltr' id='par_1_7' title="bbox 0 0 1404 4764">
     <span class='ocr_line' id='line_1_36' title="bbox 0 0 1404 4764; baseline 0 1"><span class='ocrx_word' id='word_1_264' title='bbox 0 0 1404 4764; x_wconf 95' lang='lat' dir='ltr'><strong> </strong></span> 
     </span>
    </p>
   </div>
  </div>
 </body>
</html>
