2798 4764
291 367 324 413 rr.
345 364 476 414 ronam
495 364 621 414 namn
640 364 827 414 nurerum
847 343 1022 432 (M).
1106 346 1170 415 fl
1271 432 1274 438 ⁴

138 523 222 605 regis
237 540 308 585 cum
323 525 433 604 paucis
447 524 487 587 de
502 523 567 586 suis
581 524 665 587 loros
680 525 790 587 exiens
799 556 815 598 ,1
829 543 1034 606 congressum
1048 523 1170 589 babere

141 634 240 698 uoluit
258 651 329 696 oum
349 635 480 697 eisdem.
510 637 566 698 sed
585 636 630 698 illi
644 643 733 719 terga
748 644 924 709 uertentes,
952 636 1103 718 paulatim
1115 646 1170 701 rei

140 746 306 809 accedere
319 746 516 827 inceperunt
544 748 608 810 boc
620 747 875 830 archiepiscopus
888 749 1030 822 intuens,
1050 750 1169 832 incepit

141 877 195 923 eos
210 877 362 940 equorum
383 860 508 942 insequi
523 860 616 942 pleno
631 880 735 924 rursu.
764 863 890 924 tandem
909 871 994 924 terra
1013 861 1168 942 paludosa

139 977 282 1051 reperta,
302 969 347 1032 illi
367 970 510 1033 uelocius
533 974 722 1036 transierunt
737 973 894 1054 paludem.
922 974 983 1036 boc
997 972 1169 1055 archiepis·

141 1098 239 1162 copus
262 1100 326 1142 non
349 1082 535 1156 aduertens,
556 1102 626 1145 cum
649 1085 810 1165 proximus
831 1084 891 1146 illis
914 1093 1014 1158 esset,
1035 1084 1168 1148 tentum

140 1193 283 1266 intrauit,
304 1202 420 1256 etcum
436 1203 519 1257 esset
533 1214 605 1256 cum
620 1197 684 1258 suis
700 1216 857 1258 armorum
873 1197 1014 1279 pondere
1027 1215 1167 1278 pressus,

140 1305 275 1370 transire
297 1305 348 1366 uel
368 1307 568 1369 retrocedere
590 1309 789 1389 nequierunt.
816 1307 873 1369 sed
894 1307 939 1369 illi
953 1308 993 1370 ad
1008 1324 1064 1370 eos
1078 1306 1168 1369 uelo-

141 1417 208 1477 eins
222 1424 429 1490 reuertentes,
450 1418 722 1481 circumdederunt
736 1419 901 1502 paludem,
923 1427 955 1482 ct
968 1420 1000 1481 in
1013 1421 1099 1501 ipsos
1116 1437 1168 1482 sa·

142 1527 233 1609 pitter
256 1527 342 1590 uelut
365 1527 503 1610 pluuiam
518 1530 716 1604 emittentes,
743 1531 872 1593 eosdem
893 1530 1011 1593 lbidem
1028 1530 1169 1594 totaliter

141 1648 344 1702 uocauerunt
373 1660 444 1702 cum
466 1642 564 1704 tribus
579 1651 682 1705 autem
697 1642 749 1704 uel
764 1651 898 1725 quatuor
911 1644 1049 1705 euadens
1064 1642 1170 1705 arcltl⁴

142 1751 319 1832 episcopus,
341 1751 386 1813 sic
401 1753 550 1814 confusus
565 1754 718 1816 remeauit
732 1754 771 1816 ad
786 1754 911 1828 uillam,
933 1774 995 1817 non
1010 1754 1165 1817 modicam

141 1861 219 1923 iram
239 1862 370 1935 habens,
390 1871 452 1924 tam
472 1864 512 1925 de
530 1864 595 1926 suis
615 1865 756 1945 perditis,
777 1885 871 1947 quam
892 1867 932 1928 dc
952 1866 1088 1949 eoquod
1109 1885 1166 1927 rex

143 1991 207 2034 non
221 1972 296 2035 lecit
310 1973 446 2056 aliquem
461 1975 493 2035 in
507 1976 556 2037 sui
565 1975 742 2038 subsidium
757 1995 939 2058 properare.

223 2195 289 2278 (22)
313 2199 464 2276 Quomodo
482 2202 540 2280 fuit
559 2201 702 2261 dectracta
723 2203 827 2261 uiuitur
847 2200 1018 2266 Wozierreir.
1061 2199 1095 2260 lu
1110 2200 1167 2262 do·

138 2311 250 2374 minica
265 2313 304 2374 de
319 2312 466 2392 passione
482 2331 553 2392 pars
568 2313 724 2374 exercitus
734 2311 824 2374 Batbi
839 2311 922 2393 regis
936 2328 1046 2393 regum
1061 2329 1169 2372 acces·

139 2424 178 2487 eit
192 2425 233 2487 ad
247 2424 388 2486 Waciam
412 2425 590 2496 ciuitatem,
612 2423 745 2505 positam
762 2440 860 2503 snper
871 2423 941 2503 ripa
954 2422 1105 2494 Danubii,
1126 2421 1166 2483 ad

138 2537 274 2599 mediam
297 2537 413 2598 dietam
435 2555 534 2616 prope
555 2535 594 2596 ad
615 2533 722 2596 uillam
744 2534 853 2607 Pestb,
878 2534 910 2594 in
933 2553 996 2615 qna
1017 2552 1075 2595 rex
1092 2550 1172 2596 cun-

139 2649 277 2711 exercitn
300 2649 488 2711 morabatur.
518 2656 549 2710 et
564 2655 654 2728 capta
668 2647 794 2709 ciuitate
809 2646 934 2726 penitus
948 2653 981 2708 et
994 2644 1167 2720 debellate,

138 2759 192 2842 qui
214 2761 253 2823 ad
275 2758 439 2823 ecclesiam
461 2767 493 2822 et
515 2759 556 2821 ad
578 2757 698 2841 palacia
719 2758 869 2833 ecelesia,
890 2776 953 2841 qne
972 2767 1062 2821 erant
1076 2756 1173 2839 quasl-

139 2879 276 2935 castrum
300 2871 435 2944 munita,
461 2890 624 2932 recursum
649 2869 840 2942 habueruut,
867 2876 933 2931 tam
958 2869 998 2931 de
1021 2868 1168 2942 ciuitates

139 3002 232 3066 quam
253 2985 294 3045 de
316 2982 542 3064 circumpositis
564 2981 655 3054 uillis,
681 2982 846 3043 innumera
869 2980 976 3062 populi
998 2978 1167 3042 multitudo

140 3115 194 3158 eos
216 3094 350 3157 uiriliter
370 3101 651 3176 expugnauerunt,
671 3101 703 3155 ct
722 3093 873 3155 thesauro
894 3091 1028 3154 ecclesie
1048 3090 1168 3162 babitu,

138 3207 304 3268 canonicos
323 3198 444 3267 et'alias
460 3222 621 3285 personas,
644 3202 784 3265 dominas
807 3210 839 3265 et
857 3200 990 3283 puellus,
1010 3218 1089 3281 quas
1107 3217 1168 3260 no-

139 3311 264 3380 luerunt
283 3317 464 3380 interimere
486 3315 607 3399 gladio,
635 3315 668 3375 in
690 3314 764 3396 igne
782 3311 921 3375 totaliter
935 3314 1167 3374 nmmnerunt.

142 3429 236 3492 etita
257 3430 467 3491 indominica
488 3429 527 3490 dc
548 3428 694 3508 passione
708 3426 892 3489 Wecienses
914 3422 997 3505 passi
1018 3429 1107 3496 suut;
1133 3425 1169 3484 ut

142 3560 213 3605 cnm
227 3541 354 3604 domino
367 3541 440 3604 lesu
454 3540 579 3602 Christo
593 3545 716 3619 partem
731 3535 850 3598 babere
864 3541 1071 3597 mererentur.
1152 3570 1155 3575 -

222 3763 288 3846 (23)
313 3765 464 3843 Quomodo
487 3766 550 3826 dax
567 3762 683 3826 Aretois
701 3763 841 3824 insultem
853 3761 953 3841 [merit
965 3761 1000 3821 in
1015 3758 1167 3855 Tartareo.

139 3878 218 3941 lllud
241 3870 305 3939 non
325 3886 373 3940 est
393 3876 569 3958 aliqualiter
591 3874 816 3948 omittendum,
837 3873 923 3955 quod
943 3871 1008 3935 dur
1028 3870 1175 3944 amate,-

139 3998 267 4073 rogntur
288 4009 307 4052 a
326 4008 418 4072 rege,
440 3994 588 4062 uenerat,
609 3987 666 4050 sed
688 4004 760 4048 cum
780 3985 899 4067 paucis,
924 3992 1073 4067 unqua·
1094 3978 1171 4043 lecti

139 4104 265 4166 nesciae
287 4110 320 4164 et
337 4101 476 4163 inermis.
511 4100 551 4163 Et
571 4116 642 4162 curn
664 4098 762 4182 aliqui
784 4116 825 4162 ex
844 4097 987 4160 Tartesia
1003 4095 1044 4158 ed
1060 4091 1177 4157 ailln·

140 4214 237 4284 Parth
259 4231 349 4280 more
362 4212 455 4284 solito
468 4211 688 4292 anement,
715 4211 811 4278 ernis
824 4216 858 4276 et
870 4208 963 4300 eq&
972 4207 1034 4275 rttt
1046 4220 1169 4271 un·
