2798 4764
177 340 240 404 ddi
280 318 542 404 cosasrmunouss
563 354 775 402 amarorum
796 355 839 400 ar
856 330 1015 400 somniari.
1033 322 1129 399 'lm

261 507 313 589 [1]
336 509 375 573 Ut
389 509 551 572 dominum
562 508 720 572 Andream
735 528 775 572 ex
789 506 887 592 regali
902 507 1000 589 stirpe
1012 502 1224 570 descendes-l

178 628 242 684 tem
256 639 461 684 reuereamur
474 626 635 703 tamquam
650 619 812 682 dominum
827 619 917 703 regni
932 618 1118 682 naturalem.

259 729 306 813 (a)
326 732 367 794 Et
381 738 415 794 ut
428 717 466 793 in
476 750 614 813 persona
627 730 727 813 ipsius
743 731 857 814 regalis
873 731 1016 812 dignitas,
1037 731 1220 794 secundum

178 844 373 927 exigenoiam
392 844 439 905 sui
457 842 599 905 culminis
617 841 739 925 fulgere
753 843 869 925 possit,
891 842 995 904 omnia
1017 839 1135 925 regalia
1159 862 1220 924 pa·

177 955 255 1018 riter
276 962 308 1019 et
328 954 496 1037 reginalia,
517 974 576 1037 per
591 973 813 1037 quemcunque
833 961 865 1017 et
880 973 1101 1036 quamcunque
1120 953 1220 1017 inde·

176 1065 241 1131 bite
257 1072 423 1147 occupata,
444 1065 540 1147 pleno
554 1065 623 1128 iure
638 1064 851 1128 restituantur.

261 1175 307 1258 (3)
328 1177 401 1239 lura
415 1177 515 1239 eciam
530 1176 744 1239 ecclesiastica
758 1184 791 1239 et
804 1176 967 1250 nobilium,
988 1176 1020 1238 in
1035 1177 1221 1258 possessio·

177 1289 287 1363 nibus,
309 1289 342 1350 in
355 1287 450 1363 loris,
472 1289 503 1349 in
518 1287 640 1350 tributis
655 1296 688 1350 et
701 1288 787 1362 aliis,
807 1306 998 1372 quocunque
1021 1296 1169 1368 tempore
1185 1268 1222 1352 et

178 1421 237 1485 per
251 1414 466 1485 quoscunque·
473 1398 612 1462 indebite
628 1407 793 1482 occupata,
817 1399 941 1481 penitus
956 1400 1174 1463 restituantur.

261 1509 308 1592 (i)
329 1512 468 1574 Baroncs
494 1511 597 1575 etalii
621 1517 766 1592 potenter
790 1490 938 1593 agentes,
971 1530 989 1574 a
1014 1511 1158 1574 uastibns
1183 1518 1223 1576 et

178 1622 286 1708 spoliis
307 1622 438 1706 agendis
458 1621 586 1686 omnino
607 1643 642 1685 se
665 1621 838 1685 refrenent.
868 1623 908 1685 Et
922 1602 964 1685 de
977 1622 1025 1684 bis
1040 1641 1102 1705 quc
1129 1620 1222 1687 male

179 1741 354 1819 gesserunt,
375 1735 494 1815 regiam
509 1735 703 1796 maiestatem
720 1735 920 1809 offendendo,
943 1735 982 1797 ad
1001 1733 1141 1817 graciam
1157 1735 1224 1797 do-

178 1844 256 1906 mini
270 1843 353 1926 regis
368 1864 402 1906 se
417 1843 595 1918 conferant,
609 1842 735 1906 ueniam
749 1853 895 1927 petentes
911 1845 950 1908 de
967 1844 1157 1908 commissis.
1184 1852 1225 1911 et

179 1952 265 2037 quod
277 1953 317 2016 de
328 1961 434 2016 cetero
445 1960 564 2028 uastos,
577 1952 839 2036 supplicaciones,
854 1955 1020 2021 latrocinia
1031 1963 1062 2018 et
1075 1975 1225 2039 occupa-

183 2063 301 2140 ciones,
322 2084 380 2127 seu
394 2064 483 2127 uaria
497 2072 687 2129 nocumenta
702 2076 828 2130 cessent
842 2069 982 2131 omnino.

263 2173 309 2257 (5)
329 2176 369 2238 Et
389 2176 568 2258 quicunque
589 2176 709 2259 regalia
731 2185 763 2240 ct
783 2178 936 2261 reginalia
956 2176 1095 2242 indebite
1119 2199 1227 2243 occu-

178 2296 268 2373 pata,
289 2287 508 2372 possessiones
534 2287 636 2350 eciam
660 2287 864 2354 ecclesiarum
890 2298 922 2353 et
943 2289 1106 2365 nobilium,
1128 2291 1225 2370 lora,

178 2399 312 2475 tributa,
332 2399 486 2462 hactenus
505 2400 643 2463 indebite
659 2401 786 2464 detenta
805 2422 869 2464 non
889 2402 1096 2476 restituerint,
1120 2413 1154 2467 et
1168 2406 1227 2470 in-

179 2512 228 2575 ira
242 2513 382 2596 spacium
405 2512 498 2575 trium
520 2511 677 2576 mensium
699 2515 783 2578 adie
799 2515 1057 2598 congregacionis
1079 2534 1225 2599 compu-

180 2625 347 2688 tandorum
371 2625 527 2687 dimittere
542 2645 607 2688 non
621 2627 811 2690 curauerint.
838 2636 890 2691 ant
906 2628 932 2690 si
948 2629 999 2710 qui
1016 2629 1055 2690 de
1071 2648 1159 2690 nouo
1178 2632 1225 2696 ad

180 2736 379 2819 spoliandum
399 2745 430 2798 et
448 2739 665 2818 occupandum
686 2738 904 2820 possessiones
925 2740 1048 2821 regales
1073 2748 1105 2802 et
1128 2744 1224 2827 regi·

181 2847 279 2920 nales,
306 2847 507 2909 ecclesiarum
534 2855 566 2910 et
588 2849 758 2925 nobilium,
787 2861 897 2914 contra
920 2851 979 2914 bec
1004 2860 1119 2915 statuta
1144 2874 1224 2918 sur-

86 3014 89 3021 .
180 2957 336 3034 rexerint,
356 2959 550 3022 sentenciam
567 2962 911 3037 excommunicacionis,
934 2983 1026 3046 qnam
1039 2972 1153 3027 contra
1168 2966 1223 3029 in-

180 3071 280 3134 iustos
299 3092 338 3134 ex
360 3092 444 3134 nunc
459 3072 640 3135 auctoritate
663 3074 861 3155 presencium
884 3073 1084 3156 proferimus,
1105 3076 1221 3141 incur-

180 3192 251 3248 rant
262 3184 331 3267 ipso
346 3183 439 3247 iacto.
461 3204 480 3246 a
495 3204 557 3266 qua
571 3185 692 3247 absolui
707 3205 770 3248 non
786 3186 921 3261 ualeant,
935 3187 995 3249 nisi
1010 3188 1093 3268 apud
1107 3190 1219 3253 arcbi-

181 3299 365 3381 episcopum
380 3296 596 3371 colocensem,
617 3297 755 3360 omnium
771 3299 991 3380 episcoporum
1006 3298 1218 3366 nibilominus

182 3430 337 3472 consensu
362 3417 393 3471 et
413 3427 541 3471 assensu
564 3409 805 3473 interueniente.
834 3419 865 3473 et
886 3412 1217 3493 probabitasatislac-

181 3522 266 3584 tione
282 3519 487 3602 competenti,
509 3519 626 3582 domini
641 3521 724 3602 regis
739 3523 854 3584 cedant
867 3522 993 3596 indicio,
1008 3542 1089 3605 pena
1104 3523 1217 3588 debita

109 3661 111 3665 ’
182 3632 342 3713 puniendi.
363 3631 614 3713 possessionibus
630 3640 734 3695 tamen
750 3634 895 3697 omnibus
909 3635 977 3715 ipso
991 3634 1073 3697 lacto
1084 3636 1217 3717 priuati,

184 3743 318 3805 deducta
333 3742 521 3822 repensione
537 3744 743 3824 dampnorum
758 3764 815 3826 per
829 3743 907 3808 tales
920 3744 1093 3821 illatorum,
1115 3756 1149 3810 et
1166 3749 1216 3813 eis

183 3854 296 3936 quibus
304 3853 645 3937 intuleruntassignatis
656 3855 707 3918 uel
715 3856 911 3931 adiudicatis,
920 3867 1025 3921 cetere
1037 3862 1219 3940 possessio-

183 3985 257 4029 num
273 3974 378 4048 partes
392 3966 425 4029 in
439 3986 550 4030 manus
565 3968 666 4050 regias
681 3966 903 4032 deuoluantur:
918 3970 959 4033 ita
973 3971 1059 4051 quod
1073 3969 1218 4037 heredes

183 4080 374 4156 eorundem,
394 4087 524 4161 propter
538 4099 684 4144 excessus
705 4089 871 4163 parentum
891 4082 1030 4168 legitima
1051 4091 1139 4166 parte
1155 4084 1219 4150 be·

182 4192 323 4261 reditatis
338 4192 503 4268 denudati,
523 4192 605 4258 inter
616 4193 739 4261 nobiles
753 4213 818 4259 non
833 4194 970 4263 debeant
980 4199 1167 4284 computari,
1182 4207 1219 4271 et
