2798 4764
184 371 271 421 assur
286 377 327 421 ιν.
340 374 431 420 mars
445 374 594 420 cruearrs
608 374 762 423 uosrrrnu
779 376 807 420 n·
821 373 982 420 zrosaurs.
1014 352 1103 418 isto
1144 353 1204 418 ἡδί

183 550 256 591 nem
278 530 419 601 alicuius,
441 549 495 590 seu
519 528 577 590 alia
598 530 637 591 de
657 549 750 590 causa
771 530 969 609 prestabant,
998 526 1121 588 nonnisi
1145 527 1208 587 duo

185 641 303 702 denarii
319 640 494 721 presbitero
511 641 549 701 de
565 640 702 722 qualibet
718 661 852 721 persona
869 641 1055 719 pendantur.

266 749 335 830 (13)
361 753 437 813 ltem
463 753 641 824 statuimus,
674 760 707 812 ut
732 750 936 812 decimatores
963 758 993 810 et
1018 749 1209 813 monetarios

184 863 328 944 iobbagio
350 864 441 924 castri
461 864 543 924 boue
559 863 657 935 same,
680 862 897 942 possessiones
913 861 1032 922 habens
1050 861 1209 940 precedat,

185 984 216 1035 et
243 976 275 1034 in
304 975 514 1036 decimacione
548 975 678 1054 recipiat
705 974 744 1033 de
769 972 907 1053 qualibet
936 973 1096 1034 mansione
1128 973 1208 1033 duos

184 1084 330 1145 denarios
349 1084 577 1165 persoluendos
601 1084 715 1145 conriti.
747 1084 778 1143 in
802 1083 1012 1143 decimacione
1037 1102 1111 1147 uero
1132 1081 1209 1143 nihil

184 1194 316 1274 accipiat
338 1214 459 1266 comes,
480 1215 538 1257 ncc
556 1196 609 1255 det
629 1194 718 1254 alicui
741 1213 797 1273 pro
821 1203 906 1256 certo
931 1195 1052 1274 precio,
1075 1195 1209 1255 scientes

185 1306 269 1387 quod
292 1307 317 1366 si
333 1307 403 1387 quis
426 1307 573 1367 comitum
597 1307 629 1367 iu
653 1305 810 1385 premissis
832 1306 1038 1366 obseruandis
1060 1306 1208 1366 remissus

185 1425 237 1477 aut
260 1416 422 1497 negligens
444 1418 590 1479 inuentus
610 1417 720 1488 fuerit,
743 1425 774 1477 et
789 1416 908 1477 honore
923 1417 1097 1497 priuabitur
1111 1424 1143 1477 et
1156 1436 1207 1478 re·

186 1530 266 1609 giam
287 1529 425 1590 incurret
440 1529 703 1609 indignacionem.

281 1641 317 1700 Ut
349 1641 442 1719 igitur
474 1640 532 1700 hec
567 1649 671 1700 nostra
701 1640 861 1700 ordinacio
891 1640 1021 1701 consitio
1056 1641 1208 1702 baronum

187 1759 364 1811 nostrorum
394 1750 472 1812 sacta
502 1770 520 1811 a
547 1751 671 1812 nemine
702 1751 805 1811 ualeat
832 1751 1013 1821 retractari,
1049 1760 1208 1830 presentes

186 1863 329 1923 duximus
354 1863 587 1933 concedendas,
619 1861 710 1943 sigilii
737 1863 833 1923 nostri
859 1862 1012 1942 dupplicis
1038 1863 1208 1925 munimine

184 1974 353 2034 roboratas.
387 1975 497 2034 ltatum
520 1992 576 2052 per
600 1993 708 2033 manns
729 1973 865 2053 magistri
883 1973 1041 2034 Benedicti
1056 1971 1209 2034 Budensis

185 2085 332 2165 prepositi
346 2085 416 2145 aule
430 2094 534 2145 nostre
548 2084 806 2146 uicecanceliarii.
828 2083 1209 2166 septimokalendasMay,

183 2197 271 2276 regui
295 2205 398 2256 autern
422 2196 517 2256 nostri
541 2216 623 2257 annu
639 2197 758 2276 quinto.
786 2214 867 2257 onrro
888 2215 965 2256 uero
980 2195 1209 2259 incarnacionis

186 2307 339 2368 dominice
355 2308 518 2368 millesimo
535 2307 750 2369 ducentesimo
766 2306 1016 2388 ‹pradragesimo

526 2563 873 2574 -n—-n—-u———o-

526 2576 873 2588 affin——

528 2780 642 2861 ΒΜ
668 2781 723 2863 Ν.
748 2780 869 2862 usus

210 2970 472 3042 Lrssuuuns
506 2969 781 3044 HOSPITUM
815 2973 870 3044 nt
902 2969 1184 3047 znuunssns.

612 3128 788 3189 rict'xtnl.

525 3269 546 3318 Ε
566 3273 705 3317 transumto
723 3268 782 3317 anni
804 3269 871 3320 toto.

268 3544 302 3605 In
325 3544 449 3605 nomine
471 3541 663 3604 sanctissime
681 3540 838 3601 Trinitatis
855 3547 885 3601 et
900 3538 1059 3598 indiuiduo
1076 3537 1211 3600 unitatis.

185 3656 294 3715 Amen.

268 3767 342 3827 Beia
357 3767 408 3827 dei
430 3765 532 3846 gracia
548 3765 722 3845 Hungarie,
744 3763 917 3834 Daimacie,
941 3762 1083 3835 Croucie‚
1104 3763 1212 3837 Rame,

186 3876 308 3948 Seruio,
334 3875 478 3947 Gallicis,
508 3876 695 3937 Lodomerie
721 3875 935 3956 Cumanieque
962 3895 1018 3936 rex
1042 3876 1072 3935 in
1100 3894 1212 3958 perpe-

184 3996 281 4048 tuum.
314 3990 433 4068 ltcgum
460 3986 611 4048 celsitudo
636 3986 783 4068 requirit,
815 3992 846 4046 et
870 3985 1048 4047 sublimium
1071 3984 1212 4066 dignitati

186 4099 327 4170 debetur,
349 4106 382 4159 ut
408 4106 492 4159 tanto
519 4097 651 4178 amplius
673 4098 705 4158 in
728 4096 923 4158 multitudine
946 4096 1046 4176 plebis
1062 4096 1213 4176 gaudeat,

186 4220 302 4297 quanto
318 4210 376 4294 ipsi
393 4210 575 4273 auctoritate
589 4208 792 4286 antecellunt,
813 4209 886 4272 hiae
902 4207 1047 4293 estquod
1063 4215 1123 4269 tum
1138 4224 1211 4290 pre·-
1319 4196 1321 4200 ’
