2798 4764
174 338 240 403 'iio
496 354 684 409 unumunurn
706 354 749 401 nu
770 354 883 403 nuuc.

177 509 300 574 nurus.
326 528 407 591 quos
421 507 667 590 christophorus
687 506 813 571 curialis
827 524 937 572 cernes
952 505 997 569 de
1013 503 1099 568 Cius
1123 504 1233 567 discu-

178 621 264 684 ciens
279 620 320 683 nd
336 620 501 701 praudem,
516 640 572 701 per
585 619 771 702 pristaldum
784 618 911 681 nomine
922 615 1128 699 Chepenum
1145 614 1232 678 misit

177 732 383 805 Uarediuum,
398 731 454 794 ubi
466 729 563 794 honio
574 732 725 814 Phiiippi,
739 730 867 794 nomine
877 728 976 804 Gens,
992 735 1130 810 portuin
1141 727 1229 791 serre

177 863 235 926 pro
251 844 377 907 domino
391 862 450 906 ruo
464 841 650 907 iustificetus
664 851 722 907 est.

260 951 345 1034 (381)
366 953 439 1016 Mox
450 953 598 1036 ioubagio
609 953 745 1018 Cosume
759 952 1079 1035 inneciitlsominem
1088 952 1227 1016 Bartho-

177 1064 288 1139 lomei,
309 1064 427 1128 scilicet
441 1064 602 1127 dominum
618 1065 744 1127 Scrinut
764 1084 822 1146 pro
837 1084 899 1129 unc
914 1083 1014 1146 equo,
1036 1065 1127 1127 dues
1141 1082 1225 1126 rner-

81 1180 86 1191 ‘
178 1196 231 1245 ces
251 1177 392 1251 ualente,
414 1185 448 1240 ui
468 1175 639 1258 pristaldus
660 1176 753 1250 dixit,
774 1196 854 1258 quos
868 1177 975 1238 Bosou
998 1176 1074 1239 uice
1091 1175 1225 1241 curialis

178 1308 285 1353 eomes
299 1289 339 1352 de
353 1288 486 1350 Zohoicz
501 1287 677 1350 discuciens
692 1287 733 1351 ed
747 1287 917 1368 praudnrn,
938 1305 1001 1368 per
1015 1287 1224 1368 pristuidum,

177 1400 306 1464 nomine
324 1399 407 1463 Mieu
431 1399 516 1464 misit
538 1398 742 1474 Uuredinum,
770 1399 824 1463 ubi
847 1397 995 1462 dominus
1020 1399 1106 1463 Mox
1136 1420 1224 1463 curn-

64 1579 67 1583 ,
176 1511 287 1575 husius
302 1521 358 1575 est.
380 1530 482 1574 emen.

260 1621 348 1704 (382)
370 1622 443 1684 Sicu
457 1622 496 1684 de
510 1619 586 1683 uilia
599 1621 719 1683 Perceu
739 1619 879 1701 impeciit
891 1618 1117 1683 conciliennm
1131 1640 1223 1685 suun

177 1734 306 1797 nomine
319 1733 520 1796 Benediciem
544 1751 673 1795 uxorem
688 1733 818 1815 Ueudcg
836 1753 894 1815 pru
908 1730 1091 1808 ueneficio,
1114 1734 1224 1798 iudice

177 1845 340 1906 Beniamin
364 1842 681 1917 uice-archidiacono,
714 1843 864 1926 prisuldo
888 1845 995 1908 Peru.
1037 1844 1225 1910 Benedici·

177 1954 339 2018 combusta
353 1962 411 2018 est.
705 1975 707 1979 ’
1004 1986 1007 1991 ·

261 2065 348 2148 (383)
370 2066 521 2131 Solomun
545 2067 585 2130 de
608 2065 683 2129 uilla
703 2067 812 2150 Achye
833 2067 974 2150 impeciii
995 2069 1224 2134 conuiiienun

178 2200 268 2244 suum
283 2179 408 2244 nomine
423 2179 552 2261 Uendeg
569 2179 609 2242 de
624 2181 747 2243 duabus
761 2181 875 2244 marcis
888 2180 1010 2261 ergenii
1023 2188 1061 2243 et
1076 2181 1223 2257 dimidie,

176 2292 280 2355 iudice
294 2291 402 2354 Beken
424 2289 532 2353 curiali
553 2291 682 2364 comite,
704 2290 856 2373 pristeidn
870 2289 937 2353 Eu.
965 2289 1130 2377 Sciomun
1147 2314 1224 2376 per·

178 2409 242 2465 tuto
257 2401 342 2464 ferro
357 2399 542 2465 iustificetur
558 2408 614 2463 est.

262 2509 351 2591 [38lri
375 2511 499 2575 Cheires
524 2509 649 2574 curialis
672 2530 778 2574 comes
800 2511 897 2574 Misce
920 2511 1046 2574 comitis
1074 2514 1224 2596 impeciii

178 2623 385 2704 ioubugiones
399 2622 525 2684 [ordeni
541 2623 595 2684 filii
609 2622 705 2696 ilarii,
719 2621 839 2685 scilicet
849 2624 982 2695 Tecum,
995 2623 1223 2687 Dedemerum

179 2733 381 2813 etSumpou‚
414 2734 453 2794 de
477 2732 643 2796 duodecim
668 2733 791 2806 mercis,
820 2732 959 2813 singulos
985 2732 1026 2795 de
1052 2745 1223 2816 quattuor.

179 2860 260 2920 quos
273 2841 423 2902 londanus
440 2842 614 2902 discuciens
629 2843 668 2904 ad
682 2844 851 2924 prandeum,
873 2863 930 2925 per
945 2844 1138 2925 prisuidum
1163 2868 1223 2909 no-

179 2951 264 3013 mine
279 2949 365 3032 Fyod
386 2948 470 3013 misit
484 2950 681 3012 Ueredinum.
709 2953 761 3014 ubi
777 2956 878 3016 Tenus
899 2955 1050 3016 conuenit
1066 2956 1148 3019 dure
1164 2959 1223 3021 ud·

178 3062 319 3125 uerserin
339 3081 396 3124 sun
412 3080 548 3124 marcam
563 3081 672 3135 unam,
694 3072 725 3125 ei
739 3064 822 3126 idem
837 3064 930 3126 indici
945 3054 1152 3141 satisfecere,
1176 3068 1221 3132 iia

179 3174 265 3256 quod
279 3182 398 3255 partem
415 3172 553 3255 pristaldi
567 3172 689 3236 Chekez
705 3174 909 3255 persoluerei.
932 3175 1092 3239 Dedcmer
1108 3189 1219 3242 autem

180 3286 347 3348 mundatus
363 3295 421 3347 est.
443 3286 587 3347 dominus
604 3304 680 3347 uero
695 3285 836 3366 Sumpou
850 3287 1031 3349 combustus
1047 3297 1109 3351 est.

261 3394 346 3478 (385)
369 3396 517 3477 {euhagio
532 3396 656 3457 Inurrnis
677 3396 732 3457 iiiii
746 3396 908 3459 Absaionis
928 3398 1070 3479 impeciit
1084 3403 1218 3465 'Lumen

179 3509 322 3572 uitricum
337 3507 510 3580 Absnionis,
532 3508 639 3570 dicens
654 3509 740 3590 quud
754 3528 885 3571 uxorem
900 3529 1001 3582 suem,
1017 3519 1048 3572 ei
1062 3513 1215 3578 enciiiem

178 3640 286 3693 sunni,
301 3628 332 3682 et
348 3628 452 3683 uestes
469 3618 575 3681 uxoris
589 3639 645 3681 sue
660 3618 692 3680 ui
707 3618 894 3682 abstulisset.
916 3619 1019 3682 iudice
1033 3621 1145 3687 Benco
1161 3645 1216 3687 eo-

179 3729 253 3790 miie
275 3728 422 3810 peiuiino,
444 3729 593 3811 pristaldo
614 3729 726 3810 Leger.
752 3748 821 3791 cum
845 3739 948 3793 aulem
971 3741 1104 3794 uentum
1126 3743 1216 3799 esset

179 3838 382 3912 Uaradinum,
396 3840 465 3903 talis
479 3841 563 3903 incia
577 3848 625 3902 esi
637 3839 799 3902 interillos
814 3841 1000 3914 conuencin,
1015 3844 1104 3923 quod
1115 3847 1215 3907 Zama

177 3951 211 4012 in
235 3949 316 4014 festo
340 3951 442 4013 sancti
464 3951 589 4033 Georgii
613 3952 762 4014 redderet
786 3950 968 4015 aduersario
993 3972 1050 4014 suo
1075 3974 1213 4019 uxorem

179 4079 284 4136 uuam,
305 4061 336 4123 in
360 4059 423 4121 fide
446 4061 514 4124 Ade
538 4061 592 4123 iiiii
617 4063 709 4135 Petu,
730 4062 816 4143 quod
840 4061 919 4125 nihil
939 4062 1014 4125 maii
1038 4063 1214 4129 inferretur

180 4173 303 4237 mulieri
321 4170 382 4249 iiii,
402 4171 551 4235 redderet
571 4182 604 4238 et
622 4172 768 4239 ancillam
787 4192 878 4239 suurn
898 4182 931 4238 et
949 4183 1014 4247 tres
1036 4185 1159 4257 uestes,
1180 4187 1215 4246 ei
