2798 4764
213 269 254 335 88
392 285 512 341 sucus
533 286 574 333 ns
595 286 678 333 arza
699 283 798 331 usura
818 281 986 331 nusroaua
1006 260 1062 347 (1).
1118 336 1124 347 ,Ι

213 453 324 528 postea
334 461 411 505 uero
423 441 506 505 cadit
519 441 552 504 in
566 440 735 507 rotundum
750 458 835 502 mare
851 437 947 502 ternis
958 435 1153 525 ramusculis.
1175 434 1236 496 To-

214 573 292 639 gora
307 560 413 618 autem
426 553 540 616 lluuius
556 551 702 615 discurrit
717 550 756 614 de
767 549 867 613 Scicia
881 548 1015 612 exiendo
1027 567 1085 629 per
1096 548 1236 610 desertas

212 662 319 741 siluas,
340 663 471 747 paludes
493 684 531 728 ac
553 670 674 727 montes
692 663 814 736 niueos,
836 660 889 724 ubi
904 679 1064 745 nunquam
1086 657 1132 721 sol
1154 658 1238 721 lucet

214 784 343 860 propter
365 775 513 851 nebulas,
543 776 668 841 tandem
693 774 787 838 intrat
809 773 842 836 in
855 772 1021 839 l'rcaniam
1046 791 1180 855 uergens
1205 770 1238 832 in

213 907 299 952 mare
310 887 473 970 aquilonis.
493 888 671 971 Longitudo
684 886 837 969 siquidem
849 884 962 948 Scitice
978 883 1115 967 regionis
1130 882 1237 946 stadiis

213 997 297 1062 CC'C.
312 1006 343 1062 et
356 998 413 1061 LX
427 999 553 1061 extendi
566 998 759 1080 perhibetur,
779 997 910 1061 latitudo
925 1016 1003 1060 uero
1020 994 1109 1057 CXC.
1143 994 1238 1058 situm

213 1110 296 1173 enim
320 1109 492 1173 naturalem
517 1109 611 1174 babet
635 1118 697 1173 tarn
723 1109 892 1184 munitum,
924 1115 958 1170 ut
980 1108 1012 1170 in
1035 1106 1102 1170 solo
1124 1103 1239 1169 locello

214 1220 400 1304 paruissimo
419 1221 461 1283 ibi
483 1222 584 1285 aditus
606 1223 770 1305 reperitur.
796 1221 1021 1304 propterquod
1035 1239 1093 1283 nec
1109 1219 1240 1282 Romani

215 1332 363 1407 Cesarea,
384 1352 443 1395 nec
465 1352 596 1417 magnus
618 1333 805 1407 Alexander,
827 1333 971 1416 quamuis
987 1337 1238 1412 attemptassent,

214 1452 381 1528 potuerunt
401 1445 434 1507 in
454 1465 523 1508 eam
546 1445 686 1508 introire.
712 1444 812 1507 Scicia
830 1443 912 1507 enim
935 1441 1002 1506 solo
1025 1442 1085 1505 leta
1101 1450 1161 1515 est,
1184 1461 1238 1504 ne·

214 1555 363 1630 moribus,
384 1555 481 1630 siluis,
501 1557 607 1620 herbis
621 1565 803 1629 uenustata,
817 1562 848 1617 et
861 1554 969 1617 bestiis
984 1553 1101 1616 diuersi
1115 1551 1239 1635 generis

214 1665 396 1751 mirabiliter
411 1667 500 1730 diues
515 1686 552 1730 ac
566 1667 694 1731 referta.
716 1667 810 1730 habet
824 1666 923 1729 eciam
938 1667 977 1728 de
990 1665 1152 1728 occidente
1163 1662 1240 1725 uici·

216 1797 273 1839 nos
296 1778 409 1839 Bessos
432 1788 463 1840 et
486 1778 639 1843 Cumanos
664 1777 762 1853 albos,
782 1778 839 1843 sed
862 1778 944 1841 circa
969 1795 1055 1838 mare
1075 1775 1239 1859 aquilonis,

216 1887 301 1971 quod
324 1887 425 1951 eidem
441 1887 604 1964 uicinatur‚
632 1908 731 1973 usque
744 1909 876 1972 reguum
892 1888 1049 1961 Susdalie,
1070 1896 1118 1950 est
1133 1887 1240 1950 descr-

216 1980 281 2061 tuni
295 1999 449 2074 siluestre,
463 2000 600 2064 humano
616 2001 722 2084 generi
737 1998 924 2073 immeabile,
940 2001 1024 2083 quod
1039 1999 1078 2060 ad
1092 2017 1240 2079 magnum

216 2110 355 2194 spacium
371 2112 496 2174 extendi
519 2112 712 2194 perhibetur,
733 2112 787 2175 ubi
808 2112 936 2174 nubium
956 2111 1093 2181 densitas
1112 2130 1170 2194 per
1184 2129 1241 2172 no·

216 2245 288 2286 uem
310 2245 435 2287 menses
458 2225 554 2299 iacet,
576 2225 617 2287 ibi
639 2244 697 2287 nec
717 2224 763 2288 sol
778 2225 926 2298 cernitur,
947 2223 1005 2287 nisi
1028 2222 1241 2287 tantummodo

216 2336 248 2411 in
269 2338 368 2411 lunio,
391 2336 468 2399 lulio
490 2357 526 2399 ac
540 2339 689 2419 Augusto,
712 2345 743 2399 ct
757 2337 789 2399 id
804 2337 835 2398 in
849 2344 935 2399 tanta
951 2335 1014 2399 diei
1028 2335 1120 2409 bora,
1142 2354 1241 2417 quan-

216 2458 282 2511 tum
299 2472 316 2513 a
332 2430 420 2511 serta
435 2456 482 2511 est
496 2468 596 2531 usque
610 2468 736 2513 nonam.
765 2449 798 2511 in
819 2449 975 2511 montibus
997 2446 1109 2510 etenim
1125 2445 1241 2509 deserti

218 2560 380 2647 memorati
398 2560 550 2622 cristallus
564 2560 732 2633 inuenitur,
755 2569 786 2623 et
798 2559 883 2621 Griio
898 2559 1004 2621 nidum
1020 2567 1129 2641 parat,
1150 2577 1242 2620 aues·

218 2690 279 2754 que
301 2670 465 2753 legerlalc,
487 2691 547 2752 que
570 2670 748 2753 Hungaricc
768 2669 917 2734 kerecher
938 2669 1142 2752 appellantur,
1169 2688 1243 2751 pro·

218 2802 326 2844 creare
343 2781 443 2863 pullos
458 2780 671 2845 dinoscuntur.
700 2782 843 2845 Scilicum
859 2783 941 2846 enim
955 2801 1086 2865 regnum
1099 2801 1243 2863 compre·

218 2893 369 2954 honsione
392 2912 452 2967 upa
467 2893 608 2976 cingitur,
630 2893 687 2956 scd
708 2894 739 2956 in
757 2913 854 2977 regnu
875 2895 934 2956 trin
949 2895 1107 2967 diuiditur,
1129 2891 1243 2976 princi·

219 2990 323 3086 pundo
338 3004 454 3066 scilicet
468 3004 500 3067 in
514 3005 709 3077 Bnrsaciam,
730 3004 879 3068 llsncinm
894 3013 926 3067 et
938 3005 1120 3089 Mogoriam.
1141 3004 1243 3067 Habet

219 3117 315 3178 eciam
335 3116 551 3199 prouinciasC
572 3126 604 3181 et
627 3125 710 3190 octo,
729 3116 895 3200 proptch
919 3126 950 3180 et
972 3126 1041 3180 octo
1064 3114 1243 3199 progenies,

220 3247 280 3310 que
299 3228 417 3289 dudum
432 3248 489 3309 per
501 3227 581 3291 lilios
595 3228 706 3291 Hunor
721 3236 752 3292 et
765 3229 885 3311 blogor,
905 3230 1032 3310 quando
1047 3227 1177 3291 Sciriam
1195 3227 1243 3289 in·

219 3316 384 3414 usserunt,
405 3348 477 3402 sunt
498 3340 607 3402 diuise.
638 3347 763 3402 centum
785 3340 867 3402 enim
890 3349 921 3403 et
934 3349 1003 3404 octo
1017 3339 1242 3422 generationes

219 3471 296 3534 pura
317 3460 403 3515 tenet
417 3452 577 3535 ilungaria
600 3461 631 3518 et
649 3472 712 3515 non
727 3452 845 3536 plures,
867 3452 927 3516 alie
947 3460 1049 3517 autem
1064 3453 1153 3535 sique
1167 3449 1243 3534 ipsis

219 3573 292 3626 sunt
306 3564 470 3629 coniuncte
485 3566 607 3628 aduene
623 3574 709 3639 sunt,
733 3564 783 3628 uel
797 3586 836 3627 ex
851 3566 981 3646 captiuis
1002 3564 1143 3627 oriundi:
1166 3582 1243 3647 quo·

220 3678 303 3738 niam
318 3698 357 3740 ex
371 3678 481 3743 Hunor
496 3687 527 3743 et
540 3680 650 3762 bicgor
664 3679 696 3741 in
710 3679 823 3761 palude
834 3678 971 3741 Meotida
985 3687 1110 3741 centum
1126 3683 1157 3740 et
1171 3684 1242 3740 octo

221 3791 403 3873 progenies,
426 3793 544 3875 absque
565 3800 669 3854 tamen
690 3789 849 3854 missitalia
868 3788 958 3852 suere
977 3795 1135 3872 generate.
1164 3808 1243 3870 quo-

221 3923 288 3969 rum
313 3924 388 3986 ergo
410 3906 602 3969 aduenarum
623 3903 788 3987 generacio
809 3901 842 3965 in
859 3900 922 3965 line
942 3900 1034 3967 buius
1052 3901 1124 3964 libri
1143 3919 1242 3983 appo-

221 4026 313 4083 netur
326 4016 472 4083 seriatim.
