2798 4764
226 338 296 406 'lid
342 326 464 405 monus
477 354 519 402 nn
532 354 614 402 maa
628 353 669 398 ns
683 348 844 398 somnum
856 344 987 396 somnis
997 325 1157 413 tlte-ta).

309 508 378 592 (tt)
399 508 446 573 iili
461 528 539 572 uero
560 507 601 571 de
614 504 753 568 Sambnlr
775 504 815 567 dc
836 501 1010 566 Comitibns
1029 500 1200 584 Campanis
1221 520 1264 566 cx

229 622 361 688 Prancia
376 622 529 683 oriuntur.

312 729 380 816 (12)
401 731 493 794 Betae
508 748 587 792 uero
602 735 634 792 et
646 727 790 809 Gregory
810 723 952 788 similiter
967 724 1007 787 de
1020 723 1152 787 Francia
1167 743 1264 808 genc-

228 843 313 907 meto
328 843 436 914 oritur,
456 860 497 903 cx
512 839 705 923 cognacionc
720 833 878 900 Guiliclmi
893 835 967 899 dicti
981 835 1113 899 Cernes.

311 949 379 1035 (13]
400 952 503 1014 Bnaad
518 959 624 1014 antem
639 949 808 1032 generacio
824 948 865 1010 de
880 947 969 1010 llesn
985 947 1140 1028 originem
1155 946 1263 1024 trahil,

229 1067 352 1131 nobiles
368 1066 407 1128 de
422 1065 566 1129 districtu
582 1062 752 1144 Wurburg.

312 1174 378 1260 (tt)
398 1176 571 1239 Hermanni
586 1174 743 1256 siquidem
758 1172 928 1256 generacio
942 1190 981 1235 er
991 1172 1186 1237 Nuremberc
1198 1173 1262 1236 cri-

229 1299 290 1366 tas,
312 1290 386 1354 satis
401 1296 474 1352 aunt
487 1286 619 1361 nobiles,
640 1305 712 1348 cum
726 1286 837 1368 regina
851 1282 937 1347 liisla
950 1285 1157 1348 intrauerunt.

310 1402 374 1465 Sed
389 1399 433 1464 illi
448 1401 502 1484 qui
517 1400 648 1462 liodoan
662 1406 694 1461 et
708 1396 828 1480 Bagath
847 1395 1059 1470 nominantur,
1081 1414 1190 1459 earnm
1204 1406 1260 1480 ges

228 1515 358 1580 aeracio
380 1515 421 1576 de
435 1512 563 1575 Bocmia
586 1518 690 1575 ortum
710 1510 822 1584 habet,
842 1508 985 1572 similiter
998 1507 1184 1584 atillornm,
1204 1509 1259 1594 qni

228 1627 269 1690 dc
283 1625 392 1688 nonan
406 1632 479 1687 snat
492 1622 607 1687 uocati.

310 1734 379 1816 (15)
403 1735 559 1798 Comitum
578 1751 658 1797 uero
675 1733 809 1796 Simonis
831 1743 864 1798 et
875 1733 991 1797 Fratris
1015 1733 1082 1798 eins
1095 1731 1259 1799 isachaclis

228 1847 413 1932 generacio,
440 1846 493 1928 qui
516 1844 777 1909 Mertiusdoriarii
799 1846 1012 1920 nominantur,
1041 1842 1152 1909 diebus
1173 1845 1258 1928 ragis

227 1957 355 2021 Emirici
373 1955 429 2020 dlii
453 1956 527 2020 liele
551 1956 634 2020 tertii
656 1975 727 2019 cnm
749 1956 858 2039 regina
878 1955 1066 2020 Constancia
1089 1954 1154 2021 lilia
1174 1957 1259 2040 regis

226 2072 396 2154 nmgonie,
417 2089 478 2152 quc
498 2089 580 2133 uxor
600 2070 702 2133 inerat
726 2070 810 2153 regis
832 2069 958 2132 Emirlci
982 2069 1125 2132 honestis
1148 2076 1258 2133 secum

227 2183 386 2257 militibus,
407 2191 439 2245 et
453 2181 571 2245 familia
585 2183 806 2245 decentissima
819 2183 1005 2246 introductis
1019 2182 1052 2244 in
1062 2178 1257 2266 ilungarlam

141 2280 147 2287 ’
226 2294 468 2378 pomposisslme
487 2295 637 2357 introinit
675 2295 749 2377 quia
768 2312 840 2358 oum
863 2312 973 2357 eorum
995 2295 1163 2379 generacio
1185 2314 1257 2358 cum

227 2408 364 2490 qaudam
378 2408 495 2492 Magno
517 2408 631 2472 comite
646 2427 703 2490 pro
716 2407 807 2470 iustis
821 2413 854 2470 et
867 2408 959 2470 certis
975 2407 1093 2472 caussis
1108 2406 1257 2471 continno

228 2518 407 2592 dimicaret,
428 2519 556 2582 tandem
577 2528 687 2583 contra
708 2521 810 2601 ipsum
833 2520 980 2583 comitem
995 2519 1166 2584 exercitum
1183 2537 1258 2583 cona

228 2646 364 2713 gregans
385 2630 485 2693 lertur
499 2631 680 2706 dimicasse,
700 2630 754 2694 ubi
770 2631 911 2715 prelatus
925 2630 1058 2716 Magnus
1082 2650 1186 2695 comes
1203 2648 1259 2714 pcr

230 2741 405 2815 Simonem,
427 2750 547 2824 patrem
568 2742 687 2808 scillcet
709 2743 829 2807 comitis
845 2743 990 2819 Simonis,
1011 2750 1043 2807 ct
1063 2742 1184 2807 comitis
1198 2738 1259 2806 lll-

229 2851 347 2915 claaelis
362 2871 398 2914 ac
411 2852 606 2917 Berisamum
629 2852 802 2934 patruelem
823 2855 966 2937 ipsarum
979 2852 1152 2937 captinatus
1166 2854 1259 2939 iugu-

228 2961 321 3026 latur.
350 2963 457 3026 Simon
478 2980 556 3027 nera
571 2972 604 3029 et
617 2965 796 3029 Bertranms
817 2965 1016 3030 inimiciciam
1035 2962 1167 3051 perinde
1183 2985 1259 3031 con·

228 3074 389 3139 trahentes
398 3093 470 3138 cnm
480 3075 591 3160 regina
601 3083 776 3141 memorata
786 3078 876 3161 primi
889 3078 1007 3142 adeunt
1015 3077 1048 3141 in
1056 3076 1259 3143 Pannoniam.

230 3208 363 3271 quornm
386 3189 514 3271 quidem
535 3189 760 3272 ingenuitatem
782 3191 948 3272 experiens
967 3212 1024 3255 rcx
1040 3191 1194 3255 Emiricns
1212 3189 1259 3256 lc·

230 3306 332 3364 tantcr
347 3299 488 3381 excepit,
508 3299 643 3384 latisque
658 3306 690 3365 et
703 3301 815 3385 amplis
830 3300 964 3384 pheudis
978 3302 1010 3364 in
1025 3302 1159 3366 diuersis
1170 3303 1259 3367 Hun-

230 3410 316 3496 ‘garie
342 3412 486 3503 partibus
508 3412 651 3476 noscitur
674 3412 853 3477 inuestisse.
890 3413 965 3496 qnia
988 3434 1067 3477 nero
1091 3412 1257 3499 generacio

229 3542 306 3604 sepe
327 3523 408 3586 dicta
429 3525 462 3586 in
483 3544 582 3607 regno
603 3523 727 3605 ispania
750 3522 838 3606 plora
860 3535 961 3589 castra
984 3526 1139 3608 possidet,
1159 3546 1257 3589 unum

229 3637 335 3694 tamen
349 3651 388 3694 cs
402 3633 462 3695 illis
478 3635 582 3698 existit
596 3634 745 3718 capitale,
758 3635 844 3718 quod
857 3636 949 3700 Boiot
962 3636 1152 3702 nominatur.
1174 3639 1257 3704 unde

229 3741 341 3824 prelati
363 3745 493 3807 comites
512 3754 670 3809 eteorum
693 3764 892 3829 precessores
913 3748 1047 3831 primum
1069 3749 1258 3814 descensum

230 3850 314 3914 circa
335 3853 551 3937 Nergadsccg,
580 3856 671 3920 Boiot
699 3866 905 3921 uocauerunt,
936 3858 1103 3941 generacio
1130 3879 1260 3943 quoque

230 3963 414 4027 mntem
435 3963 468 4028 ia
489 3973 579 4029 scum
597 3967 734 4050 aquilam
754 3969 840 4034 ierac
853 3966 950 4044 solet,
971 3984 1064 4054 amm
1079 3968 1131 4032 alii
1144 3970 1259 4038 milites

229 4074 359 4139 camitcs
372 4075 405 4139 in
418 4077 544 4160 ispania
558 4077 684 4143 deleme
697 4096 764 4145 non
777 4088 974 4165 presumant.
1005 4090 1175 4167 eapropter
1189 4086 1262 4171 qui*

230 4185 303 4253 dam
315 4187 404 4272 qnod
417 4187 591 4254 axcrdtum
604 4188 732 4256 Soldani
747 4192 788 4258 dc
802 4190 942 4269 Tunisio,
963 4193 1018 4277 qui
1031 4192 1212 4264 Maioricam
1226 4202 1263 4265 ct
