2798 4764
225 403 230 414 Ι
281 350 283 354 ⁴
344 343 493 392 ramnes
514 346 583 390 arm
604 347 675 390 rurs
697 344 891 391 scurrantis·
926 327 1014 399 fflg,
1129 326 1192 401 531

166 517 223 560 nos
243 498 349 580 itaque
371 496 425 579 qui
447 498 486 559 de
506 497 598 560 honis
619 498 708 579 regni
732 505 763 560 et
785 497 967 560 utilitatibus
990 496 1193 578 gratulamur,

165 608 305 691 ipsorum
329 607 517 689 peticionem
538 608 667 682 iustam,
689 628 727 672 eo
743 607 828 689 quod
849 608 1001 689 premissa
1024 608 1094 670 iura
1110 607 1195 673 ueris

167 728 199 782 et
210 718 355 801 legitimis
373 719 553 781 raciouibns
570 718 791 792 lrrudabantur,
812 718 992 781 admisimus
1005 718 1109 782 debito
1120 739 1192 787 cum

167 832 292 893 ellectu.

249 943 307 1016 (1)
328 941 483 1004 Primum:
505 941 678 1003 secundum
700 985 866 1004 ........
882 941 1080 1022 pristaldunr,
1100 961 1192 1004 suum

165 1054 434 1134 consanguineum
457 1063 488 1115 et
507 1063 689 1135 cognatum,
718 1063 772 1116 aut
792 1054 996 1127 seruientem,
1027 1062 1080 1117 aut
1100 1074 1193 1118 suurn

166 1163 378 1248 parochialem
407 1165 602 1250 sacerdotem
633 1186 691 1246 pro
714 1166 892 1228 testimonio
921 1166 1060 1247 recipere
1089 1165 1193 1229 nullus

165 1277 271 1360 possit.

247 1391 307 1464 (2)
329 1391 376 1451 Ad
391 1389 449 1450 hec
465 1388 489 1451 si
505 1387 586 1450 actio
601 1389 655 1450 liat
669 1389 699 1450 in
716 1389 912 1470 presenciam
928 1390 1081 1464 nostram,
1102 1390 1193 1474 quiu-

166 1503 246 1564 dena
259 1501 321 1564 diei
336 1500 478 1573 actionis,
492 1501 518 1561 si
534 1520 609 1562 uero
624 1501 655 1563 in
670 1501 835 1582 presencia
848 1510 1027 1565 nostrorum
1042 1502 1192 1577 iudicum,

165 1614 247 1677 actio
263 1614 356 1676 debet
370 1633 427 1694 pro
444 1612 566 1676 tormini
588 1656 761 1673 ........
783 1613 809 1674 si
824 1621 911 1675 actor
925 1613 1024 1695 primo
1040 1612 1192 1691 certifica·

165 1724 264 1788 cionis
284 1726 388 1788 edicto
411 1725 443 1785 in
465 1724 525 1787 litis
546 1725 661 1788 iudicio
682 1745 738 1787 sne
754 1726 942 1806 exprimeret
961 1725 1131 1798 actionem,
1151 1744 1192 1789 ne

164 1836 252 1900 locus
273 1837 435 1901 fraudibus
457 1846 651 1910 reseruetur,
671 1846 702 1898 et
720 1837 747 1899 si
761 1845 936 1900 conuentus
957 1838 989 1898 in
1011 1838 1112 1918 primo
1127 1856 1191 1910 non

166 1949 374 2030 comparuerit
395 1948 538 2021 termino,
563 1947 618 2008 XL
639 1948 839 2009 denariorum
868 1948 984 2010 iudicio
1009 1948 1192 2012 subiacebit.

164 2081 222 2143 pro
245 2068 420 2123 ceterorum
447 2080 524 2121 uero
547 2060 788 2120 obmissionibns
813 2061 1015 2122 terminorum
1042 2068 1192 2123 consueta

163 2172 278 2234 iudicia
292 2172 381 2252 regni
398 2170 532 2233 soluere.

243 2285 299 2359 (3)
320 2284 397 2345 ltem
414 2284 525 2346 citatus
540 2283 572 2344 in
584 2302 678 2345 causa
693 2282 913 2364 possessionis,
926 2282 1010 2354 furti,
1025 2282 1190 2358 uiolencie,
1243 2334 1247 2342 .

159 2395 320 2457 homicidii
335 2404 388 2457 aut
403 2394 607 2468 infidelitatis,
628 2395 655 2456 si
671 2394 876 2476 personaliter
891 2393 943 2456 nel
957 2414 1013 2476 per
1028 2395 1189 2459 hominem

73 2568 75 2572 Α
160 2528 251 2571 suum
266 2509 494 2590 comparuerit,
513 2507 676 2588 responsio
693 2507 902 2588 peremptoria
916 2505 984 2569 siue
998 2507 1103 2569 iudicii
1118 2527 1190 2589 gra·

160 2639 273 2681 namen
298 2639 398 2700 usque
426 2619 465 2679 ad
490 2617 657 2700 septimum
685 2618 850 2679 terminum
877 2617 991 2680 debeat
1013 2617 1190 2701 prorogari,

158 2731 343 2812 accepcione
367 2728 530 2792 cuiuslibet
562 2728 685 2792 termini
715 2729 892 2810 quindecim
923 2730 1045 2791 dierum
1074 2728 1191 2793 iudicia

158 2843 375 2904 obserueutur.
408 2842 459 2904 uel
481 2862 538 2923 pro
562 2849 684 2923 septem
708 2841 818 2903 edictis
843 2861 904 2923 que
930 2840 1068 2924 legitime
1090 2840 1189 2923 recipi

160 2963 301 3038 possent,
321 2973 403 3015 unus
419 2954 570 3016 terminus
585 2953 815 3035 peremptorius
830 2953 1018 3035 assignetur,
1032 2961 1063 3013 et
1077 2952 1103 3013 si
1118 2951 1188 3034 quis

159 3066 190 3127 in
207 3065 369 3148 premissis
391 3065 514 3126 casibus
537 3065 567 3126 in
588 3066 722 3146 septimo
738 3064 871 3126 termino
887 3083 950 3124 non
966 3063 1189 3144 comparuerit,

160 3177 254 3239 iudex
276 3178 309 3238 in
331 3185 443 3238 octauo
467 3176 600 3238 termino
622 3176 746 3258 publice
768 3175 862 3237 faciet
877 3174 1079 3256 proclamari,
1101 3174 1187 3253 quod

161 3308 233 3351 reus
255 3288 316 3350 iuri
340 3308 449 3371 parere
472 3289 601 3363 debeat,
623 3308 718 3371 quare
741 3287 774 3348 in
796 3286 951 3369 prioribus
966 3283 1105 3346 terminis
1123 3302 1185 3346 non

162 3398 385 3479 comparuerit,
419 3407 602 3460 ostensurus
628 3397 739 3460 iustam
765 3406 797 3459 et
820 3397 992 3480 legitimam
1016 3395 1187 3457 racionem.

162 3509 256 3593 quisi
271 3509 370 3572 eciam
390 3519 463 3572 tunc
478 3531 512 3572 se
528 3509 756 3582 absentauerit,
779 3516 864 3570 actor
881 3507 1017 3569 mittetur
1032 3526 1126 3569 causa
1139 3506 1187 3579 rei

159 3622 344 3685 summende
366 3623 397 3684 in
422 3622 653 3704 possessionem
672 3619 876 3692 contumacis,
898 3637 955 3699 pro
970 3618 1064 3679 modo
1080 3616 1189 3683 delicti

158 3730 211 3796 uel
223 3732 369 3796 malelicii
383 3735 415 3797 in
429 3733 490 3796 litis
505 3732 620 3794 iudicio
636 3731 795 3794 declarati.

238 3843 297 3919 (l)
319 3845 468 3908 Preterea
482 3842 593 3925 siquis
607 3843 759 3926 pristaldo
775 3841 1000 3906 contradixerit
1014 3841 1064 3905 uel
1078 3861 1186 3905 maeu-

156 3954 217 4016 lam
240 3955 392 4018 obiecerit
415 3954 572 4027 salsitatis,
593 3955 620 4016 si
640 3954 743 4036 ipsum
763 3953 903 4037 legitime
919 3952 1107 4015 conuincere
1122 3972 1187 4017 uon

156 4068 273 4151 possit,
294 4065 397 4130 soluet
417 4088 473 4150 pro
490 4066 606 4130 indicio
622 4086 759 4128 marcam
773 4083 880 4129 unam.
909 4064 984 4129 item
998 4064 1024 4127 si
1039 4065 1108 4146 quis
1122 4065 1187 4145 pri·

157 4177 293 4243 staldum
308 4178 524 4245 uerberauerit
537 4178 590 4243 uel
603 4177 762 4242 hominem
772 4175 901 4260 capituli
911 4177 1017 4240 datum
1032 4192 1088 4256 pro
1099 4173 1186 4237 testi·

897 4276 937 4338 35
