2798 4764
309 370 568 425 tonsrrrurrosss
590 377 723 425 sruonus
745 374 900 426 nunsusrs.
941 358 1032 427 lm.
1120 358 1180 428 591

159 536 293 599 debeant
316 536 427 597 domus
450 536 649 608 oracionem,
678 555 740 597 non
763 517 1102 615 speluncelatronum‚
1127 535 1182 603 uel

158 646 348 707 munimenta
369 647 560 726 predonum,
583 646 724 707 dolentes
746 647 922 719 referimus,
946 649 1031 728 qnod
1053 648 1181 730 quidam

158 764 188 818 et
202 776 265 817 non
281 756 373 836 pauci
395 755 426 816 in
442 776 541 837 regno
556 756 734 837 llungarie,
756 765 786 818 ct
801 758 891 818 terris
906 765 1012 819 nostre
1027 757 1182 839 legacioni

157 867 322 941 subiectis,
344 866 440 928 multa
458 868 662 940 monasteria,
684 868 860 950 multasque
876 869 1037 942 ecclesias,
1059 889 1183 950 posses·

156 979 261 1041 siones
283 989 313 1041 et
334 980 404 1040 iura
425 981 465 1040 ad
486 979 569 1059 ipsas
591 981 770 1061 spectancia
785 1000 975 1061 occupasse,
997 981 1182 1063 plerumque

157 1112 195 1153 ex
212 1091 257 1152 eis
272 1090 483 1152 incastellasse
500 1091 654 1164 dicuntur,
677 1099 707 1153 ct
723 1111 793 1153 cum
809 1092 884 1173 ipsis
900 1091 1040 1153 ecclesiis
1063 1100 1093 1153 ct
1115 1110 1184 1153 mo-

157 1201 302 1263 nasteriis
326 1201 365 1261 ad
390 1201 514 1262 laudem
540 1202 590 1263 dei
620 1203 767 1263 continua
792 1204 946 1265 debentur
971 1201 1184 1266 ecclesiastica

159 1312 261 1373 officia
277 1312 447 1386 celebrari,
469 1322 499 1374 et
520 1333 577 1393 pro
593 1314 755 1376 animabus
776 1322 838 1375 tam
854 1313 1073 1376 defunctorum
1090 1333 1183 1396 quam

159 1426 302 1485 uiuorum
315 1424 429 1486 deuote
446 1445 553 1504 preces
570 1434 600 1487 et
614 1427 776 1488 oraciones
789 1427 915 1498 deferri,
930 1427 960 1486 in
976 1427 1050 1507 ipsis
1061 1424 1184 1508 tyranni

160 1543 302 1616 raptores
318 1534 456 1597 habitant
471 1544 501 1596 et
515 1536 683 1615 predones,
705 1537 814 1617 rapine
829 1537 992 1619 spoliaque
1007 1537 1185 1600 recondun-

160 1658 209 1710 tur
229 1659 261 1710 et
274 1649 389 1729 prede,
412 1656 443 1710 et
457 1649 541 1729 quod
563 1648 655 1711 ualde
677 1649 870 1711 horrendum
891 1657 938 1711 est
959 1647 1027 1711 loca
1042 1650 1110 1730 ipsa
1123 1651 1183 1713 deo

159 1762 302 1823 dedicata
332 1769 363 1822 et
386 1760 579 1822 sanctificata
608 1760 791 1842 frequenter
815 1761 953 1823 humano
977 1761 1130 1842 sanguine
1153 1766 1186 1823 et

158 1858 275 1934 semiue
301 1872 492 1952 polluuntur.
532 1890 603 1936 cum
627 1880 729 1934 autem
754 1881 785 1934 et
804 1892 865 1954 que
887 1879 959 1934 suut
979 1871 1054 1933 iuris
1078 1871 1184 1934 diuino

157 1982 243 2045 nullo
259 1984 353 2044 modo
366 1984 481 2044 debent
497 1983 536 2043 ad
551 1982 705 2044 humanos
716 2003 791 2044 usus
803 1984 957 2056 conuerti,
971 1984 1106 2045 maxime
1121 1991 1185 2045 tam

159 2094 359 2155 detestabiles
375 2102 406 2155 et
427 2092 624 2173 prophanus,
646 2112 702 2156 nos
719 2092 803 2154 nulla
817 2094 942 2155 racione
958 2092 1102 2155 uolentes
1116 2101 1185 2155 tuu-

157 2212 220 2265 tam
236 2205 430 2283 iniquitatem
446 2212 476 2264 et
491 2204 727 2284 peruersitatem
743 2205 983 2268 conniuentibus
1000 2205 1098 2268 oculis
1114 2224 1185 2287 per·

160 2315 304 2388 transire,
327 2335 436 2376 omnes
452 2323 482 2377 et
497 2314 646 2396 singulos,
669 2316 884 2398 cuiuscunque
900 2317 1109 2389 excellencie,
1129 2335 1187 2379 no-

161 2426 296 2498 bilitatis,
317 2434 425 2499 status,
447 2436 499 2489 aut
514 2426 718 2499 condicionis,
736 2406 789 2508 (pri
806 2428 964 2502 ccclesias,
985 2426 1186 2502 monasteria,

161 2547 214 2598 aut
228 2538 310 2597 bona
326 2538 376 2599 uel
393 2538 460 2599 iura
475 2538 613 2617 ipsorum
630 2546 781 2618 occupata
795 2540 944 2613 detinent,
959 2547 1011 2601 aut
1025 2540 1064 2599 de
1080 2547 1184 2601 cetero

160 2651 328 2721 inuadere,
347 2649 562 2721 incastellare,
584 2671 640 2712 seu
656 2651 755 2712 eciam
772 2671 926 2733 occupare
948 2653 1073 2734 propria
1089 2661 1186 2716 teme·

159 2762 249 2823 ritate
276 2763 535 2842 presumpserint,
563 2763 622 2823 nisi
648 2762 727 2825 infra
751 2764 935 2837 terminum,
957 2784 1012 2826 seu
1037 2766 1186 2829 terminos

159 2874 305 2934 omnibns
326 2873 533 2935 communiter
554 2883 584 2936 et
606 2874 735 2955 singulis
759 2875 957 2957 singulariter
978 2877 1017 2936 ab
1040 2875 1100 2937 illis
1115 2895 1186 2956 pre·

159 2986 243 3057 latis,
258 2985 434 3066 inquorum
450 2985 629 3048 diecesibus
646 2996 676 3049 et
694 2986 906 3050 iurisdictione
922 2985 1063 3060 ecclesie,
1078 3005 1186 3047 mona-

159 3098 269 3170 steria,
292 3098 373 3158 bona
388 3106 418 3159 et
432 3096 499 3158 iura
515 3098 688 3158 consistunt
704 3097 840 3178 prefata,
862 3097 1073 3178 peremptorie
1089 3103 1186 3158 statu·

160 3210 274 3280 endos,
296 3209 500 3281 monasteria,
522 3209 684 3280 ecclesias,
715 3208 929 3288 possessiones
954 3216 985 3268 et
1012 3207 1080 3267 iura
1103 3204 1185 3267 illius

161 3322 303 3399 personis
318 3319 547 3391 ecclesiasticis,
567 3321 606 3380 ad
620 3339 699 3400 quas
714 3321 867 3399 pertinent
882 3337 977 3397 supra
992 3317 1073 3379 dicta
1086 3315 1185 3379 libere

161 3439 192 3490 ct
206 3431 324 3510 absque
340 3429 508 3492 dificultate
524 3429 718 3491 reddiderint
733 3438 763 3490 et
778 3427 984 3500 restituerint,
1000 3437 1031 3489 et
1047 3428 1084 3488 de
1101 3428 1184 3488 fruc-

159 3540 259 3612 tibus,
281 3542 485 3621 prouentihus
502 3549 594 3620 atque
610 3540 729 3601 damnis
745 3540 785 3600 ad
801 3538 978 3600 mandatum
994 3536 1185 3617 prelatorum

159 3652 296 3732 ipsorum
319 3649 525 3713 satisfecerint
544 3658 769 3730 competenter,
791 3649 994 3730 caueriutque
1015 3650 1072 3710 sub
1092 3649 1185 3714 certis

159 3765 262 3844 penis,
285 3764 370 3844 quod
387 3762 517 3823 ulterius
534 3762 565 3821 in
581 3762 692 3824 talibus
713 3782 774 3822 non
790 3762 959 3833 excedent,
981 3761 1186 3825 anathematis

160 3872 284 3934 uinculo
300 3873 499 3935 decernimus
515 3881 546 3933 et
560 3872 705 3934 uolumus
721 3892 790 3934 esse
806 3872 933 3953 ligatos,
955 3892 1050 3955 aquo
1065 3872 1187 3936 absolui

160 4001 222 4041 non
250 3982 367 4061 possint
391 3983 450 4046 nisi
478 3982 617 4064 predicta
642 3981 851 4056 restituerint,
883 3990 914 4044 et
939 3983 979 4045 ad
1003 3984 1187 4046 mandatum

161 4091 300 4173 ipsorum
320 4094 509 4175 prelatorum
529 4095 623 4177 plene
638 4093 847 4158 satisfecerint
861 4101 894 4158 ut
908 4095 1053 4177 superius
1069 4099 1116 4155 est
1131 4112 1185 4157 ex·

160 4221 315 4290 pressum.
