2798 4764
234 344 296 416 stt
343 354 489 416 mmm
507 358 554 415 nte
580 363 671 415 mors
691 363 895 416 coscnrorro
919 364 962 415 nr
981 360 1124 415 mmsis.
1175 343 1268 417 tm.

238 524 297 587 sed
319 525 443 587 interim
463 523 565 586 donec
583 523 753 598 obtinebit,
775 544 838 585 non
857 524 890 585 in
904 544 1003 604 regno
1018 523 1075 585 scd
1093 531 1181 586 extra
1198 540 1269 603 reg-

239 656 314 699 num
336 636 541 717 permanebit
569 636 595 698 si
615 656 693 698 nero
716 655 849 718 persona
873 635 1055 699 excedentis
1076 635 1145 697 talis
1166 633 1272 706 luerit,

240 767 297 829 pro
312 767 374 830 qna
389 748 613 811 intercessores
640 748 679 810 de
695 748 829 812 dominis
844 757 877 811 et
890 748 1046 811 nobilibus
1061 746 1272 810 comanorum

240 857 358 931 cutim,
380 878 450 922 curn
473 860 593 922 adnos
613 860 806 942 confugerit,
827 860 1160 923 accesserintueniam
1174 879 1272 941 super

241 971 427 1035 exulacione
450 971 632 1034 excedentis
656 970 864 1053 postulantes,
885 981 1001 1034 extunc
1023 971 1093 1034 talis
1112 972 1274 1034 excedens

242 1084 283 1147 ab
303 1060 489 1146 huiusmodi
504 1083 598 1147 exilio
623 1085 682 1146 crit
707 1083 879 1158 absolutus,
900 1085 956 1146 sed
973 1084 1012 1146 de
1026 1084 1122 1146 rebus
1137 1092 1170 1147 et
1184 1084 1275 1146 bonis

221 1254 225 1261 .
242 1195 318 1269 suis,
340 1204 372 1259 et
386 1196 417 1257 in
433 1215 527 1277 quem
544 1196 695 1269 excessit,
716 1206 751 1258 nt
765 1196 973 1277 premisimus,
995 1196 1176 1259 satisfaciat.

326 1305 398 1387 (ld)
421 1309 521 1369 Porro
542 1296 747 1372 assumsimus
767 1318 799 1371 et
817 1309 1047 1381 assummimus,
1067 1309 1154 1390 qnod
1175 1308 1276 1371 nemi·

247 1438 319 1480 nem
343 1420 382 1481 de
404 1420 506 1482 seruis
529 1420 713 1483 eorumdem
729 1419 926 1483 dominorum
949 1429 982 1482 ct
996 1420 1146 1481 nobilium
1163 1419 1202 1481 de
1217 1417 1278 1480 Co·

218 1557 227 1571 ·
244 1530 356 1603 manis,
377 1530 403 1593 si
419 1531 458 1592 ad
474 1550 531 1593 nos
548 1532 670 1594 uenerit
683 1531 881 1613 recipiemus,
903 1551 962 1595 nee
977 1533 1121 1604 barones,
1144 1550 1203 1594 nec
1218 1550 1277 1592 no-

244 1642 323 1705 biles
338 1641 426 1722 regni
440 1642 539 1704 nostri
554 1643 683 1705 eosdem
699 1643 842 1724 recipere
858 1651 1004 1723 poterunt
1020 1643 1071 1705 uel
1087 1651 1205 1716 tenere,
1220 1643 1279 1704 im·

245 1773 298 1817 mo
317 1754 446 1817 eosdem
467 1772 578 1816 seruos
598 1773 670 1816 curn
692 1753 849 1817 uniuersis
869 1755 964 1817 rebus
986 1756 1061 1828 suis,
1082 1755 1167 1834 apud
1181 1775 1279 1837 qnos·

245 1884 372 1948 cunque
387 1865 507 1927 inuenti
522 1866 649 1939 luerint,
665 1867 834 1930 restituere
848 1866 1048 1939 tenebuntur,
1064 1865 1154 1929 uillas
1168 1867 1280 1943 eciam

245 1996 325 2060 quas
349 1996 368 2039 a
391 1977 578 2060 quibusdam
604 1997 643 2039 ex
667 1978 722 2050 iis,
751 1998 814 2058 que
836 1986 941 2040 nostre
963 1977 1127 2040 collacioni
1149 1979 1189 2041 de
1210 1979 1280 2041 iure

245 2097 403 2172 spectent,
425 2089 668 2163 abstuleramus,
697 2090 817 2153 eisdem
846 2113 863 2155 c
886 2091 1000 2174 quibus
1020 2090 1207 2154 abstulimus
1228 2110 1281 2154 rc·

246 2202 330 2266 stitui
347 2201 509 2265 iaciemus.

276 2321 279 2324 ’
329 2312 395 2394 (13)
416 2314 564 2378 Ceterum
579 2315 727 2398 quoniam
752 2315 884 2398 predicti
900 2316 1016 2379 domini
1031 2316 1071 2378 de
1087 2316 1234 2379 Comanis
1249 2327 1282 2381 et

247 2425 371 2489 nobiles
390 2425 601 2490 Cumanorum
628 2445 692 2488 una
717 2446 753 2490 ec
778 2428 890 2491 eadem
916 2446 987 2489 cunr
1010 2428 1101 2509 regni
1122 2426 1280 2490 nobilibus

249 2538 450 2620 pertruantur
464 2539 624 2612 libertate,
645 2540 819 2613 statuimus,
842 2547 875 2602 nt
895 2540 1009 2602 sicuta
1033 2548 1175 2619 tempore
1189 2560 1281 2604 sanc·

248 2658 353 2712 torum
375 2670 485 2732 regum
502 2652 737 2732 progenitorum
752 2661 929 2714 nostrorum
946 2671 1041 2732 snper
1056 2652 1143 2732 regni
1158 2650 1281 2713 nobiles

249 2768 281 2823 et
306 2779 416 2822 eorum
441 2762 589 2842 populos,
618 2781 677 2822 nec
701 2782 757 2843 per
778 2781 855 2835 nos,
880 2781 939 2823 nec
962 2782 1019 2844 per
1032 2763 1121 2844 regni
1143 2762 1280 2824 barones

249 2870 422 2932 descensus
442 2871 511 2932 lieri
526 2871 654 2934 debebit
667 2871 841 2933 uiolentus:
863 2873 949 2934 itaet
964 2892 1062 2957 super
1076 2873 1205 2935 eosdem
1222 2873 1281 2935 do·

250 2981 353 3042 minos
378 2991 409 3044 ct
431 2983 552 3045 nobiles
574 2984 613 3045 de
628 2983 785 3056 Comanis,
807 3002 844 3046 ac
858 2985 1040 3046 corumdem
1055 2984 1201 3065 populos,
1221 3003 1283 3046 nec

250 3112 309 3175 per
321 3113 380 3156 nos
394 3112 452 3156 nec
467 3113 525 3175 per
536 3094 694 3157 dominam
710 3094 867 3176 reginem,
889 3094 1086 3156 karissimam
1100 3102 1280 3156 consortem

249 3213 409 3278 nostram,
432 3213 463 3268 et
478 3212 602 3267 nostros
618 3206 751 3267 barones
767 3205 937 3267 descensus
955 3205 1111 3268 uiolentus
1132 3205 1202 3268 lieri
1216 3224 1282 3268 non

250 3317 364 3399 possit,
388 3337 447 3380 nec
461 3318 589 3390 debeat,
610 3317 799 3381 ullomodo.

333 3426 402 3508 (ll)
425 3430 556 3509 insuper
570 3431 667 3492 eciem
682 3438 782 3492 terras
798 3450 853 3492 seu
869 3431 1094 3513 possessiones,
1116 3449 1195 3513 quas
1206 3430 1283 3492 bac·

251 3546 343 3602 tenus
368 3561 406 3601 ex
431 3539 603 3603 collacione
627 3543 864 3623 progenitorum
889 3551 1066 3604 nostrorum
1097 3549 1128 3603 et
1153 3551 1279 3614 nostra,

251 3666 323 3709 cum
349 3650 522 3730 priuilegiis
548 3652 731 3712 eorumdem
754 3662 786 3715 et
808 3662 926 3726 nostro,
956 3654 1008 3714 uel
1031 3653 1187 3736 aliquibus
1212 3652 1283 3715 aliis

252 3760 451 3821 euidentibus
476 3761 688 3823 instrumentis
714 3764 795 3827 iuste
820 3773 852 3826 et
875 3765 1005 3846 pacifice
1028 3766 1190 3846 possidere
1212 3765 1285 3846 dig·

251 3879 432 3945 noscuntur,
453 3891 491 3934 eu
508 3873 670 3953 possidere
685 3874 811 3938 ualeant
825 3883 856 3938 et
872 3876 1000 3939 babere.

334 3982 371 4044 Ut
391 3982 487 4064 igitur
499 3985 598 4048 series
611 3985 792 4049 huiusmodi
814 3986 1023 4051 ordinacionis
1044 4010 1102 4072 per
1120 4008 1178 4052 nos
1199 3989 1286 4055 lacte

249 4094 350 4158 robur
363 4094 503 4159 obtineat
521 4105 673 4179 perpetue
694 4098 863 4175 firmitatis,
884 4110 1048 4183 presentes
1067 4104 1287 4169 concessimus
