2798 4764
477 322 606 375 csomcr
626 324 834 373 nuusmormr
854 282 909 393 (¹7).
1168 303 1208 373 tl

183 483 261 568 ginis
282 483 382 546 ilaris
404 482 513 565 incipit
537 481 692 546 officium:
722 482 807 546 salve
832 484 942 546 sanctu
964 484 1096 565 pireus,
1118 479 1211 551 enixo

182 615 343 678 puerpera
356 615 475 678 regem.
504 594 585 657 inlra
599 594 725 657 missam
740 614 818 658 uero
833 615 889 657 rex
902 594 974 658 oleo
986 614 1074 658 storo
1088 590 1213 675 inungi·

185 710 234 769 tur
248 716 282 771 et
294 714 508 769 consecretur.
536 712 606 787 post
620 705 749 768 missam
764 725 841 768 uero
856 703 997 767 osculum
1011 705 1095 788 pacis
1110 702 1210 767 omni·

182 819 239 883 lus
261 816 382 902 prebet.
409 818 461 880 alii
483 838 560 881 uero
580 838 707 881 manum
727 837 848 881 suoram
870 824 902 880 et
916 815 1063 880 annulum
1088 834 1209 879 sacrum

181 931 363 995 suammet
377 929 628 993 benedictionem
642 930 765 1012 abipso
779 929 943 1012 recipiunt.
965 948 1029 1010 quo
1039 927 1127 990 linito
1138 947 1210 1011 pre-

184 1042 230 1107 sul
245 1062 317 1105 cum
332 1041 433 1115 clero,
454 1042 566 1105 milites
581 1061 652 1103 cum
672 1041 790 1125 populo
811 1042 901 1124 lrirye
916 1039 1038 1105 eleison
1052 1058 1122 1103 eum
1143 1036 1210 1103 lan-

186 1154 275 1217 dibus
290 1154 439 1237 congruis
458 1152 667 1235 pmclumunt,
688 1154 780 1217 deum
801 1153 1065 1236 omnipotentem,
1087 1158 1210 1215 sanctos

186 1266 344 1349 apostolos
357 1266 485 1328 Petrum
504 1274 536 1328 et
549 1267 680 1330 Paulum
701 1265 907 1339 benedicunt,
934 1264 1022 1346 quod
1035 1270 1162 1327 sanctus
1177 1270 1211 1326 et

188 1376 313 1441 dilectos
327 1376 523 1459 Stephanus,
542 1385 574 1441 et
589 1378 733 1441 unctione
756 1377 836 1441 sacri
851 1377 1024 1441 chrismatis
1040 1381 1210 1459 perunctus

192 1486 361 1551 diedemate
382 1488 496 1571 regulis
519 1488 676 1572 dignitatis
699 1488 832 1553 feliciter
852 1497 1020 1552 coronatus
1043 1494 1100 1551 est.
1138 1492 1210 1569 post

188 1595 245 1661 bec
263 1608 369 1663 autem
390 1601 511 1682 regium
532 1600 634 1663 aulam
655 1599 799 1674 intrauit,
821 1600 920 1683 epulis
941 1598 1142 1663 discumbunt
1148 1602 1212 1672 „et

187 1710 229 1773 tic
239 1730 312 1775 cnm
326 1712 441 1794 gaudio
456 1720 488 1776 et
501 1711 602 1775 leticia
616 1711 714 1776 letum
729 1713 886 1777 duxerunt
900 1713 994 1776 diem.

263 1934 311 2020 (7)
343 1938 388 2000 Dc
409 1940 605 2019 conpressiore
627 1939 702 2019 repis
723 1938 877 2019 Hungorir
900 1959 967 2001 cum
988 1938 1107 2001 Potonic
1130 1956 1206 2018 repr.

184 2046 257 2112 Post
278 2059 442 2132 receptum
463 2050 576 2133 regulis
598 2051 785 2115 excellencie
807 2051 929 2133 signum
950 2050 1147 2115 beatissimus
1159 2048 1209 2112 uir

184 2160 241 2223 uei
255 2160 434 2243 Stephanus
448 2162 668 2247 Hungarorum
690 2184 748 2228 rex
769 2162 962 2245 episcopales
981 2161 1128 2224 ecclesias
1143 2178 1209 2225 tm-

182 2270 284 2352 plitns
300 2272 449 2355 regaliter
472 2274 650 2356 disposuit,¹
666 2275 871 2356 crucibusque
895 2282 927 2336 et
946 2272 1047 2346 uasis,
1078 2271 1208 2354 aliisque

181 2383 427 2463 supellectilibus
441 2385 481 2448 ad
495 2386 700 2448 ministerium
712 2385 762 2449 dei
776 2383 1016 2466 pertinentibus,
1038 2382 1209 2446 secundum

182 2495 268 2578 quod
283 2497 452 2579 uuicuique
466 2518 546 2580 opus
562 2506 643 2571 erat,
664 2497 855 2559 sufficienter
870 2495 1039 2559 decorauit.

264 2608 377 2671 Tribus
399 2629 478 2672 uero
498 2617 570 2691 post
590 2608 805 2671 coronacionis
826 2627 882 2670 sue
905 2606 1064 2670 mensibus
1085 2604 1209 2681 elebsis,

181 2721 335 2785 accedeus
356 2723 395 2786 ud
416 2723 518 2805 ipsum
536 2723 721 2786 Lambertus
742 2720 849 2804 presul
870 2719 1020 2784 Crseouie
1044 2719 1206 2783 licenciam

180 2833 355 2917 peciit...
375 2834 415 2898 de
437 2836 695 2899 corroboracione
716 2834 803 2918 pacis
823 2842 855 2898 et
867 2832 1004 2898 amicicie
1024 2835 1064 2897 nd
1088 2850 1208 2896 memo-

181 2945 258 3007 riam
274 2945 415 3020 reduxit,
437 2965 570 3030 cumque
584 2948 651 3011 sine
666 2967 754 3011 mora
768 2945 925 3030 presulem
940 2945 1096 3028 Strigonie
1110 2943 1208 3009 Astri-

182 3073 253 3118 cum
273 3065 305 3119 et
326 3057 496 3140 principem
524 3056 636 3121 milicie
656 3057 766 3121 Albam
796 3058 923 3122 nomine
953 3057 993 3121 ud
1016 3053 1207 3121 auunculum

182 3186 273 3231 mum
282 3167 504 3232 Mesobeonem
519 3169 630 3232 ducem
642 3169 772 3234 Polonie
786 3168 962 3244 transmisit,
976 3188 1091 3251 rogans
1104 3169 1207 3251 ipsurn

184 3289 218 3343 nt
233 3298 306 3343 cnm
326 3281 523 3366 magnalibus
544 3284 609 3345 suis
629 3282 662 3345 iu
683 3281 821 3346 terminis
841 3280 969 3345 Polonie
994 3288 1027 3344 et
1047 3278 1207 3362 Hungnrie

182 3393 376 3456 conueniret

265 3504 337 3580 Quo
348 3515 538 3590 congregato
549 3507 632 3570 omui
646 3507 785 3570 exercitu
799 3524 857 3567 suo
873 3503 913 3567 sd
927 3522 1035 3587 regem
1047 3511 1118 3567 unte
1130 3500 1207 3569 sut-

183 3616 311 3698 gonium
326 3618 427 3693 uenit,
447 3618 552 3700 ibique
566 3619 598 3679 in
616 3617 756 3681 terminis
771 3616 899 3679 Polonie
915 3623 946 3679 et
959 3614 1119 3698 Hungerie
1139 3623 1207 3679 ten-

183 3729 263 3790 toria
276 3746 334 3791 sun
346 3726 422 3790 lixit
443 3747 516 3791 num
529 3729 652 3792 termini
662 3729 851 3791 Polonorum
868 3728 906 3791 sd
919 3728 1005 3791 littus
1019 3727 1152 3791 Danubii
1167 3728 1207 3792 sd

182 3838 341 3903 ciuilitem
357 3840 602 3923 strigoniensem
621 3840 879 3904 terminabantur.
905 3840 986 3903 Dein
1000 3834 1208 3922 blngriensern

183 3951 341 4016 ciuitatem
362 3952 465 4027 ibunt,
488 3952 519 4015 in
540 3953 671 4015 lluuium
685 3955 738 4037 qui
754 3952 837 4016 Tisia
856 3951 1034 4015 nominatur
1048 3951 1207 4016 cedentes.

182 4062 365 4152 regnabant
383 4063 471 4132 iuxta
487 4063 618 4131 lluuium
636 4065 691 4153 qui
709 4064 806 4153 Ceple
827 4071 1025 4154 nuncupatur
1043 4082 1145 4152 usquo
1166 4061 1208 4129 rtl
