2798 4764
250 307 319 385 „0⁹2
584 323 771 371 usmraou
787 323 954 381 orrum.

256 476 367 551 uestri,
388 476 530 541 seilicetr·
554 475 723 550 Gilimum‚
750 475 954 550 bticbabtem,
982 475 1116 558 Hyoan,
1146 477 1313 553 Paulum,

257 586 362 662 Uiues,
383 586 527 663 Tinthar,
548 587 765 663 Sbubanoam,
785 588 976 662 Hernicum,
995 587 1147 663 Paulum,
1172 588 1313 673 Cbepa-

256 720 350 775 num,
376 700 543 775 Feketem,
572 700 769 774 Tiburcium,
796 701 977 773 Zemerem,
1008 699 1047 765 de
1073 700 1312 765 dmtrnetione

257 828 361 885 rerum
373 830 498 874 auarum
511 810 551 874 ad
563 810 797 874 estimaoionem
807 811 968 893 sexaginta
979 828 1179 886 marcarum,
1195 811 1311 877 iudice

257 921 393 1003 Boiosoy
408 920 525 985 comite
537 920 576 984 de
590 921 738 1003 Nengrad
759 921 965 1002 permissione
987 928 1019 984 et
1038 922 1238 986 auctoritate
1254 923 1312 987 Ni·

258 1031 339 1096 colei
359 1032 486 1115 paletini
509 1032 630 1096 comitis
652 1033 827 1106 iudicante,
854 1032 1003 1113 pristaldo
1022 1032 1131 1095 Mieou
1156 1035 1205 1098 de
1230 1035 1311 1099 uilla

257 1144 346 1209 Bella.
375 1144 583 1226 prenominati
602 1144 805 1227 ioubagiones
827 1144 860 1205 in
874 1145 1018 1219 termino,
1039 1165 1137 1228 quem
1153 1145 1311 1226 prefatus

249 1257 427 1340 ,pristaldos
442 1256 566 1339 utrique
581 1257 664 1339 parti
676 1274 711 1320 se
723 1257 801 1319 dixit
815 1255 989 1338 prefixisse,
1002 1256 1124 1320 scilieet
1134 1256 1172 1320 in
1184 1268 1312 1326 octaua

259 1370 384 1432 ioannis
398 1368 554 1452 Baptista,
576 1368 722 1432 Uaradini
735 1387 800 1431 non
814 1376 1068 1450 comparuerunt

343 1478 429 1563 (208)
451 1482 542 1543 Anno
557 1481 596 1542 ab
610 1479 829 1544 incarnacione
851 1479 969 1543 domini
990 1477 1164 1542 millesimo
1181 1480 1311 1545 duceu-

259 1591 372 1661 tesimo
387 1592 511 1657 decimo
524 1591 675 1672 septimo,
695 1598 848 1673 regnante
862 1590 1126 1653 uictoriosissimo
1139 1611 1229 1674 rege
1244 1595 1310 1656 Aa·

260 1705 351 1777 drea,
369 1703 496 1764 Simone
511 1701 695 1765 Uaradieasi
710 1701 859 1784 episeopo
875 1703 1045 1775 existente,
1060 1701 1168 1784 Gyula
1184 1705 1310 1769 comite

250 1812 408 1896 palatino,
429 1811 560 1874 Nimcha
581 1812 694 1875 comite
713 1811 926 1886 Bicboriensi‚
949 1811 1095 1875 Anniano
1118 1812 1254 1880 lectore
1277 1824 1311 1880 et

258 1922 394 1996 notorio,
413 1921 633 1985 Biehorienses
648 1921 688 1984 de
702 1922 921 1986 centurionetu
934 1922 1119 1997 Scecuizez,
1133 1922 1172 1989 'et
1186 1925 1312 1990 borum

259 2034 407 2117 precipue
423 2033 553 2095 Tenkeu
568 2032 607 2094 de
621 2032 697 2095 uilia
711 2026 798 2116 Ebey
812 2033 1019 2115 impeoieruut
1033 2035 1205 2116 quendam
1228 2037 1312 2100 iibe-

258 2165 330 2210 rum
345 2144 506 2208 bominem
527 2144 655 2207 nomine
668 2144 787 2219 Deum,
808 2144 950 2207 dieentes
971 2144 1056 2225 quod
1074 2162 1196 2207 eorum
1221 2157 1312 2211 esset

260 2257 411 2321 concinis.
432 2258 511 2320 deus
526 2264 632 2320 autem
644 2255 722 2321 dixit
733 2276 769 2320 se
784 2253 918 2318 liberum
930 2274 1001 2319 osse
1012 2254 1155 2317 omniuo.
1180 2258 1312 2323 Nineba

252 2370 365 2452 ,itaque
388 2388 494 2431 comes
510 2366 776 2441 Bieborieosium,
798 2387 837 2430 ex
852 2373 1001 2448 precepto
1016 2366 1102 2447 regis
1118 2385 1180 2430 eos
1198 2369 1312 2435 diseu-

261 2482 358 2556 ciens,
378 2479 584 2563 interrogauit
603 2497 759 2561 responsa
778 2477 1004 2560 ioubagionum
1025 2477 1312 2558 Bieboriensium‚

261 2594 380 2656 scilicet
400 2592 485 2656 Luce
507 2590 733 2674 Hodnogionis,
762 2591 861 2664 Petri,
884 2590 991 2663 Bibae,
1014 2591 1144 2671 Tegegu
1167 2601 1205 2654 et
1226 2592 1310 2657 alio-

262 2724 342 2766 rum.
363 2704 416 2785 qui
431 2723 500 2764 cum
517 2702 670 2784 prefatum
682 2704 782 2764 Deum
798 2711 830 2762 et
840 2700 899 2782 ipsi
911 2709 1101 2763 castrensem
1114 2720 1193 2765 esse
1207 2704 1311 2767 dixis·

262 2821 349 2885 sent,
370 2812 474 2892 posuit
495 2811 555 2872 boc
577 2831 672 2891 super
685 2810 895 2874 iuramentum
911 2831 1031 2873 eorum.
1059 2811 1181 2892 quibus
1197 2815 1310 2878 iurare

262 2941 327 2985 noo
338 2920 535 2993 audentibus,
545 2928 721 2982 castrenses
732 2922 955 2985 condemnauit
966 2929 998 2984 et
1009 2921 1192 3001 predictum
1201 2926 1310 2989 Deum

261 3032 395 3097 liberum
422 3052 491 3109 esse
513 3032 729 3105 denuncieuit,
763 3040 855 3113 etque
875 3054 932 3115 per
953 3031 1122 3096 loanebem
1146 3038 1311 3101 comitem

263 3144 447 3230 pristaldum
462 3145 557 3228 regis,
572 3144 768 3226 presentibus
784 3145 1007 3225 prenominatis
1023 3145 1115 3206 castri
1128 3145 1311 3232 ioubegio·

262 3259 354 3322 nibus
368 3257 543 3321 libertatem
559 3258 626 3319 eins
640 3256 730 3318 nobis
745 3255 818 3318 iecit
833 3256 1010 3320 contestari.

346 3366 436 3450 (209)
458 3370 510 3430 Sol
524 3368 607 3430 tilius
622 3365 796 3428 Salomonis
810 3366 943 3447 litigauit
957 3385 1027 3429 cum
1043 3365 1156 3428 abbate
1174 3367 1220 3432 de
1236 3390 1310 3434 mo-

263 3481 400 3545 nasterio
415 3478 566 3540 Gabrieiis
586 3477 710 3550 lobem,
732 3477 771 3538 de
786 3476 926 3558 quinque
948 3477 1100 3558 capitibus
1119 3476 1309 3557 homiuum.

265 3594 362 3655 tribus
378 3591 452 3652 uiris
466 3596 501 3651 et
512 3588 633 3650 duabus
647 3587 840 3662 mulieribus,
854 3608 960 3653 eorem
972 3588 1100 3650 Simone
1112 3587 1310 3657 Uaradieusi

265 3701 414 3784 episeopo
435 3707 468 3761 et
487 3698 674 3780 quibusdam
697 3698 854 3762 canonicis
874 3700 942 3762 eius
956 3700 1089 3762 Martino
1108 3709 1142 3764 et
1164 3702 1309 3778 [idone.

265 3820 297 3873 et
317 3829 421 3872 coram
438 3809 570 3872 Nunebe
590 3809 704 3872 comite
724 3809 934 3885 Bicboriensi,
963 3812 1071 3874 dicens
1092 3810 1181 3887 ilios,
1212 3818 1309 3898 quod

261 3921 313 4006 sui
334 3922 409 3985 iuris
431 3929 551 3995 essent,
574 3931 701 3985 econtra
723 3921 862 4004 prefatus
883 3923 981 3988 abbas
997 3924 1131 3986 asseruit
1145 3928 1308 4004 eosdem,

265 4035 351 4118 quod
365 4053 456 4097 soror
468 4034 566 4115 ipsius
581 4034 635 4098 Soi
656 4035 782 4097 nomiae
797 4033 893 4108 Sebe,
914 4034 973 4096 sub
987 4032 1041 4097 tali
1055 4035 1146 4098 titulo
1160 4038 1308 4105 ecclesio

265 4147 418 4213 Gabrielis
439 4147 621 4223 dimisisset,
641 4155 676 4213 ut
697 4166 778 4211 uuus
799 4146 925 4213 iliorum
945 4147 1072 4211 nomine
1087 4146 1210 4213 Cboioz
1232 4171 1308 4221 ser·
