2798 4764
213 331 281 400 U
356 228 365 274 ο
449 326 1009 412 mersurasunumnrerslt).

215 507 348 571 ducatus
357 505 592 589 religiosissime
602 503 796 586 perfunctus,
809 502 937 566 tandem
950 499 1139 584 perniciosis
1152 502 1246 585 regni

215 618 338 682 sinibus
353 634 426 682 eam
439 634 516 699 rege
530 635 641 679 eornm
655 614 823 678 §damone
835 613 941 696 sepius
955 612 1162 694 biumpbans,
1182 626 1247 676 nec

214 736 319 793 tamen
334 748 353 791 a
367 727 492 790 malicia
505 726 718 800 cessantibus,
738 725 799 788 nisi
813 725 981 788 Salomone
1000 743 1077 806 rege
1091 723 1246 787 meanti

214 841 356 904 custodia
371 838 510 912 detento,
529 856 601 901 cum
616 857 771 901 consensu
786 837 963 919 principum
977 845 1009 899 et
1022 854 1179 900 consensu
1192 845 1245 901 tn·

214 951 281 1014 cius
296 950 449 1034 Ungarie,
473 948 550 1012 ielis
570 966 703 1031 regnum
722 948 776 1010 tali
797 955 919 1010 rectore
939 947 1143 1020 (lucensium,
1171 947 1243 1010 sine

212 1061 376 1146 potestatis
390 1069 446 1123 aut
458 1060 587 1123 bononis
603 1059 795 1134 ambicione,
815 1059 884 1122 sine
898 1058 1038 1141 qualibet
1050 1057 1242 1122 secularium

212 1192 320 1239 rernm
337 1173 526 1255 eupiditate,
546 1172 637 1255 regni
658 1170 871 1254 gubernacula
890 1170 1040 1252 suscepit
1070 1188 1141 1233 cum
1155 1169 1242 1233 enim

212 1287 248 1349 in
266 1285 397 1348 arbitrio
417 1285 565 1358 baberet,
586 1285 705 1367 regiam
726 1284 909 1368 dignitatem
923 1281 1072 1344 diuinitus
1088 1282 1148 1344 sibi
1163 1301 1244 1345 nen·

214 1395 338 1471 uene,
358 1415 423 1460 nen
437 1395 561 1479 inungi,
581 1415 645 1460 non
660 1397 692 1458 in
706 1415 815 1479 regern
830 1393 976 1458 coronari
991 1393 1162 1469 festinarit,
1182 1393 1242 1457 sed

212 1506 349 1590 inslgnia
367 1507 452 1588 regis
473 1514 546 1570 ante
567 1524 602 1569 se
622 1506 745 1571 iaciens
762 1526 834 1568 eum
854 1505 976 1568 benere
998 1503 1130 1579 deferri,
1151 1504 1241 1588 regie

212 1617 371 1700 dignitatis
385 1615 524 1680 efficium
543 1636 608 1680 nen
627 1625 661 1680 ut
680 1617 795 1698 presit,
815 1617 872 1680 sed
886 1626 921 1680 nt
934 1616 1034 1700 prosit
1047 1615 1241 1698 adimpleuit.

211 1729 274 1792 iam
288 1748 367 1792 uero
381 1727 469 1811 regie
483 1728 641 1811 dignitatis
652 1728 758 1791 cilicio
773 1729 954 1813 dignissime
969 1737 1127 1812 suscepto,
1138 1748 1240 1811 qnam

212 1848 278 1905 tum
293 1856 329 1903 se
343 1838 520 1922 aequalem
534 1840 727 1916 exhibuerit,
746 1839 818 1924 plus
839 1849 888 1904 est
907 1861 1001 1925 quam
1023 1842 1130 1904 uerbis
1144 1851 1241 1924 quest

213 1950 374 2034 explicari.
400 1969 465 2013 non
479 1951 563 2014 enim
577 1951 780 2015 affluentibus
794 1952 918 2015 diuiciis
932 1960 986 2016 aut
999 1952 1067 2016 aliis
1081 1960 1240 2036 tempora-

211 2062 294 2126 libus
308 2081 362 2125 cor
375 2062 536 2144 apposuit,
557 2063 616 2126 sed
629 2072 773 2126 eternum
790 2083 849 2147 pro
864 2073 969 2128 mente
982 2063 1100 2127 benum
1113 2082 1241 2147 semper

212 2173 349 2249 babens,
368 2174 447 2238 illud
471 2173 645 2238 insaciabili
669 2174 825 2240 desiderio
844 2176 1002 2258 cupiebat
1030 2177 1107 2239 illud
1122 2176 1241 2240 indesi-
1301 2164 1304 2171 ’

211 2287 360 2350 neneium
388 2303 521 2370 operum
555 2287 809 2370 magnanimitate
846 2289 1061 2371 perquirebat
1100 2289 1241 2352 emnium

213 2400 331 2482 quippe
346 2396 603 2462 desiderabilium
615 2416 749 2462 suerum·
759 2401 854 2464 deum
867 2418 939 2464 esse
951 2418 1016 2462 non
1030 2396 1186 2474 dubitans,
1209 2407 1242 2464 et

211 2509 246 2572 in
268 2509 350 2573 illius
375 2509 572 2592 majestatem
595 2517 661 2573 tutu
685 2511 797 2574 mentis
819 2511 936 2574 uirtute
960 2518 1103 2584 erectus,
1127 2530 1239 2594 regum

211 2619 362 2701 dignitate
376 2627 520 2695 seruata,
541 2620 628 2702 quod
640 2639 733 2684 snum
747 2629 796 2683 est
809 2621 980 2703 unicuique
994 2621 1161 2684 tribuebat.
1191 2621 1241 2684 tli-

211 2727 395 2791 bullenus
410 2738 541 2812 propter
550 2749 603 2803 se,
617 2728 725 2794 mundi
735 2729 981 2812 contemptibilia
995 2741 1124 2815 propter
1135 2732 1239 2796 (lenm.

212 2848 281 2901 erat
294 2856 373 2919 erge
386 2837 489 2902 fidelis
505 2848 537 2903 et
551 2840 685 2904 deuotus
702 2839 736 2902 in
750 2849 922 2904 creatorem
944 2863 1001 2925 per
1015 2851 1123 2907 uotum
1137 2851 1170 2908 et
1183 2845 1241 2908 ub-

211 2951 327 3026 latnm,
346 2950 514 3014 beniuolus
534 2951 567 3012 in
589 2968 679 3013 suam
700 2959 842 3034 gentem,
863 2953 1001 3019 liberalis
1013 2955 1046 3018 in
1060 2963 1240 3032 extraneos,

211 3062 378 3126 muniilcus
391 3063 424 3125 ln
438 3062 608 3136 subiectos,
628 3063 807 3126 misericors
820 3064 853 3126 in
868 3064 1012 3142 afflictos,
1025 3068 1238 3133 ualidissimas

211 3192 435 3261 oppressorum
459 3175 618 3239 liberator.
650 3181 719 3240 erat
741 3176 847 3260 itaque
871 3178 1025 3265 benignus
1048 3181 1081 3244 in
1105 3182 1238 3256 ellectu,

210 3287 364 3370 prouidus
384 3287 417 3350 in
438 3286 589 3360 consilio,
610 3306 708 3350 ueras
722 3288 754 3350 in
768 3307 930 3366 sermone,
952 3301 1100 3356 constans
1114 3292 1147 3356 in
1163 3312 1238 3377 pru-

210 3398 378 3473 missiene,
391 3399 490 3464 iustus
505 3399 537 3460 in
552 3398 679 3473 iudicio,
699 3419 831 3463 serenus
845 3401 877 3463 in
893 3404 1103 3486 corripiendo,
1116 3405 1149 3468 in
1163 3426 1238 3470 exa·

210 3509 365 3572 mirandis
386 3519 492 3574 autem
512 3508 636 3573 indiciis
657 3518 721 3574 tam
743 3527 808 3574 non
826 3513 967 3578 indicare
988 3532 1082 3598 qnam
1104 3514 1236 3580 iudicari

210 3617 328 3693 timuit,
348 3620 471 3702 sibique
492 3620 591 3703 magis
612 3623 753 3686 terribile
771 3623 924 3688 indiciam
944 3625 1108 3688 imminere
1126 3626 1237 3687 erede·

209 3727 281 3802 bat,
300 3742 395 3811 qnam
407 3730 457 3793 bis
472 3731 527 3814 qui
540 3733 581 3795 ab
595 3750 634 3796 eo
647 3735 877 3799 indicabantur.
898 3732 983 3799 aude
996 3736 1134 3819 rigerem
1146 3735 1237 3799 insti·

210 3839 259 3903 eie
278 3839 405 3904 ienitate
426 3849 608 3925 temperans
622 3844 855 3920 misericorde,
872 3845 969 3910 talem
987 3861 1023 3912 se
1038 3864 1114 3929 erga
1128 3849 1236 3914 subdi-

208 3956 258 4016 tes
280 3950 463 4029 exhibebat,
485 3961 521 4018 ut
535 3954 575 4018 ab
589 3957 635 4020 ela
654 3960 763 4040 penius
783 3965 941 4023 amaretm
952 3976 1047 4043 qnam
1060 3960 1236 4029 timeretur.
1331 4029 1334 4036 ,

208 4064 299 4150 regni
309 4063 428 4148 quippe
442 4065 689 4148 gubernaculum
702 4088 768 4137 nen
780 4069 881 4137 selam
894 4069 1009 4137 benoni
1021 4073 1082 4138 sibi
1096 4084 1163 4139 erat
1176 4078 1235 4142 sed

209 4176 310 4245 blesi-
337 4177 590 4256 medimna,
614 4181 1234 4274 “immmswlumquelhem
