2798 4764
356 1134 682 1224 STEPHANI
714 1140 800 1224 111.
835 1139 1028 1227 REGIS

208 1318 519 1404 summittunt
545 1321 624 1405 rito
652 1323 816 1408 cumas
845 1324 1181 1411 samaritum.

606 1514 787 1578 MCLXVH.

528 1684 568 1735 Ex
591 1685 737 1751 apographo
762 1701 857 1737 coaevo.

590 1842 796 1853 —-—

261 1961 351 2021 Anno
371 1960 526 2024 dominice
542 1961 770 2025 incarnacionis
791 1962 971 2026 MCLXVli.
994 1983 1076 2027 anno
1093 1970 1205 2027 octauo

179 2071 269 2151 regni
283 2071 355 2133 mei.

261 2184 328 2265 Ego
349 2183 526 2265 Stephanus
550 2205 607 2248 rex
629 2186 808 2268 Hungarie,
838 2184 989 2248 Chroacie
1018 2192 1112 2268 atque
1132 2184 1206 2246 Dal-

181 2295 289 2356 macie.

263 2409 318 2481 (t)
341 2408 409 2469 iuro
436 2429 491 2488 per
514 2418 650 2471 sanctam
677 2428 800 2470 crucem
831 2407 920 2470 uobis
944 2406 1205 2470 Sebeuiceasibus

179 2519 256 2580 meis
270 2518 414 2581 fidelibus
430 2518 550 2580 firmam
566 2539 686 2599 pacem.
893 2574 923 2623 α

262 2631 322 2704 (2)
345 2630 420 2691 mihi
436 2639 466 2692 et
480 2629 545 2692 iilio
557 2650 628 2692 mco
644 2638 697 2692 aut
711 2629 945 2693 successoribus
960 2629 1037 2693 meis
1051 2627 1207 2692 tributarii

181 2762 220 2805 ne
236 2742 311 2803 sitis.

263 2855 323 2927 (3)
345 2853 489 2914 comitem
503 2875 582 2917 uero
604 2862 657 2917 aut
680 2854 813 2918 iudicem
829 2874 922 2936 quem
937 2852 1039 2915 cieras
1061 2859 1093 2915 et
1107 2871 1207 2934 popu-

180 2963 227 3026 lus
243 2964 373 3045 elegerit
387 2965 550 3039 ordinab0‚

263 3074 325 3149 (i)
348 3084 379 3137 ct
393 3075 462 3156 iege
481 3077 609 3158 antiqua
623 3078 791 3139 constituta
806 3098 862 3139 uos
879 3077 922 3138 uti
938 3076 1123 3158 permittam.

263 3189 321 3260 (5)
342 3196 449 3268 preter
463 3189 548 3269 quod
571 3189 715 3252 introitus
738 3197 846 3269 portus
862 3188 996 3250 ciuitatis
1011 3188 1088 3248 duas
1102 3193 1207 3267 partes

180 3317 238 3359 rex
250 3296 366 3360 habeat
381 3298 419 3359 de
435 3300 607 3373 extraneis,
628 3300 757 3362 terciam
773 3319 849 3360 uero
865 3317 971 3359 comes
986 3295 1130 3369 ciuitatis,
1152 3295 1207 3356 dc·

182 3409 291 3471 cimam
308 3431 384 3471 uero
399 3409 511 3471 clerus.

263 3524 321 3596 (6)
344 3522 375 3582 in
396 3521 521 3584 ciuitate
543 3542 669 3604 quoque
691 3529 795 3584 uestra
815 3521 971 3583 neminem
986 3519 1208 3600 Hungarorum

181 3632 231 3694 uel
247 3633 490 3715 alienigenarum
505 3633 645 3696 habitare
661 3633 855 3715 permittam,
877 3630 937 3694 nisi
953 3651 1046 3715 quem
1062 3630 1208 3692 uoluntas

181 3754 286 3806 uestra
301 3745 479 3825 cxpecicrit.

265 3860 326 3931 (7)
358 3877 429 3919 cum
461 3866 564 3921 autem
592 3858 632 3920 ad
660 3877 718 3920 uos
743 3855 940 3920 coronandus
966 3862 1020 3917 aut
1043 3853 1208 3917 uobiscum

181 3969 271 4050 regni
293 3969 426 4050 negocia
448 3977 611 4032 curaturus
634 3969 804 4041 aduenero,
825 3967 943 4029 nemini
962 3965 1077 4028 ciuium
1097 3964 1145 4026 uis
1159 3962 1209 4024 in·

171 4079 300 4143 'foratur
324 4080 488 4144 domorum
508 4101 654 4157 suarum,
675 4081 734 4143 nisi
756 4098 851 4164 quem
872 4077 997 4142 dilectio
1013 4084 1119 4141 uestra
1139 4092 1209 4136 sus·

182 4193 313 4276 ceperit
