2798 4764
511 385 582 434 rm
603 386 632 434 s.
647 385 784 435 emmor
805 365 880 455 (¹⁰l·
1147 368 1210 438 als

181 540 313 605 dbuens
341 541 373 603 iu
401 543 545 623 portibus
569 543 711 607 eiusdem
738 543 874 607 fluminis
902 544 1067 627 usquead
1091 545 1212 608 'liciam

180 653 362 716 tributarios
388 661 421 715 et
445 654 610 729 custodes,
641 654 857 736 conclusitque
882 656 986 717 omnia
1010 675 1067 719 suo
1085 656 1212 720 tribute.

180 765 302 846 accepit
324 773 430 829 autern
452 773 639 846 potestatem
663 787 682 829 a
703 767 822 841 Grecis,
844 775 877 831 et
898 770 1071 832 construxit
1087 769 1120 832 in
1140 789 1211 851 pre·

180 874 244 939 sata
262 875 342 939 urbe
361 877 518 938 Morisana
540 878 765 940 monasterium
785 878 817 939 in
839 878 961 941 bonore
981 878 1065 941 beati
1086 879 1212 941 loannis

181 988 335 1069 baptiste,
366 988 560 1051 constituens
584 989 617 1049 in
641 988 753 1051 eodem
782 990 926 1053 abbatem
951 1009 1022 1053 cum
1051 991 1210 1052 monacbis

181 1100 294 1182 grecis,
315 1099 400 1161 iusta
415 1099 558 1161 ordinem
573 1109 605 1163 et
619 1099 711 1161 ritum
726 1101 876 1182 ipsorum.
898 1101 1057 1165 seruiebat
1071 1122 1210 1184 namque

182 1212 286 1274 eidem
307 1212 377 1274 uiro
398 1219 484 1273 terra
507 1230 526 1273 a
546 1212 643 1273 lluuio
657 1213 756 1275 Keras
778 1233 879 1296 usqua
901 1214 941 1276 ad
955 1221 1060 1294 partes
1075 1211 1213 1276 Transii·

181 1342 299 1396 uauas,
320 1330 352 1385 et
374 1341 473 1404 usque
494 1323 525 1383 in
540 1323 644 1385 lludiu
666 1332 698 1386 et
716 1326 834 1398 Zeren,
864 1344 928 1406 que
949 1325 1054 1387 omnia
1073 1324 1132 1387 sub
1153 1342 1211 1387 sua

184 1432 379 1496 concluserat
400 1440 563 1513 potestate.
585 1434 669 1496 unde
683 1435 875 1516 precedebat
894 1435 926 1496 in
945 1435 1143 1498 multitudine
1161 1453 1211 1497 ar-

184 1553 336 1607 matorum
361 1564 487 1627 regem,
518 1564 556 1608 ac
581 1546 707 1608 minime
729 1546 903 1627 reputabat.
933 1554 965 1609 ct
989 1556 1056 1610 crat
1081 1546 1208 1630 quidam

182 1655 271 1719 miles
296 1657 389 1720 ualde
414 1656 587 1720 bonoratus
611 1658 736 1720 nomine
761 1657 980 1731 Cbanadinus,
1008 1658 1062 1739 qui
1086 1665 1209 1720 ceteros

183 1767 333 1849 dignitate
354 1769 562 1848 precellebat,
583 1769 696 1850 quibus
716 1769 819 1850 ipsum
834 1769 978 1831 domiuus
992 1773 1216 1850 preposuerat.

181 1879 232 1943 bic
246 1888 409 1943 accusatus
431 1888 479 1942 est
492 1881 575 1963 apud
591 1881 751 1943 dominum
773 1901 863 1943 suum
883 1881 982 1944 ardua
996 1880 1209 1955 accusaeione,

181 2011 238 2073 pro
254 2011 315 2073 qua
331 1991 433 2073 ipsum
449 1991 593 2055 dominus
614 1990 792 2054 interficere
807 1992 978 2074 cogitabat,
999 2011 1132 2074 cumque
1152 1991 1210 2054 ob-

180 2111 323 2166 seruaret
338 2111 460 2184 tempus
472 2124 535 2186 quo
548 2123 620 2166 eum
635 2104 796 2185 perderet,
810 2102 945 2184 loquens
958 2122 1067 2166 secum
1080 2104 1113 2165 in
1125 2101 1209 2178 dolo,

182 2214 267 2296 quod
280 2215 383 2296 ipsum
397 2214 614 2276 Chanadinum
638 2234 702 2277 non
716 2214 816 2277 latuit.
846 2215 931 2277 unda
946 2213 1070 2296 lugiens
1084 2212 1207 2276 occulta

103 2377 105 2379 .
182 2325 267 2388 uenit
281 2325 322 2386 ad
336 2345 461 2407 regem,
483 2345 576 2407 quem
598 2346 654 2388 rex
673 2326 713 2387 ad
729 2325 886 2386 Christum
901 2324 1116 2388 connectendo
1130 2324 1208 2405 bap-

183 2437 297 2500 tizauit.
331 2437 443 2500 uolens
465 2446 570 2501 autem
594 2437 689 2499 iidem
713 2436 811 2519 ipsius
835 2436 988 2517 experiri,
1014 2435 1208 2516 explorando

182 2557 302 2612 secreta
325 2549 442 2612 domini
463 2549 512 2611 sui
533 2548 702 2621 intellexit,
730 2548 815 2630 quod
838 2567 901 2609 non
920 2547 1028 2610 dolose
1046 2548 1086 2610 ad
1104 2548 1208 2628 ipsum

183 2660 385 2743 confugisset.
412 2662 496 2722 unde
517 2661 642 2741 cognita
657 2660 724 2722 eius
739 2658 886 2723 lidclitate
908 2669 939 2723 et
953 2660 1209 2741 perseuerancia,
1285 2746 1295 2753 μ

183 2773 226 2834 ait
246 2775 285 2834 ad
308 2774 475 2855 optimates
489 2793 580 2836 suos:
603 2772 811 2854 properamini
825 2780 934 2835 contra
946 2773 1080 2835 Acbtum
1095 2773 1209 2835 aduer-
1296 2750 1299 2753 .

183 2886 298 2948 sarium
319 2903 422 2947 meum
443 2886 476 2946 in
497 2885 650 2966 prelium,
672 2893 703 2948 et
716 2903 965 2966 preoccupemus
983 2902 1116 2967 regnum
1130 2885 1209 2948 eius.

183 2995 214 3057 in
229 3017 291 3078 quo
307 3016 454 3059 sermone
469 2997 572 3059 adbuc
587 2998 785 3060 examinabat
799 2996 1033 3069 Cbauadinum,
1053 3005 1209 3078 quatenus

184 3107 251 3169 eius
273 3107 408 3170 fidelitas
433 3107 565 3189 amplius
594 3108 789 3189 probaretur.
826 3126 961 3189 cumque
984 3106 1047 3168 boe
1070 3108 1212 3171 audisset

184 3217 394 3292 Chanadinus‚
408 3221 534 3300 gauisus
550 3226 598 3281 est
612 3219 715 3281 ualde.
736 3218 857 3281 addidit
869 3237 998 3301 quoque
1013 3237 1070 3280 rex
1084 3218 1209 3281 diceus:

184 3329 287 3412 eligite
302 3332 423 3394 euobis
438 3331 532 3394 talem
546 3331 664 3405 uirum,
685 3330 740 3413 qui
758 3332 798 3393 sit
813 3330 958 3411 princeps
971 3337 1079 3391 noster
1091 3330 1123 3390 in
1138 3348 1210 3409 pre·

185 3439 238 3501 lio.
258 3443 312 3521 qui
325 3444 553 3525 respondentes
568 3442 730 3504 dixerunt:
752 3440 868 3521 etquis
883 3439 990 3520 apcior
1003 3438 1138 3501 inueniri
1152 3457 1211 3519 po·

186 3558 247 3613 test
261 3552 452 3617 Chanadino.
482 3573 577 3636 quem
598 3553 644 3615 eis
664 3552 696 3613 in
715 3551 891 3634 principem
906 3548 1143 3612 constituerunt.
1162 3569 1214 3612 ra.-

185 3666 310 3745 spondit
323 3666 541 3729 Chanadinus:
563 3665 644 3728 sicut
665 3664 748 3727 enim
768 3662 895 3725 domiuo
915 3680 987 3723 meo
1002 3661 1070 3744 regi
1091 3661 1212 3742 placet,

184 3776 230 3837 sic
244 3776 428 3839 Christianis
450 3797 552 3840 nouus
568 3776 760 3838 Christianus
782 3793 871 3849 sum,
897 3773 1024 3836 nouiter
1042 3773 1214 3856 baptizatus

184 3906 303 3951 nouum
324 3887 430 3951 subire
450 3888 585 3969 prelium
604 3889 697 3961 uolo,
723 3895 851 3968 paratus
865 3907 936 3949 sum
956 3886 1036 3949 mori
1050 3895 1084 3949 et
1103 3885 1215 3950 uiuere

184 3999 359 4061 uobiscum
380 3999 568 4082 egredimini
581 3998 676 4081 igitur
690 4005 721 4060 et
735 3997 906 4080 preliemur
916 4005 1027 4061 contra
1038 3995 1147 4060 bostes
1158 3996 1216 4058 do·

184 4107 261 4170 mini
282 4110 344 4171 mei
364 4111 459 4192 regis.
480 4110 581 4173 bonus
595 4109 684 4173 uisus
698 4117 747 4174 est
766 4129 873 4173 sermo
889 4109 922 4171 in
943 4108 1044 4171 oculis
1064 4107 1215 4169 omnium.

186 4229 415 4309 cougregamm
429 4230 535 4292 auum
546 4221 738 4303 exercitum,
757 4220 1084 4306 evacuantem
1096 4217 1217 4301 inpra-
