2798 4764
362 345 498 397 croscus
520 345 620 394 snsrr
642 347 851 397 nosocomus
879 328 959 414 (39),
1135 333 1178 406 ii

145 525 232 576 rum,
254 521 401 586 egressus
416 501 455 564 de
471 500 558 564 Tetel
578 499 691 564 furiata
706 510 825 576 mente,
846 522 904 584 per
917 503 1173 585 admonicionem

144 634 275 683 morum
289 622 400 677 contro
413 614 526 676 ducem
541 612 646 693 Arpnd
668 611 810 694 equitare
826 615 927 695 cepit,
948 623 980 678 et
994 616 1070 679 dum
1086 624 1173 679 uter·

145 748 211 811 que
225 726 384 791 exercitus
398 725 439 787 ed
453 724 591 789 inuicem
604 743 705 806 prope
720 732 973 805 pernoctassent,
994 735 1107 795 neuter
1120 747 1176 793 eo·

145 859 218 903 rum
232 837 371 901 dormire
387 857 445 919 per
458 845 556 900 totam
571 844 697 898 noctem
711 855 807 898 susus
822 837 899 909 luit,
927 840 984 901 sed
998 859 1097 921 equos
1113 840 1176 907 sel·

145 950 227 1014 letos
255 951 288 1013 in
316 949 460 1012 monibus
487 949 625 1011 tenendo
648 956 928 1030 pernoctauerunt
959 969 1051 1015 mane
1071 960 1177 1031 autem

146 1064 241 1136 lucto,
263 1069 336 1126 unte
351 1080 498 1124 auroram
514 1068 647 1144 utraque
661 1081 734 1142 pars
748 1081 783 1124 se
797 1062 838 1123 ed
852 1061 970 1125 bellum
985 1065 1176 1144 properauit.

145 1178 211 1241 dux
225 1193 304 1238 uero
318 1174 443 1256 Arpnd,
464 1174 552 1237 cuius
568 1174 692 1236 adiutor
707 1181 774 1237 erat
789 1174 935 1238 dominus
949 1175 1177 1248 omnium,.sr·

147 1288 206 1353 nis
218 1287 358 1359 indutus,
380 1286 525 1350 ordinate
539 1287 618 1359 acic,
640 1286 718 1351 lusis
732 1285 880 1370 lacrymis
895 1288 1058 1351 dominum
1074 1286 1179 1363 orons,

149 1417 223 1463 snos
241 1397 424 1465 contorum
446 1397 576 1472 milites,
603 1397 728 1463 dicens:
758 1398 954 1481 OScyllricil
984 1400 1039 1483 qui
1053 1419 1178 1481 persu-

154 1510 288 1594 psrlriem
303 1509 511 1593 Bulgsrorum
526 1531 545 1572 a
559 1518 663 1574 castro
674 1510 791 1594 Hungu
806 1512 910 1575 uocati
924 1512 999 1577 estis
1015 1513 1177 1596 Hungorii,

151 1623 243 1689 nolite
257 1622 401 1687 obliuisci
416 1630 546 1705 propter
560 1625 704 1687 timorem
716 1622 889 1687 Grecorum
906 1623 1026 1707 gladios
1042 1633 1177 1701 uestros,

145 1744 180 1799 et
193 1734 341 1799 mutuos
362 1743 502 1797 uestrum
522 1735 641 1798 bonum
661 1755 794 1808 nomen,
815 1736 900 1799 unde
921 1743 1049 1802 strenue
1065 1744 1098 1801 et
1111 1723 1177 1803 tos

145 1847 220 1909 liter
233 1866 411 1929 pugnemus
427 1853 536 1910 contro
550 1845 670 1909 Grecos
693 1853 726 1911 et
745 1844 913 1929 Bnlgoros,
934 1847 989 1929 qui
1003 1847 1177 1917 assimilan-

147 1966 198 2020 tor
211 1957 328 2019 nostris
349 1955 489 2029 leminis,
510 1965 542 2019 ot
561 1957 607 2019 sic
626 1957 791 2021 timeamus
813 1957 1047 2023 multitudinem
1061 1959 1178 2025 droco,-

144 2087 233 2142 rum,
253 2068 335 2131 sicut
358 2067 588 2130 multitudinem
608 2068 807 2131 seminarum.
833 2067 895 2130 hoc
916 2069 1041 2143 audito,
1062 2070 1177 2147 milites

144 2179 196 2244 sni
210 2178 344 2242 multum
358 2187 431 2242 sunt
442 2178 624 2254 confortati,
639 2182 807 2262 statimque
818 2179 896 2242 Lelu
909 2178 992 2243 filius
1005 2182 1089 2243 Tosu
1101 2181 1177 2255 roho

145 2293 280 2365 cecinit,
309 2298 342 2354 et
364 2290 483 2354 Bulsou
509 2290 592 2355 filius
612 2292 713 2375 Bogot
737 2293 863 2355 eleunto
884 2292 1000 2356 uexillo
1024 2292 1057 2355 in
1077 2293 1178 2375 prims

145 2405 213 2469 acic
240 2412 350 2468 contra
370 2403 487 2467 Grecos
512 2405 682 2487 pugnaturi
707 2404 816 2467 uenire
842 2412 1011 2485 ceperunt,
1038 2411 1070 2467 et
1093 2424 1178 2469 corn

144 2517 243 2581 mixte
264 2523 312 2578 est
333 2524 466 2597 utroque
488 2514 574 2578 acies
595 2513 733 2584 hostium
754 2513 795 2575 od
816 2512 952 2587 bellum,
973 2522 1006 2577 et
1025 2522 1180 2598 ceperunt

146 2647 289 2712 pugnare
308 2627 422 2690 acriter
437 2628 518 2690 inter
533 2647 584 2699 se,
606 2635 639 2689 et
654 2627 728 2689 dum
743 2633 827 2690 totus
841 2626 999 2691 exercitus
1016 2628 1106 2691 ducis
1119 2628 1177 2693 Ar-

146 2739 208 2822 pad
222 2739 428 2802 accessissent
446 2747 640 2820 pugnaturus
657 2746 767 2800 contra
781 2737 917 2812 Grecos,
939 2738 1064 2820 plurimi
1078 2739 1176 2803 inter·

145 2849 334 2914 ficiebantur
353 2832 517 2913 deGrecis
538 2860 570 2913 et
588 2849 743 2932 Bulgaris.
769 2850 933 2914 Predictus
948 2871 1025 2914 uero
1041 2852 1104 2914 dux
1119 2851 1175 2914 So-

146 2961 236 3025 lsnus
251 2962 325 3024 dum
343 2961 475 3025 uidisset
492 2981 565 3024 snos
580 2961 718 3026 delicere
740 2962 772 3024 in
787 2962 887 3036 bello,
908 2961 983 3046 lugo
997 2962 1104 3047 lapsus
1118 2971 1176 3039 est,

149 3082 181 3137 et
200 3091 259 3156 pro
281 3072 381 3137 salute
398 3073 461 3135 uite
476 3071 585 3136 Albam
600 3073 744 3156 Bnlgaric
767 3075 960 3156 properauit.
990 3074 1082 3137 Greci
1098 3094 1175 3149 uero

149 3195 181 3250 et
193 3183 320 3267 Bulgari
341 3184 453 3247 timore
466 3184 690 3269 Hungarorom
712 3184 855 3267 percussi
871 3185 954 3249 uiam
969 3205 1065 3269 quam
1077 3204 1177 3249 nens·

149 3305 219 3360 nnt
231 3296 383 3359 obliuioni
398 3296 613 3370 tradiderunt,
635 3296 710 3380 lugo
724 3296 803 3378 lapsi
817 3316 876 3379 pro
890 3296 990 3359 salute
1006 3295 1071 3359 uite
1084 3295 1176 3363 This-

151 3408 230 3474 sian
250 3428 308 3491 pro
331 3428 431 3490 paruo
451 3408 548 3493 llnuio
571 3417 772 3491 reputantes,
801 3415 996 3473 transnatare
1019 3407 1177 3475 nolebant.

151 3521 208 3587 reo
221 3521 298 3604 quia
312 3520 383 3587 telis
398 3522 491 3585 timor
505 3530 537 3585 et
551 3530 652 3584 terror
666 3522 801 3585 irruerat
820 3539 917 3602 super
931 3539 1005 3593 eos,
1033 3527 1069 3583 ut
1078 3539 1177 3604 ,prop-

151 3642 199 3697 ter
220 3634 368 3703 timorem
392 3633 614 3716 llungarorum
643 3633 711 3698 lere
735 3651 845 3696 omnes
872 3632 907 3694 in
928 3631 1026 3696 lluuio
1052 3631 1176 3705 Thiscie

151 3746 268 3809 mortui
287 3752 377 3818 sunt,
398 3743 443 3807 itu
456 3745 541 3828 quod
563 3743 659 3827 aliqui
681 3744 735 3806 uix
753 3751 989 3819 remanserunt,
1009 3727 1063 3827 qui
1076 3743 1177 3826 impc-

149 3857 249 3921 ratori
262 3876 374 3921 eorum
389 3855 471 3920 mulo
484 3856 593 3920 solutis
611 3856 807 3919 nunciarent
829 3855 912 3920 uude
930 3856 1018 3921 locus
1032 3853 1103 3929 ille,
1124 3854 1178 3931 nbi

150 3968 243 4035 (neci
257 3970 372 4034 mortui
386 3969 531 4046 inerunt,
552 3989 572 4035 e
586 3967 704 4033 dioillo
720 3989 821 4052 usquc
835 3987 919 4034 nunc
933 3967 1046 4033 Portus
1057 3965 1176 4039 Greco-

148 4103 224 4149 rum
239 4091 451 4167 nnncunutor.
