2798 4764
366 323 504 369 annuum
525 322 625 368 cusas
648 322 855 368 annoaaonou
886 301 963 388 (38).
1140 305 1160 366 3

154 492 235 549 ruat.
256 481 467 563 alienamque
484 478 535 543 die
550 480 652 541 Zuard
667 478 788 541 Cadusa
809 489 840 543 et
853 479 944 541 Heba
965 487 1085 544 mmata
1100 478 1179 541 mul-

152 593 284 659 titudiue
306 592 498 654 exercituum
513 598 663 672 ceperunt
683 589 805 653 fortiter
820 610 1000 673 expugnare
1021 590 1179 655 ciuitatem

153 705 283 768 Nitriam
297 702 401 765 multis
416 701 528 774 modis,
550 713 581 764 et
594 701 682 764 dedit
696 702 741 763 eis
758 701 902 764 dominus
917 702 1078 764 uictoriam
1094 722 1179 787 mag-

151 837 242 889 nam,
264 826 294 879 el
314 822 489 897 pugnantes
509 814 705 877 intrauerunt
724 834 811 887 eam,
832 822 863 876 et
884 813 971 877 susos
986 824 1033 877 est
1050 835 1108 895 per
1122 834 1177 877 eos

151 929 194 992 ibi
209 926 336 1010 sanguis
350 925 518 988 multorum
533 927 795 988 aduersariorum.
828 937 902 989 tunc
917 926 1078 989 iracundia
1093 927 1178 991 ducti

151 1039 324 1102 Zuburium
339 1038 451 1099 ducem
466 1036 547 1098 illius
562 1037 740 1119 provincie,
755 1058 849 1121 quem
865 1037 982 1099 nudius
997 1037 1113 1099 tercius
1128 1057 1180 1101 ce·

151 1161 275 1236 perant,
296 1169 392 1233 supra
406 1158 545 1213 montem
560 1149 721 1213 excelsum
736 1149 897 1222 ducentes,
918 1149 1035 1233 laqueo
1050 1169 1181 1231 suspeu-

155 1266 288 1337 derunt,
309 1264 395 1325 unde
410 1282 499 1324 mons
514 1261 584 1335 ille,
606 1262 689 1323 adie
704 1261 757 1323 illo
773 1282 873 1344 usque
889 1283 990 1337 nunc,
1017 1281 1106 1324 mons
1121 1264 1182 1325 Zu-

154 1380 213 1440 bur
226 1384 435 1458 nuncupatur.
458 1384 489 1438 et
504 1383 634 1457 propter
647 1374 708 1437 hoc
723 1374 840 1437 lactum
856 1376 1027 1438 timuerunt
1041 1395 1096 1438 eos
1112 1397 1180 1438 om·

162 1509 216 1551 nes
231 1487 374 1549 bomines
396 1485 478 1548 illius
500 1485 618 1567 patrie,
639 1494 670 1548 et
685 1505 793 1547 omues
816 1484 936 1548 nobiles
956 1483 1037 1553 lilios
1058 1485 1179 1548 suosin

160 1599 281 1662 obsides
305 1600 350 1660 eis
372 1599 547 1670 dederunt,
578 1606 610 1659 et
631 1617 740 1660 omnes
764 1599 913 1660 naciones
934 1596 1017 1659 illius
1039 1606 1122 1660 terre
1144 1618 1179 1663 se

154 1711 401 1793 subiugaueruut
421 1709 479 1771 sibi
500 1710 653 1793 usquead
668 1709 901 1794 lluuiumWag.
938 1719 969 1772 et
983 1710 1056 1794 quia
1072 1710 1178 1793 gracia

155 1823 205 1884 dei
222 1820 430 1883 antecedebat
446 1839 510 1893 eos,
533 1839 596 1882 non
610 1819 807 1885 solummodo
821 1822 905 1904 ipsos
921 1822 1179 1905 subiugauerunt,

154 1954 266 1997 uerum
281 1933 382 1995 eciam
403 1933 508 1994 omnia
523 1940 624 1994 castra
647 1952 757 1996 eorum
782 1940 952 2015 ceperunt,
974 1955 1108 2017 qnorum
1123 1955 1180 1997 no·

154 2046 239 2107 mina
255 2043 316 2107 hec
336 2050 408 2106 sunt
425 2064 524 2125 usque
541 2044 653 2106 modo:
677 2044 829 2128 Stnmtep
852 2045 1021 2129 Colgoucy,
1043 2048 1178 2123 Trusun‚

154 2158 294 2220 blundus
319 2165 350 2219 et
364 2156 458 2217 Baua.
488 2165 520 2218 et
539 2157 690 2221 ordinatis
713 2157 896 2220 custodibus
917 2169 1091 2221 castrorum
1111 2159 1179 2222 iue-

153 2276 228 2333 runt
243 2288 345 2351 usque
361 2265 400 2329 ad
414 2267 544 2330 llutrium
559 2269 707 2342 Meroua,
729 2278 760 2331 et
773 2267 904 2330 firmatis
919 2269 1087 2331 obstaculis
1104 2289 1179 2332 con·

152 2381 319 2444 stituerunt
334 2377 485 2442 terminos
501 2380 588 2461 regni
604 2378 824 2461 Huugarorum
846 2398 948 2459 usqne
966 2379 1005 2440 ad
1019 2379 1177 2443 Boronam

155 2500 188 2555 et
209 2511 310 2572 usque
334 2491 374 2552 ad
388 2490 536 2552 Saruuar.
569 2498 600 2551 et
621 2490 735 2571 adepta
757 2489 889 2551 uictoria
903 2490 1024 2552 reuersi
1046 2499 1118 2553 sunt
1140 2490 1181 2555 ad

157 2603 268 2665 ducem
284 2602 406 2684 Arpad,
429 2611 460 2664 et
475 2621 584 2663 omnes
599 2599 742 2663 infideles
756 2598 837 2663 illios
853 2611 949 2676 terre,
971 2601 1081 2665 ferreis
1097 2609 1182 2667 cate·

156 2717 204 2777 uis
225 2715 337 2797 ligatos
360 2733 467 2775 secum
489 2714 655 2776 duxerunt.
693 2712 833 2795 Cumque
856 2712 958 2776 Zoard
979 2714 1101 2778 Cadusa
1120 2736 1180 2780 nec

156 2847 220 2889 non
234 2826 327 2889 lluba
349 2826 389 2888 ad
404 2827 516 2887 ducem
531 2827 637 2907 Arpad
652 2845 722 2888 cum
739 2826 883 2888 omnibus
898 2826 1030 2909 captiuis
1045 2829 1109 2890 sois
1125 2850 1181 2891 ue·

157 2940 277 3003 nissent
292 2938 361 3001 sani
377 2947 408 3000 et
424 2938 608 3011 incolumes,
630 2938 745 3001 luctum
761 2948 809 3001 est
823 2940 971 3023 gaudium
987 2960 1134 3023 magnum
1148 2941 1181 3004 in

158 3051 245 3114 curia
261 3050 359 3112 ducis.
380 3050 443 3112 dux
459 3051 563 3132 ,lrpad
585 3050 716 3113 consilio
732 3061 762 3115 et
776 3052 933 3135 peticione
947 3072 1076 3115 suorum
1091 3053 1180 3115 nobi·

156 3163 249 3235 lium,
277 3162 422 3234 donauit,
452 3172 582 3244 accepto
607 3163 783 3226 iuramento
807 3162 993 3239 infidelium,
1023 3173 1122 3228 terras
1147 3166 1180 3229 in

158 3274 291 3337 diuersis
306 3271 383 3335 locis
398 3273 546 3357 predictis
562 3272 739 3337 infidelibus
752 3275 790 3337 de
805 3276 945 3358 partibus
956 3276 1052 3338 Nitrie
1068 3276 1180 3352 ductis,

158 3393 192 3450 ut
216 3407 254 3449 ne
279 3386 448 3468 aliquando
472 3385 664 3450 infideliores
688 3387 778 3461 sacti,
804 3387 1007 3469 repatriando
1028 3394 1181 3451 nocerent

158 3499 215 3561 sibl
228 3498 374 3562 fidelibus
399 3499 429 3559 in
447 3498 582 3560 confinio
599 3499 694 3561 Nitrie
715 3499 936 3562 habitantibus.
965 3507 995 3560 et
1016 3499 1047 3561 iu
1066 3499 1179 3565 eodem

158 3610 272 3692 gaudio
298 3610 361 3671 dux
386 3609 489 3691 Arpad
516 3609 641 3671 llobam
670 3608 744 3671 lecit
766 3609 912 3672 comitem
936 3610 1124 3675 Nitriensem
1148 3620 1180 3677 et

156 3722 288 3785 aliorum
304 3728 495 3794 castrorum,
518 3731 549 3784 et
564 3722 649 3784 dedit
664 3722 692 3784 ei
707 3730 821 3785 terram
834 3724 1001 3807 ¹propriam
1021 3726 1105 3789 iuxta
1120 3726 1178 3790 llu-

156 3834 243 3897 uium
258 3834 395 3916 Sytuua,
416 3854 516 3916 usque
532 3834 571 3897 ad
586 3834 698 3897 siluam
712 3836 842 3901 Tursoc.

239 4055 306 4141 (38)
326 4058 372 4121 Dr
385 4062 514 4122 macco
529 4058 688 4125 Grecorom
702 4072 727 4125 et
740 4062 949 4143 Bolporerom.
975 4064 1098 4129 interea
1113 4063 1177 4128 dux

154 4170 298 4253 snmus,
312 4172 388 4243 dum
397 4170 600 4241 intellexisset
612 4176 791 4263 potenciam
805 4184 838 4243 ct
851 4176 934 4242 lacto
945 4176 1179 4265 burgarorum,

909 4274 929 4353 θ
