2798 4764
229 327 291 394 bdd
378 336 638 393 murenam
659 341 794 390 resonos
815 341 971 389 nonensis.
1013 316 1105 390 tm.

312 498 361 581 tls)
383 498 552 563 statuimus
568 498 654 582 quod
675 497 761 561 nulla
775 517 912 580 persona
926 494 1140 560 ecclesiastica
1157 495 1189 558 iu
1204 494 1262 557 do·

230 613 333 676 mibus
354 610 423 675 siue
443 611 536 673 curiis
555 611 717 693 inquibus
739 610 879 673 habitant
900 609 1061 672 tabernam
1084 607 1138 669 ubi
1149 607 1261 672 uinum

231 721 405 786 minutatim
425 722 589 795 uendatur,
615 721 665 783 uel
686 720 739 782 ubi
762 721 858 793 uites,
881 721 985 791 leues,
1007 738 1063 781 seu
1082 724 1262 800 suspeotnte

230 832 427 913 hospitentur
447 841 501 894 arrt
521 842 750 895 conuersentur
770 850 903 913 persone
926 830 1055 902 habere,
1076 837 1186 893 tenere
1210 825 1263 890 uel

232 943 388 1008 sustinere
401 946 573 1026 presumat,
586 943 713 1026 quodsi
726 943 796 1026 uuis
812 943 844 1005 in
860 943 910 1005 lris
926 942 1108 1015 excesserit,
1124 950 1156 1005 et
1169 959 1188 1003 a
1203 960 1261 1004 suo

230 1055 394 1136 superiore
417 1054 553 1118 monitus
580 1073 643 1117 non
664 1052 883 1117 emendauerit
909 1052 992 1116 intrn
1012 1053 1181 1117 terminum
1202 1052 1263 1115 sibi

232 1167 385 1240 dandum,
406 1185 446 1229 ex
466 1176 540 1229 tunc
558 1185 658 1249 usque
679 1167 719 1231 ad
740 1167 999 1229 emendacionem
1018 1165 1206 1246 condignam
1222 1164 1262 1227 ab

231 1279 376 1361 ingressu
391 1277 525 1343 ecclesie
540 1278 734 1343 excludatur.

316 1388 361 1471 (5)
381 1390 552 1454 statuimus
566 1389 685 1465 eciam,
705 1397 736 1453 et
750 1389 972 1455 inuiolabiliter
982 1388 1146 1452 obseruari
1160 1387 1263 1470 preci·

231 1501 344 1586 pimus,
372 1501 459 1583 quod
479 1484 643 1565 omnes'et
663 1501 799 1585 singoli,
819 1503 859 1565 de
880 1499 1036 1582 aliquibus
1057 1497 1262 1581 religionibus

232 1614 301 1678 siue
315 1613 476 1676 ordinibus
490 1614 530 1676 ad
546 1611 754 1697 pontificalem
770 1611 952 1695 dignitatem
967 1611 1139 1694 assumpti,
1160 1620 1214 1674 ant
1228 1611 1263 1673 iu

232 1733 392 1807 posterum
421 1725 651 1797 assummendi,
682 1723 764 1787 illius
792 1722 954 1807 religionis
985 1723 1053 1787 siue
1079 1723 1199 1786 ordinis
1222 1722 1263 1786 de

233 1853 315 1917 qun,
342 1835 394 1897 uel
415 1834 456 1897 dc
479 1854 544 1916 quo
565 1835 717 1915 assumpti
739 1833 856 1897 luerint
878 1834 929 1897 uel
953 1835 993 1897 de
1017 1841 1124 1897 cetero
1142 1852 1265 1897 assum·

233 1953 365 2018 mentor,
385 1945 525 2008 habitum
546 1952 610 2009 tum
631 1944 664 2007 in
683 1946 835 2020 uestibus,
862 1965 957 2028 quam
979 1945 1010 2009 in
1032 1944 1262 2019 calceamentis,

233 2057 517 2141 etquibuscunque
536 2054 604 2120 aliis
626 2065 691 2121 toto
711 2066 854 2139 tempore
876 2058 941 2123 uite
956 2078 1013 2120 sue
1028 2057 1153 2120 deterre
1174 2067 1265 2121 tene-

233 2176 373 2233 saturet
387 2166 531 2231 deterant
551 2167 583 2230 iu
608 2168 732 2250 publico
746 2177 778 2233 et
791 2179 927 2243 secreto,
947 2190 1007 2233 nec
1019 2170 1160 2232 habitum
1173 2169 1263 2233 illnm

233 2291 376 2364 tempore
392 2279 457 2343 ullo
470 2279 644 2355 dimittunt,
667 2289 721 2344 aut
734 2290 849 2355 uestes,
871 2280 1072 2355 retrimenta,
1094 2280 1145 2343 uel
1158 2278 1265 2364 aliqua

233 2393 293 2457 alia
310 2392 470 2466 deterant,
491 2392 523 2455 in
544 2392 668 2467 colore,
689 2394 790 2455 formo
812 2411 871 2455 seu
893 2391 1022 2455 matoria
1035 2393 1191 2457 contraria
1210 2389 1265 2457 nel

233 2501 396 2567 dissimilia
410 2502 554 2584 religioni
574 2524 630 2567 seu
646 2503 749 2567 ordini
764 2503 963 2586 supradictis.
993 2506 1046 2586 qui
1063 2523 1140 2567 uero
1155 2512 1265 2567 contra

232 2614 412 2677 huiusmodi
433 2616 586 2677 sancitum
604 2624 636 2677 et
650 2614 795 2697 regulare
809 2623 958 2678 statutum
975 2616 1083 2677 uenire
1099 2635 1266 2697 presump-

232 2727 345 2797 serint,
376 2725 550 2805 ingressum
576 2726 711 2789 ecclesie
735 2737 767 2790 et
790 2728 1013 2790 excensionem
1039 2725 1264 2810 pontificalium

232 2835 291 2898 sibi
315 2834 463 2898 nouerirrt
487 2836 659 2898 interdicto.
689 2858 746 2918 per
771 2838 852 2899 hanc
874 2849 977 2901 tamen
1004 2839 1265 2901 constitucionem

233 2964 296 3008 non
317 2946 532 3008 interdicimus
555 2966 675 3022 ocreas,
699 2968 758 3011 nec
782 2969 896 3032 cappas
921 2951 1081 3023 rotundas,
1103 2960 1157 3014 aut
1175 2971 1265 3012 man·

233 3059 324 3122 tellos
346 3067 418 3121 ante
438 3067 556 3140 pectus,
578 3059 629 3122 uel
650 3069 722 3142 post
736 3060 850 3122 collum
872 3080 1043 3135 connexos,
1064 3061 1095 3124 in
1111 3061 1219 3124 colore
1233 3070 1266 3124 ot

234 3168 302 3234 eliis
315 3169 380 3233 suis
394 3169 600 3253 religionibus
615 3191 672 3234 seu
687 3170 850 3235 ordinibus
865 3182 1087 3254 congruentes.

316 3280 360 3364 (6)
382 3284 538 3365 Perpetuo
553 3282 755 3364 probibemus
775 3285 877 3349 edicto
898 3305 938 3348 ne
960 3285 1070 3367 prelati
1088 3286 1186 3349 etalii
1201 3284 1267 3350 olc-

233 3393 288 3459 rioi
311 3394 525 3478 cuiuscunque
549 3394 612 3457 sint
632 3395 768 3469 ordinis,
789 3395 948 3479 dignitatis
969 3405 1022 3459 aut
1043 3405 1158 3470 status,
1179 3397 1265 3460 sedi-

231 3505 382 3578 cionibus,
403 3505 520 3586 preliis,
541 3505 659 3586 spoliis,
680 3505 816 3589 rapinis,
837 3507 1006 3581 incendiis,
1031 3516 1063 3571 et
1085 3508 1153 3571 aliis
1179 3509 1266 3573 acuis

231 3616 321 3679 iactis
344 3636 378 3678 se
401 3616 599 3698 aliquatenus
623 3616 801 3681 immiscere
828 3627 1019 3699 presumant.
1054 3639 1114 3683 nec
1144 3620 1264 3684 bellicis

231 3730 350 3791 actibus
368 3748 403 3789 se
424 3728 584 3809 implicent
598 3729 650 3791 uel
671 3731 850 3805 inuoluunt,
874 3732 932 3795 nisi
948 3732 1027 3794 torte
1042 3752 1100 3815 pro
1115 3732 1267 3796 ecclesia·

230 3858 300 3902 rum
322 3857 448 3903 suarum
469 3848 501 3903 et
526 3842 625 3922 patrie
646 3842 847 3918 defensione,
876 3863 940 3906 non
955 3845 995 3907 ad
1015 3844 1266 3928 impugnandum

231 3951 283 4015 uel
305 3950 567 4032 propulsandum,
596 3955 654 4017 sed
676 3956 716 4018 ad
739 3956 955 4019 detonsionem
978 3966 1098 4021 tantu
1111 3957 1138 4020 si
1154 3977 1268 4023 neces·

231 4063 307 4129 sitas
326 4083 382 4126 eos
404 4063 586 4146 compellat,
607 4074 638 4129 et
657 4075 731 4131 tuno
752 4068 784 4131 in
801 4067 934 4150 propriis
949 4070 1094 4150 personis
1108 4089 1171 4134 non
1187 4089 1269 4157 pug-

232 4183 318 4243 nent.
