2798 4764
215 310 275 401 ihi
305 330 452 399 nitrum
463 342 606 397 narseum
617 348 692 397 rrrr
706 346 731 397 s.
743 346 897 397 ormnem
908 348 1000 396 naon
1014 322 1173 415 (lh-lt).

213 506 306 573 traxit
319 506 498 590 suspirium.
527 506 638 570 cidens
659 506 742 570 enim
759 525 794 569 se
808 504 927 580 solum,
948 504 1016 568 siue
1038 524 1094 587 spe
1109 505 1244 586 posteri·

213 618 286 683 tatis
302 617 502 693 derelictum,
524 618 649 700 pietatis
664 618 778 680 ellectu
792 616 902 680 doluit.
931 616 1036 680 sciens
1050 636 1129 679 uero
1144 617 1244 699 scrip-

214 738 295 795 tum:
317 749 382 793 non
402 738 451 793 est
471 730 647 812 sapiencia,
667 748 732 792 non
751 736 800 791 est
818 728 1007 810 prudencia,
1027 748 1092 792 non
1107 739 1156 794 est
1170 748 1245 791 con-

213 840 317 906 silium
339 849 449 906 contra
471 841 630 905 dominum
652 848 683 904 et
704 838 781 903 iilud
802 839 834 901 in
857 841 1054 903 canonibus:
1085 841 1245 904 neminem

213 963 344 1039 propter
358 954 477 1019 obitum
493 970 638 1016 carorum
652 951 782 1014 nimium
800 951 915 1015 debere
932 953 1125 1027 contristari,
1146 954 1245 1036 depo-

213 1066 273 1130 sito
296 1085 437 1140 merore,
466 1083 500 1127 se
521 1070 620 1127 totum
641 1062 770 1126 contulit
791 1062 831 1126 ad
853 1062 1045 1145 querendam
1067 1063 1244 1147 largitatem

213 1175 429 1241 misericordie
445 1174 567 1248 diuine,
589 1171 795 1236 cenobiorum
811 1180 842 1236 et
856 1174 1061 1238 ecclesiarum
1075 1175 1244 1250 ministros,

213 1288 386 1353 monachos
401 1296 432 1351 et
447 1284 591 1360 clericos,
611 1284 746 1373 diuersis
765 1284 1009 1348 elemosinarum
1024 1287 1115 1349 donis
1130 1306 1245 1350 conso·

213 1400 311 1476 latur,
333 1418 488 1482 expensas
508 1398 609 1461 tocius
631 1406 791 1481 sumptus,
812 1418 907 1480 quem
923 1397 962 1460 od
977 1418 1110 1481 presens
1124 1398 1243 1462 hahere

212 1518 353 1596 poterat,
375 1509 565 1594 peregrinis,
587 1508 690 1572 uiduis
711 1516 743 1573 et
762 1508 912 1592 orphanis
933 1511 1086 1593 erogauit.
1121 1518 1244 1574 extera·

212 1643 284 1686 rum
309 1623 408 1686 eciam
432 1622 622 1685 monasteria
649 1621 884 1703 prouinciarum
912 1620 1131 1687 munificencie
1155 1622 1244 1705 regie

215 1732 306 1797 donis
320 1733 503 1808 innumeris,
525 1753 584 1816 per
598 1732 730 1795 nuncios
745 1742 818 1796 suos
834 1752 910 1815 sepe
925 1732 1072 1796 uisitauit.

295 1931 362 2039 Ι(19)
389 1956 600 2021 Grauediuem
627 1977 762 2033 morum,
790 1978 885 2040 quam
910 1958 942 2020 in
966 1956 1130 2022 iuuentute
1155 1976 1244 2022 rece·

214 2077 320 2155 perat,
341 2091 441 2152 usque
466 2070 505 2132 ad
524 2068 620 2132 hnem
643 2070 705 2134 uite
726 2071 841 2144 tenuit,
862 2071 916 2133 uix
930 2090 1070 2153 uuquam
1092 2070 1132 2133 ad
1147 2070 1244 2133 risum

212 2182 295 2247 labia
321 2182 434 2257 mouit,
455 2181 600 2246 recolens
623 2183 792 2266 scriptum,
814 2183 894 2248 risus
920 2180 1029 2247 dolore
1054 2182 1244 2258 miscebitur,

213 2302 245 2360 et
268 2301 408 2358 extreme
430 2291 536 2379 qoudii
558 2292 660 2357 luctus
684 2301 835 2377 occupat:
865 2313 992 2376 semper
1011 2294 1057 2357 sic
1078 2312 1245 2377 apparens,

213 2424 251 2469 no
265 2407 291 2469 si
307 2413 380 2471 ante
395 2405 529 2469 tribunal
545 2404 659 2469 Christi
678 2412 790 2481 staret,
812 2405 1028 2469 intentioribus
1043 2406 1156 2481 oculis,
1178 2405 1244 2469 eius

212 2519 428 2601 presenciam,
449 2519 538 2582 uultu
559 2518 703 2582 uerendo
723 2518 929 2601 conspiciens,
951 2517 1110 2582 Christum
1131 2518 1163 2580 in
1178 2538 1244 2593 ore,

213 2626 372 2691 Christum
396 2630 426 2690 in
442 2631 554 2703 corde,
576 2628 734 2692 Christum
755 2629 787 2691 in
801 2628 919 2693 cunctis
934 2630 1056 2692 actibus
1070 2650 1104 2694 se
1119 2639 1243 2712 gesture

212 2739 449 2802 demonstrauit.
483 2741 566 2802 diem
594 2740 736 2803 ultimum
759 2761 885 2823 semper
905 2749 979 2804 ante
1005 2738 1113 2803 oculos
1137 2740 1241 2803 cordis

211 2856 370 2923 statuens,
391 2857 456 2913 toto
477 2850 590 2913 mentis
614 2850 789 2925 desiderio,
811 2851 873 2915 iam
893 2852 975 2915 inter
995 2850 1095 2934 patrie
1116 2850 1242 2914 celestis

211 2958 308 3034 ciues,
329 2958 418 3041 quasi
434 2960 571 3042 quodam
586 2960 729 3043 angelice
743 2962 996 3027 conuersacionis
1011 2962 1120 3027 habitu
1134 2962 1243 3045 cupie-

210 3070 265 3135 bat
287 3070 440 3135 habitare.
468 3072 587 3135 cunctis
610 3074 670 3136 deo
692 3072 876 3154 placitarum
901 3074 1051 3138 uirtutum
1073 3074 1242 3159 generibus

211 3180 392 3257 adornatus,
414 3182 445 3246 in
460 3184 621 3247 sanctitate
636 3193 668 3247 et
681 3183 821 3259 iusticia,
843 3203 949 3250 coram
964 3186 1033 3269 ipso
1049 3186 1162 3250 diebus
1177 3186 1241 3249 uite

211 3314 269 3359 sue
285 3294 467 3359 conuersari
483 3295 638 3371 decreuit,
658 3306 694 3360 ut
707 3296 738 3359 in
754 3317 793 3361 eo
808 3295 887 3372 iem,
909 3318 968 3362 ceu
984 3298 1121 3383 quedam
1135 3296 1240 3359 iuture

211 3402 452 3489 glorificacionis
466 3407 588 3488 species
603 3407 776 3472 clarescere
792 3409 966 3474 uideretur.

293 3626 358 3709 (20)
379 3628 453 3692 Post
467 3650 530 3693 non
545 3631 675 3695 multum
690 3633 840 3716 temporis
852 3630 1086 3717 egrotacionem
1100 3627 1240 3701 incurrit,

210 3756 273 3823 qua
293 3740 492 3823 postmodum
508 3762 640 3826 corpore
662 3741 930 3827 excessit,·longs
947 3761 1083 3825 namque
1107 3742 1239 3822 lanquo-

208 3850 252 3915 ris
267 3851 410 3917 molestia
424 3854 680 3939 ingrauescente,
707 3856 741 3918 in
755 3854 888 3937 pedibus
902 3863 987 3917 staro
1002 3852 1160 3935 nequibat.
1192 3853 1239 3915 vi-

209 3961 319 4028 dentes
341 3975 445 4029 autem
468 3974 603 4049 quatuor
624 3966 833 4047 palatinorum
853 3962 1038 4026 nobilissimi
1061 3963 1114 4026 diu
1134 3965 1239 4048 graui-

207 4082 320 4160 terque
341 4078 554 4151 laborantem,
574 4096 647 4139 nam
669 4075 731 4158 ipsi
753 4074 856 4140 adhuc
874 4075 907 4138 iu
922 4074 1055 4159 perfidis
1069 4078 1174 4141 cordis
1188 4099 1240 4143 er·

207 4188 335 4263 rabam,
358 4186 524 4253 comitium
543 4186 716 4273 iniquitatis
737 4190 910 4267 duxerunt,
936 4206 1148 4281 occasumque
1169 4191 1238 4259 eius
