2798 4764
82 395 85 405 ι
216 299 256 369 lt)
438 314 578 367 strom
596 314 699 365 ecura
718 293 930 364 nureuoauri
955 292 1014 382 (t).

212 475 328 540 multos
339 491 452 538 ceruos
466 474 499 536 in
512 473 618 555 fugam
629 471 733 546 uertit,
746 479 782 535 ut
796 473 870 535 dicit
880 471 1008 555 quidem
1022 467 1242 554 philosophus.

212 587 270 652 scd
284 587 333 650 his
348 587 470 650 omissis
485 586 589 648 dicam
603 585 711 659 nobis,
732 585 803 667 quis
818 585 902 648 enini
916 584 1020 666 putuit
1032 591 1143 646 contra
1157 590 1242 646 stare

213 699 363 763 militibus
373 699 523 783 Scythici
543 717 650 760 nonne
663 698 793 761 Darium
806 717 915 780 regem
925 697 1093 759 Persarum
1103 694 1242 778 Scythici

212 812 247 875 iu
259 810 365 893 fugam
380 812 625 873 conuerteruntt
654 816 686 871 et
699 810 744 870 sic
757 829 830 871 cum
844 808 957 871 timore
971 814 1004 870 et
1016 806 1153 869 maxima
1172 813 1241 869 tur·

212 924 355 1008 pitudine
379 922 471 1004 fugiit
493 923 527 985 in
548 923 670 994 Persas,
692 928 724 982 et
744 921 882 1002 perdidit
900 920 944 981 ibi
963 918 1128 1002 octogurta·
1144 917 1246 980 millis

212 1034 385 1099 hominum.
408 1043 463 1099 aut
476 1053 582 1096 nonne
593 1033 709 1115 Cyrum
723 1052 831 1116 regem
842 1033 1009 1095 Persarum
1021 1031 1158 1113 Scythici
1168 1048 1243 1093 cum

211 1147 363 1210 trecentis
374 1146 502 1228 triginta
516 1144 652 1208 millibus
665 1144 828 1207 hominum
843 1144 1050 1206 exciderunt?
1065 1151 1121 1206 aut
1132 1160 1239 1205 nonne

212 1276 362 1340 magnum
375 1255 588 1320 Alexandrum
602 1254 701 1318 tilium
716 1254 850 1337 Philippi
866 1255 950 1338 regis
965 1261 997 1317 et
1010 1255 1120 1337 regine
1134 1252 1243 1337 Olym-

211 1367 325 1452 piadis,
339 1369 394 1451 qui
407 1367 505 1433 multa
520 1386 618 1450 regna
631 1368 802 1450 pugnando
818 1368 878 1430 sibi
891 1367 1124 1448 subrigaverat,
1137 1367 1245 1448 ipsum·

214 1482 313 1545 eciam
329 1480 465 1562 Scythici
480 1480 613 1562 turpiter
627 1479 838 1560 ingruerunt?
863 1479 949 1543 unde
963 1477 1093 1542 strenue
1107 1487 1140 1541 et
1153 1477 1244 1541 forti-

206 1598 262 1654 ter
274 1609 453 1672 pugnemus
468 1597 579 1652 contra
592 1608 658 1662 eos,
677 1590 731 1671 qui
746 1589 957 1652 assimilantur
970 1590 1086 1653 nostris
1101 1589 1243 1664 mnibus,

215 1708 248 1765 ct
258 1702 304 1764 sio
321 1701 553 1764 multitudinem
568 1721 679 1764 eorum
694 1702 869 1775 timeamus,
890 1709 927 1765 nt
941 1721 1122 1765 muscarum
1137 1701 1241 1764 multi-

213 1814 365 1877 tudinem.
396 1813 457 1876 hoc
480 1814 643 1877 audientes
664 1812 779 1877 milites
798 1813 880 1876 Almi
903 1815 993 1878 ducis
1013 1814 1147 1879 multum
1169 1820 1245 1876 sunt

213 1923 400 1998 coniortati,
420 1925 588 2005 statimque
602 1934 776 1989 sonuerunt
790 1925 880 1988 tubus
902 1923 1032 1989 bellicas
1052 1946 1113 2009 per
1126 1933 1243 2008 partes,

215 2044 249 2101 ct
260 2037 419 2100 conmixta
440 2046 488 2100 est
506 2045 641 2120 utraque
657 2038 740 2101 acies
754 2038 909 2113 hostium,
929 2048 1148 2121 ceperuntque
1162 2054 1244 2121 pug-

215 2166 292 2211 nare
306 2148 420 2211 acriter
434 2149 516 2213 inter
528 2169 583 2222 se,
604 2157 636 2212 et
649 2149 920 2214 interficiebantur
932 2150 1057 2233 plurimi
1073 2150 1114 2215 dc
1123 2151 1244 2212 ltutlre-

203 2259 262 2353 (iis
277 2268 309 2324 et
323 2260 482 2324 Cumanis.
503 2262 636 2344 predicti
647 2281 725 2325 uero
741 2264 839 2326 duces
853 2264 1070 2327 Ruthenorum
1088 2271 1120 2325 et
1130 2260 1245 2325 Cuma⁴

214 2393 328 2436 norum
337 2374 483 2438 uidentes
498 2394 573 2437 suos
588 2373 725 2439 deiicere
739 2375 770 2438 in
787 2373 881 2449 bello,
896 2376 928 2437 in
943 2375 1049 2458 furgum
1061 2373 1146 2437 uersi
1161 2379 1245 2446 sunt,

214 2493 248 2549 et
260 2504 319 2567 pro
334 2488 434 2550 salute
448 2487 512 2551 uite
527 2496 745 2570 properantes,
765 2488 798 2549 in
815 2488 976 2562 ciuitatem
991 2488 1082 2570 Kyeu
1104 2487 1244 2550 intraue-

212 2604 297 2659 runt.
323 2598 431 2660 Almus
453 2598 518 2659 dux
532 2606 564 2660 et
584 2598 632 2659 sui
654 2598 767 2661 milites
781 2606 1011 2680 persequentes
1026 2599 1190 2676 Ruthenos
1211 2602 1245 2659 et

214 2704 373 2768 Cumanos
386 2726 488 2788 usque
502 2708 542 2768 ad
557 2706 718 2770 ciuitatem
731 2709 840 2788 Kyeu,
862 2713 895 2769 et
909 2715 1000 2769 tonsa
1015 2708 1118 2787 capitu
1130 2708 1244 2769 θωπι-

214 2835 328 2879 norum
341 2814 424 2878 almi
442 2816 532 2879 ducis
552 2815 666 2879 milites
685 2817 866 2880 mirumne
885 2826 1035 2899 tunquam
1052 2818 1167 2881 crudas
1187 2836 1246 2881 cn·

214 2928 363 2993 curbitus.
390 2929 488 2990 duces
509 2927 726 2990 ltutlrenorum
746 2936 778 2991 et
792 2927 1005 2991 Cumanorum
1028 2930 1062 2992 in
1083 2930 1243 2993 ciuitatem

213 3039 361 3122 ingressi,
381 3037 527 3103 uidentes
544 3039 709 3103 audaciam
723 3039 960 3124 Scythicorum,
981 3043 1073 3125 quasi
1091 3043 1168 3106 muti
1191 3061 1243 3106 re·

215 3158 411 3215 manserunt.

230 3419 233 3423 -
256 3419 260 3423 -
297 3373 342 3459 (9)
374 3377 417 3440 ilc
435 3397 507 3460 pcce
524 3379 603 3442 ister
621 3379 720 3443 docem
741 3390 768 3444 et
788 3381 946 3445 Rutenos.
995 3367 1066 3445 ltux
1089 3400 1167 3446 uero
1190 3366 1244 3445 it·

216 3504 286 3552 mus
305 3495 338 3552 et
358 3489 405 3552 sui
427 3489 542 3554 milites
558 3491 673 3574 adepta
686 3494 819 3556 uictoria
839 3501 939 3558 terres
953 3495 1170 3558 ltntlrenorum
1184 3495 1242 3557 sibi

215 3597 481 3682 subiugarerunt,
513 3609 546 3667 et
573 3603 657 3666 bona
685 3607 1014 3704 eurum-accipientes
1041 3607 1074 3668 in
1102 3605 1243 3669 secunda

215 3707 417 3774 hebdomada
437 3713 597 3778 ciuitatem
615 3716 705 3797 Kyen
729 3724 882 3797 ceperunt
898 3735 1092 3798 expugnare.
1116 3725 1149 3778 et
1166 3717 1242 3778 dnm

215 3818 317 3885 scalas
337 3824 377 3886 ud
400 3844 526 3888 murum
550 3844 671 3908 ponere
693 3827 867 3907 cepissent,
896 3826 1041 3888 uidentes
1061 3824 1159 3888 duces
1180 3824 1242 3888 Cu·

215 3952 382 3999 manorum
411 3944 443 4001 et
463 3937 680 4001 ltuthenorum
708 3937 871 4000 audacium
892 3937 1123 4020 Scythicorum,
1148 3938 1243 4001 timn-

216 4054 309 4111 crunt
321 4045 424 4111 ualde.
446 4054 479 4112 et
491 4048 566 4111 dnm
585 4049 646 4111 hcc
664 4049 894 4113 intellexissent
912 4047 999 4133 quod
1020 4050 1066 4113 eis
1088 4049 1242 4116 obsistere

215 4174 282 4229 uon
295 4159 455 4239 ualerent,
474 4166 551 4227 tuac
563 4159 667 4227 miscis
680 4159 801 4251 togatis,
822 4160 886 4227 dux
900 4160 940 4227 dc
954 4161 1046 4251 Kysa
1066 4168 1100 4228 ct
1116 4160 1168 4228 clii
1183 4163 1244 4235 dc·
1305 4247 1312 4258 ,
