2798 4764
209 350 274 416 m
410 361 588 416 nsonsnn
607 365 733 414 muse
751 367 937 414 meusne
958 345 1036 431 (iol

210 522 343 589 isndere
370 525 591 598 adnectentes,
626 523 866 587 combusserunt
891 520 1042 584 suburbia
1070 527 1103 584 et
1117 519 1239 585 'desnos

208 633 340 719 Quone,
362 655 425 718 qne
440 634 536 699 mette
551 642 657 709 erent,
679 652 780 716 usqne
796 633 836 696 ed
851 632 972 715 palacio
986 630 1131 694 ciuitatis.
1159 650 1240 713 pnn-

209 766 268 810 noe
283 765 411 829 qnoque
433 754 466 810 et
484 752 590 809 uestes
604 746 846 808 combusserunt
866 745 899 807 in
922 743 1066 808 domibus
1087 741 1240 819 inlinitrse

208 858 434 920 interfecerunt
444 877 555 940 equos,
562 877 671 920 eornm
683 865 715 920 ct
728 863 892 938 argentum
902 855 942 918 nd
953 861 1071 919 terrem
1080 853 1241 929 rodense,

208 976 243 1032 et
253 967 408 1051 quidquid
430 967 504 1032 boni
522 968 700 1031 habuerunt
720 967 970 1030 absconderunt:
991 974 1024 1029 et
1037 975 1071 1028 nt
1085 984 1120 1029 se
1135 966 1168 1029 in
1183 986 1240 1048 pn-

207 1079 294 1143 lnciis
317 1080 542 1154 defenderent,
568 1079 601 1140 in
624 1081 736 1142 cedern
759 1099 794 1142 se
815 1086 1013 1160 receperunt.
1044 1079 1101 1142 scd
1116 1078 1242 1141 Tartari

208 1191 403 1274 prescientes
423 1191 510 1273 qood
526 1191 690 1253 combusta
711 1196 800 1253 crant
816 1189 939 1262 omnin,
959 1188 999 1252 de
1013 1188 1129 1272 qrribns
1142 1208 1176 1253 se
1193 1189 1240 1252 di-

210 1303 268 1366 teri
283 1303 469 1376 credebant,
484 1311 592 1365 contre
605 1322 664 1364 nos
679 1321 824 1384 magnam
839 1301 982 1364 succensi
997 1300 1030 1362 in
1044 1300 1141 1375 iren,
1154 1301 1240 1365 clen-

209 1412 315 1477 dcndo
329 1413 489 1476 ciuitatem
504 1433 573 1476 cum
595 1413 759 1495 phalangis
785 1412 895 1494 ligneis
910 1411 1013 1474 subito
1029 1412 1240 1487 circumcirca,

210 1523 364 1588 rs'nuttus
378 1524 546 1597 euaderet,
567 1523 643 1606 quin
664 1541 770 1604 peres
793 1521 888 1605 gladii
901 1523 1117 1605 pertrsnsiret.
1146 1541 1240 1606 cepe·

134 1608 139 1618 ·
210 1641 283 1699 ient
302 1634 502 1716 postmodnm
525 1633 645 1714 palacia
664 1654 860 1716 expugnare.
891 1634 1003 1716 quinus
1019 1633 1171 1698 uelociter
1184 1653 1239 1696 ex-

210 1745 365 1827 pugnetis,
386 1763 451 1806 non
471 1745 617 1808 credent
637 1764 750 1809 nerum
772 1742 883 1818 lntcnr,
904 1746 990 1827 qnod
1005 1743 1182 1827 quindecim
1198 1744 1238 1806 de

209 1863 275 1920 toln
289 1864 508 1919 remanserunt
522 1856 661 1931 ciuitate,
675 1855 730 1939 qni
744 1876 808 1919 non
822 1855 957 1920 inissent
971 1856 1130 1920 inminens
1144 1874 1240 1937 quern

210 1975 297 2031 extre
317 1986 427 2030 omnes
448 1966 595 2049 nequiter
614 1965 782 2031 interlecti.
810 1966 855 2030 ni
869 1967 1106 2032 inebrinnernnt
1120 1966 1240 2050 gladios

209 2096 284 2143 snos
303 2079 337 2140 in
358 2077 525 2170 sangnine,
547 2086 579 2140 et
598 2098 639 2142 ex
652 2076 776 2152 calore,
798 2098 892 2161 qoem
908 2085 1119 2162 conceperant
1131 2085 1242 2142 coena

209 2202 275 2263 eos,
295 2189 388 2252 uiuos
401 2189 551 2253 assabant
562 2188 708 2252 homines
722 2189 802 2252 sicut
815 2208 939 2271 porcos.

292 2409 358 2494 (iol
383 2413 535 2490 Qsomodo
548 2425 647 2494 ponec
664 2412 784 2475 Testari
806 2414 952 2476 mmo
969 2430 1044 2494 pass
1057 2414 1139 2475 ornei
1152 2412 1241 2476 lien·
1369 2391 1373 2396 V

207 2526 296 2606 peric
316 2525 358 2588 nd
376 2527 503 2605 proprie
527 2526 680 2587 redierint.
728 2522 863 2587 Domine
885 2531 989 2586 ensem
1010 2542 1142 2605 magne,
1163 2523 1242 2588 sien

207 2635 320 2699 melius
342 2639 488 2718 poterant
509 2644 635 2710 ornate,
663 2635 696 2701 in
711 2655 775 2698 nno
789 2633 909 2716 patacio
924 2655 959 2697 se
973 2633 1176 2716 collegerant.
1206 2642 1239 2696 et

209 2766 279 2809 curn
296 2745 365 2828 capi
380 2751 412 2809 et
425 2746 558 2811 interfici
573 2746 743 2821 deberent,
764 2747 804 2810 ed
819 2745 1017 2810 audiencienr
1031 2745 1136 2828 negti
1153 2745 1238 2828 prin·

209 2856 288 2938 cipis
303 2856 552 2939 appellauerunt.
580 2878 692 2922 omnes
705 2857 812 2940 iteqne
826 2867 899 2920 sont
913 2857 981 2921 lece
997 2865 1136 2922 trecente
1150 2863 1240 2921 extre

208 2967 367 3031 ciuitatem
392 2970 433 3031 nd
452 2969 626 3051 principem
646 2969 797 3043 eddncte,
817 2988 880 3051 qoe
902 2990 959 3051 pro
979 2989 1111 3033 monere
1132 2968 1240 3052 pecie·

207 3090 297 3155 runt,
314 3088 347 3144 ut
362 3101 416 3144 eas
430 3081 509 3156 nite,
527 3082 586 3145 snb
599 3100 658 3145 sno
673 3080 813 3143 dominio
828 3090 1043 3145 conserueret.
1064 3082 1118 3166 qni
1132 3083 1239 3154 iratus,

208 3212 264 3276 pro
286 3213 341 3267 eo,
364 3194 449 3276 qnod
470 3193 549 3257 nihil
570 3193 681 3256 lncrnti
702 3191 845 3266 luerent,
866 3193 1025 3275 precepit,
1045 3200 1081 3256 nt
1102 3191 1238 3273 receptis

207 3303 316 3386 spoliis
340 3325 466 3379 enrnm,
495 3303 596 3386 capite
622 3311 853 3379 truncarentur,
881 3306 969 3389 qnod
993 3287 1099 3368 subito
1121 3304 1238 3367 lectum

205 3410 281 3489 init,
306 3425 409 3478 cestro
431 3416 566 3479 cinitntis
591 3435 655 3480 non
678 3425 871 3500 expugneto,
900 3417 933 3480 in
956 3437 1021 3500 quo
1041 3423 1110 3480 cent
1130 3434 1238 3478 comes

207 3525 344 3609 Symeon
365 3528 541 3610 Hispanos,
562 3548 633 3592 cum
656 3528 760 3592 multis
783 3527 964 3603 enecone,
986 3529 1042 3612 qni
1056 3547 1090 3590 ss
1104 3524 1237 3588 uiriliter

207 3638 407 3703 defendebat.
428 3649 459 3704 et
473 3661 545 3704 cnm
557 3641 596 3703 nd
607 3641 717 3703 Albnrn
732 3639 853 3724 reginrn
868 3638 1027 3703 deitatem
1039 3635 1238 3706 monerent.

208 3770 271 3833 qne
292 3737 529 3831 est‘pnlueinus
545 3753 772 3833 circumsepta,
794 3770 865 3813 cunr
879 3756 964 3812 esset
977 3748 1010 3809 in
1024 3741 1238 3809 ‹Besolncione

205 3859 288 3923 nnn
303 3868 334 3922 et
348 3859 475 3942 glaciei,
492 3864 682 3945 nequierunt
696 3881 766 3927 enne
780 3879 946 3943 occnpore.
966 3867 999 3922 et
1012 3876 1083 3920 enm
1098 3864 1237 3920 cestrum

206 3970 305 4032 aneti
319 3969 442 4032 Martini
465 3971 504 4034 de
520 3972 681 4035 Pnenonia
703 3976 935 4055 expugnarent,
957 3968 1070 4032 whole
1086 3987 1122 4030 se
1137 3965 1238 4030 uirili·

188 4083 256 4150 ,ter
269 4077 478 4154 defendente,
498 4080 627 4143 nerunt
646 4084 751 4146 subito
771 4080 924 4155 renomti,
944 4080 989 4145 its
1002 4081 1090 4166 qnod
1103 4080 1164 4146 ists
1176 4080 1240 4145 trie

207 4187 278 4254 loen
297 4197 418 4257 tentoni
436 4191 650 4276 inexpnpnnte
669 4192 705 4256 in
722 4191 784 4257 dn·
797 4192 940 4276 portilrrss
953 4199 1185 4263 menandi»
1204 4199 1239 4258 et
