2798 4764
174 318 236 383 6i8
498 330 682 377 nenesrrmr
707 330 747 374 nr
770 329 879 375 vino.

175 486 382 573 prenominati
395 485 428 547 in
440 483 580 566 predicto
590 482 725 545 termino
736 500 801 543 non
811 487 977 543 uenerunt
997 479 1096 542 iudex
1110 479 1219 544 huius

175 618 269 662 cause
284 599 368 659 Teon
381 593 702 665 uiccarchidinconus,
724 591 891 675 pristaldos
906 590 1001 652 Hoth.

259 711 339 785 (30)
361 708 506 770 Cholnnk
525 706 650 786 iobagio
672 704 766 768 castri
786 702 924 765 Houmik
947 702 986 764 de
1012 701 1087 764 uitta
1110 702 1218 778 Mon,

175 820 315 903 impeciit
341 838 432 880 suum
462 814 674 878 oonuissenum
702 813 830 876 nomine
859 813 994 874 Moeium
1023 833 1082 894 pro
1110 812 1219 889 furto,

176 933 280 996 iudice
306 933 395 1003 iuno,
425 927 533 991 curiali
554 925 668 989 comite
690 925 862 988 Benedioto
886 923 951 986 filio
967 925 1109 998 Samum,
1143 924 1220 1006 pri·

175 1043 279 1108 staldo
294 1042 397 1122 Topos
423 1039 462 1100 de
487 1036 562 1099 uilla
583 1035 680 1098 Cocil.
712 1034 817 1099 Mociu
842 1042 966 1115 portato
988 1033 1072 1101 (οπο
1093 1032 1220 1098 iustifi-

177 1163 263 1218 cetus
277 1160 336 1215 est.

260 1265 336 1339 (31)
359 1260 467 1323 Uillani
489 1257 612 1340 Holmy,
633 1257 767 1320 scilicet:
800 1256 990 1338 Hemequei,
1009 1254 1161 1338 Lynthee
1185 1266 1221 1322 et

177 1375 364 1447 Bertholon,
391 1370 598 1455 impecierunt
618 1367 831 1432 conuillnnum
850 1387 941 1430 suum
961 1367 1088 1430 nomine
1104 1368 1222 1435 Teluk

178 1506 236 1572 pro
258 1487 351 1550 furto.
381 1483 540 1566 predictus
560 1480 660 1544 Teluk
683 1488 804 1562 porteto
829 1479 913 1542 (οπο
938 1477 1125 1542 iustificatos
1156 1490 1222 1547 est.

177 1598 272 1661 iudex
291 1605 396 1660 nutem
416 1594 510 1656 huius
528 1611 622 1654 cause
637 1592 707 1653 Isov
722 1609 828 1652 comes
849 1591 888 1653 de
904 1591 1014 1671 Ugosi,
1034 1589 1223 1671 pristaldos

179 1708 315 1770 Thomas
330 1705 369 1768 de
385 1703 459 1766 uilia
472 1703 597 1764 Martin.

260 1817 337 1891 (32)
360 1815 464 1876 Gense
483 1813 522 1875 de
543 1811 617 1874 uitta
637 1812 833 1886 Senmartin,
859 1813 926 1876 siue
947 1812 1058 1895 predio
1081 1833 1108 1875 s.
1126 1814 1224 1880 Petri

180 1930 220 1994 de
240 1927 365 2000 Sosunr,
386 1923 525 2005 imperiit
544 1923 702 1986 Cheohnm
723 1923 762 1986 de
783 1923 859 1986 uilio
877 1923 1045 1996 Ceunnnd,
1067 1932 1100 1987 ot
1123 1925 1224 1993 inbe-

179 2040 304 2123 gionem
333 2036 474 2100 eiusdem
503 2033 635 2097 ecclesie
662 2053 719 2114 pro
747 2033 841 2096 furto.
872 2033 926 2113 qui
951 2033 1057 2095 Checn
1081 2046 1223 2115 porteto

178 2150 263 2214 ferro
283 2146 467 2212 iustificatus
488 2152 553 2218 cst,
574 2144 678 2207 indice
693 2144 822 2225 Chepan
843 2144 908 2206 iiiio
922 2144 1033 2218 Primi,
1055 2145 1224 2226 pristaldo

180 2261 301 2325 Choma
318 2259 358 2321 de
373 2256 445 2320 uilla
459 2258 547 2319 lond.

263 2371 345 2445 (33)
368 2370 454 2430 Tuon
473 2367 633 2448 impetitur
647 2368 686 2430 de
700 2367 791 2429 Eded
813 2373 844 2429 et
858 2368 956 2441 Teon,
978 2385 1033 2447 pro
1053 2386 1174 2432 marea
1188 2379 1226 2437 et

178 2484 278 2550 tribus
299 2480 484 2543 sertonibus.
512 2479 567 2560 qni
582 2479 669 2540 Tuon
688 2485 810 2560 portato
835 2478 919 2540 ferro
941 2475 1133 2542 iustificatos
1158 2489 1225 2556 est,

179 2594 304 2657 arbitris
329 2591 477 2654 Chesnrio
506 2599 538 2653 et
561 2590 713 2671 Georgio,
745 2587 895 2671 pristaldo
923 2588 1033 2650 Budon
1062 2589 1104 2650 de
1139 2592 1224 2657 uiila

178 2705 283 2765 larun.

262 2812 341 2886 (at)
362 2810 476 2872 Paulus
501 2829 617 2881 comes,
642 2809 724 2871 filius
749 2810 906 2881 Eusemie,
935 2808 1073 2890 impeciit
1099 2811 1221 2876 Letem

180 2922 361 2992 diaconum,
375 2921 399 2980 F
401 2920 574 2992 mensium,
593 2920 764 2981 Maeotium
779 2928 809 2982 et
824 2921 974 2982 Benczem
991 2920 1029 2982 de
1045 2923 1222 3004 sexaginta

180 3031 302 3096 marcis.
329 3051 462 3114 quorum
488 3030 564 3092 Lete
586 3031 734 3112 purgauit
757 3053 791 3093 se
816 3033 1006 3104 iuramento,
1034 3032 1143 3096 iudice
1165 3036 1222 3100 si·

181 3164 274 3208 mone
296 3144 455 3224 episcopo.
484 3140 621 3222 reliquos
641 3160 718 3202 uero
736 3141 848 3203 Heuka
868 3162 973 3203 comcs
995 3141 1221 3210 Bichoriensis

181 3256 366 3327 discuciens,
388 3252 471 3316 misit
494 3251 679 3314 i'aredinum
702 3253 741 3314 nd
762 3253 923 3315 candentis
944 3253 1019 3314 ferri
1040 3253 1222 3333 iudicium,

181 3369 235 3432 uhi
255 3387 326 3429 cum
349 3373 468 3437 essent,
497 3364 646 3445 t'endegu
675 3362 799 3426 curialis
821 3383 926 3426 comes
951 3363 1084 3445 predicti
1106 3366 1221 3444 Pauli,

181 3479 297 3543 exemit
311 3476 487 3539 Farcasium
514 3482 545 3536 et
560 3476 711 3536 Benczem
736 3494 754 3537 e
778 3474 861 3536 (οπο
887 3475 1047 3546 candenti,
1076 3476 1219 3543 dicens:

181 3590 341 3652 dominum
355 3608 447 3650 suum
461 3585 673 3668 suspicionem
687 3604 776 3648 suam
792 3587 831 3647 ab
843 3586 887 3647 eis
899 3586 1082 3647 remouisse.
1105 3589 1220 3653 Maca·

181 3698 246 3759 rins
263 3717 338 3759 uero
351 3705 477 3778 portato
492 3697 577 3759 (οπο
592 3693 773 3757 iustificatos
794 3706 851 3757 est.
878 3694 1028 3774 pristaido
1043 3695 1123 3758 Bota
1145 3700 1219 3762 exi·

181 3814 293 3870 stente.

266 3918 349 3991 (35)
372 3917 481 3980 Petrus
502 3918 541 3980 de
560 3918 633 3982 uilla
648 3919 710 3981 Tos
730 3918 869 4001 impeciit
888 3919 927 3982 de
943 3924 1079 4000 quatuor
1094 3922 1218 3987 marcis

182 4029 353 4094 Ebherum.
389 4028 547 4110 predictus
566 4032 672 4096 Ebher
692 4039 816 4115 porteto
839 4031 924 4094 (οπο
944 4029 1129 4094 iustificatos
1155 4043 1220 4101 est.

183 4141 287 4211 iudico
302 4140 429 4206 Simone
448 4139 633 4225 onanedn,
653 4143 803 4228 pristnido
817 4144 920 4208 Fener
941 4145 981 4208 de
1000 4141 1076 4208 uilla
1089 4144 1221 4217 Maras
