2798 4764
141 336 272 384 mm
285 334 331 383 m.
343 332 433 379 nors
446 333 597 380 srssrrss
612 332 769 378 uosrrruu
783 333 824 377 ns
838 330 947 378 rosor.
968 312 1060 379 tuot.
1108 313 1169 377 625

223 490 287 563 (7)
310 487 386 549 Item
402 487 426 548 si
442 485 553 569 aliquis
570 485 609 548 de
624 484 693 566 ipsa
709 484 848 557 ciuitate,
876 491 930 547 aut
951 484 989 546 de
1011 482 1170 546 suburbiis

141 609 362 664 nocumentum
378 598 509 661 interret
528 598 561 659 in
582 596 762 679 prouincia,
785 604 815 659 et
829 603 937 677 posset
953 597 1060 659 uenire
1076 616 1171 680 super

142 720 241 774 metas
263 721 346 773 terre
362 709 496 772 ciuitatis
519 710 708 782 eorundem,
730 709 831 789 ipsum
852 706 1003 770 iudicabit
1025 708 1118 770 iudex
1140 715 1173 773 et

144 824 311 888 duodecim
327 823 419 884 iurati
431 822 572 895 ciuitatis,
588 841 658 883 cum
674 829 759 884 actor
773 819 872 882 iorum
888 820 934 882 rei
949 819 1039 902 sequi
1051 820 1173 896 debeat,

145 937 204 998 nisi
220 955 313 998 causa
329 942 438 997 exorta
453 933 593 996 fueritin
608 935 720 996 eadem
736 933 880 1004 ciuitate,
909 932 961 993 uet
974 931 1005 993 in
1020 931 1172 995 suburbio

143 1048 275 1110 ciuitatis
290 1046 397 1128 ipsius.

226 1159 283 1232 (8)
304 1158 382 1219 item
403 1155 576 1227 statuimus,
597 1154 683 1236 quod
706 1162 814 1217 contra
835 1154 918 1236 ipsos
940 1154 1026 1216 ciues
1048 1162 1172 1218 nostros

145 1270 230 1333 etad
246 1288 301 1332 eos
316 1268 520 1349 pertinentes,
542 1272 637 1327 testes
652 1267 793 1327 extranei
809 1265 1026 1328 uniuersaliter
1040 1265 1172 1348 produci

145 1401 209 1444 non
233 1379 369 1463 possint,
398 1377 459 1440 nisi
481 1379 544 1441 duo
568 1377 621 1440 uel
649 1384 712 1440 tres
739 1377 883 1440 intersint
903 1378 943 1440 de
965 1378 1076 1441 eadem
1096 1377 1173 1441 ciui·

146 1501 227 1566 tate,
250 1490 300 1554 uet
317 1492 356 1554 de
371 1491 439 1553 atiis
455 1489 631 1552 ciuitatibus
646 1510 702 1552 seu
719 1488 817 1564 uitiis,
838 1492 971 1554 eandem
986 1490 1171 1554 habentibus

145 1604 332 1667 libertatem.

228 1715 285 1787 (9)
308 1714 385 1775 item
399 1711 426 1773 si
440 1710 495 1794 qui
510 1730 658 1775 excessus
673 1710 860 1776 emerserint
879 1712 933 1775 uei
953 1713 1119 1777 inciderint
1132 1712 1172 1778 de

146 1825 256 1889 eadem
279 1824 422 1898 ciuitate,
444 1823 493 1886 uei
515 1821 719 1907 pertinenciis
741 1823 885 1885 eiusdem
906 1824 1055 1898 ciuitatis,
1077 1824 1175 1887 couti·

144 1957 226 1999 nuus
244 1935 339 1998 iudex
359 1944 390 1997 et
412 1934 503 1996 iurati
518 1934 690 1997 secundum
712 1952 830 1995 morem
847 1943 1033 1998 consuetum
1055 1943 1087 1998 et
1100 1935 1175 1998 soli·

146 2055 209 2108 tum
232 2046 383 2109 iusticiam
406 2044 500 2107 saciet
521 2044 747 2126 conquerenti,
768 2055 860 2127 prout
881 2047 1076 2109 consuetudo
1098 2045 1175 2112 ciui-

145 2158 216 2221 tatis
230 2157 326 2239 exigit
340 2157 524 2219 eorundem.

230 2271 309 2343 (to)
332 2268 363 2330 Si
384 2288 461 2330 uero
477 2268 572 2331 iudex
593 2268 748 2351 ipsorum,
769 2271 861 2334 iurati
882 2270 934 2333 uel
948 2271 1033 2334 ciues
1055 2271 1087 2333 in
1101 2272 1175 2337 red-

147 2380 252 2442 denda
266 2379 389 2443 iusticia
403 2378 595 2452 defecerint,
615 2400 680 2441 non
695 2388 817 2462 partes,
838 2382 895 2444 sed
910 2382 1004 2445 iudex
1021 2393 1052 2447 et
1066 2384 1173 2459 iurati,

147 2492 173 2552 si
188 2491 269 2554 inter
283 2511 318 2553 sc
334 2491 374 2552 ad
389 2489 565 2553 faciendam
587 2489 742 2553 iusticiam
765 2493 902 2573 partibus
918 2495 1089 2557 conuenire
1109 2513 1173 2558 nou

147 2611 310 2685 poterunt,
330 2604 371 2665 ad
386 2611 524 2664 nostram
542 2603 735 2684 presenciam
751 2614 910 2667 euocetur.

229 2715 309 2788 (11)
331 2715 408 2775 Item
430 2713 457 2776 si
475 2713 588 2796 aliquis
608 2713 647 2776 de
665 2733 853 2796 quacunque
873 2715 949 2779 uitta
969 2717 1001 2779 in
1016 2716 1174 2782 ciuitatem

147 2826 372 2889 Posoniensem
388 2845 482 2888 causa
497 2825 711 2888 commorandi
728 2825 837 2889 uenire
853 2827 1007 2904 uoluerit,
1028 2830 1174 2895 dominus

145 2938 243 3021 ipsius
257 2937 331 3001 uilte
346 2958 402 3001 seu
419 2938 636 3020 possessionis,
650 2938 752 3021 ipsum
766 2940 920 3022 impedire
931 2962 994 3004 non
1007 2952 1175 3023 presumat,

146 3051 202 3112 sed
217 3070 288 3112 cum
304 3049 448 3112 omnibus
468 3050 560 3113 honis
581 3052 647 3115 suis
667 3051 764 3115 libere
785 3054 872 3116 abire
895 3055 1070 3135 permittat,
1092 3056 1173 3118 iusto

148 3171 252 3224 tamen
267 3170 299 3224 et
314 3171 464 3224 consueto
481 3162 618 3245 terragio
635 3163 761 3225 domiuo
777 3171 860 3226 terre
875 3165 1047 3245 persoluto.

231 3275 309 3349 (ta)
341 3274 417 3358 Item
443 3274 530 3335 ludei
555 3274 587 3333 iu
613 3274 681 3355 ipsa
705 3275 830 3336 ciuitate
855 3273 1012 3338 constituti
1037 3277 1175 3340 habeant

148 3386 281 3448 eandem
304 3383 479 3448 libertatem
499 3403 594 3467 quam
616 3394 648 3446 et
666 3385 726 3465 ipsi
748 3386 845 3459 ciues,
873 3385 962 3448 saluo
982 3387 1051 3450 iure
1073 3388 1187 3472 archi·-

149 3495 288 3576 episcopi
303 3493 524 3577 strigoniensis
546 3503 576 3556 et
594 3494 745 3577 prepositi
760 3496 960 3560 Posouiensis
982 3508 1175 3564 remanente.

231 3608 309 3682 (13)
331 3609 407 3669 ltem
430 3606 621 3668 monetarios
646 3616 769 3669 nostros
784 3610 935 3691 precedat
952 3610 1047 3672 homo
1062 3612 1175 3677 iudicis

147 3723 186 3784 dc
201 3722 267 3804 ipsa
282 3720 424 3792 ciuitate,
440 3718 492 3800 qui
508 3739 577 3781 eam
593 3719 686 3782 saciet
699 3719 842 3783 celeriter
858 3723 1031 3804 acceptari,
1046 3725 1175 3790 exclusa

148 3841 299 3915 potestate
313 3831 435 3895 comitis
449 3829 631 3911 parochiani
647 3831 686 3893 de
701 3829 769 3913 ipsa
783 3832 907 3896 ciuitate
922 3842 1038 3897 nostra.

231 3941 310 4017 (tt)
332 3943 409 4005 item
431 3940 567 4005 decimas
587 3941 713 4024 frugum
735 3943 916 4024 persoluaut
933 3966 1021 4010 more
1036 3946 1175 4012 Theoto-

149 4051 231 4124 nico,
244 4059 338 4133 prout
350 4052 491 4134 hospites
507 4051 639 4117 aliarum
654 4053 814 4116 ciuitatum
827 4055 902 4118 dare
918 4065 948 4121 et
962 4057 1086 4121 soluere
1098 4077 1174 4123 con-

149 4168 338 4237 sueuerunt,
359 4163 441 4228 sicut
454 4162 553 4228 eciam
567 4163 717 4228 hacteuus
732 4164 790 4232 tuit
804 4168 1016 4233 obseruatum.
