2798 4764
215 346 257 419 52
435 336 572 460 'anorum
593 368 692 417 ossas
712 365 920 417 amomonou
941 352 1020 429 (58).

216 525 300 589 diurn
322 522 420 589 silium
436 524 571 608 Culpun,
594 533 625 589 et
647 523 812 589 Zobolsum
834 523 932 587 filium
953 524 1072 599 Eleon,
1092 544 1152 589 noo
1174 543 1240 588 non

86 633 101 645 '
214 637 394 700 Ircundium
414 636 512 699 lilium
532 638 646 700 Eusee.
683 638 827 721 quicum
850 637 967 720 egressi
990 646 1096 701 essent
1119 638 1239 701 aduoe

215 750 317 825 Zultn,
337 770 461 812 rursum
475 750 653 824 Bouariam,
674 748 889 815 alemanniam
910 759 942 812 et
957 749 1125 814 Saxouinm
1146 759 1238 833 atque

216 862 418 946 Thuringinm
442 863 473 924 in
495 862 600 946 gladio
619 872 857 946 percusserunt,
884 871 916 926 et
936 862 1048 926 exinde
1071 863 1189 946 egressi
1207 863 1239 925 in

215 975 471 1059 quadragesima,
492 974 679 1037 transierunt
693 976 812 1036 Renum
828 974 975 1048 fluuium,
990 982 1020 1036 et
1034 993 1167 1056 regnum
1179 974 1239 1035 Ln-

214 1083 350 1151 toriense
373 1085 405 1149 in
429 1105 502 1148 areu
527 1094 559 1147 et
580 1085 697 1168 sagittis
721 1085 1026 1157 exterminauerunt‚
1060 1085 1240 1147 uniuersam

215 1216 342 1280 quoque
357 1197 487 1259 Galliam
508 1198 654 1262 atrociter
669 1197 858 1280 affligentes,
880 1196 1027 1259 ecelesias
1041 1196 1092 1259 dei
1107 1195 1241 1259 crudeli·

216 1316 264 1372 ter
278 1308 439 1383 intrantes,
454 1306 678 1391 spoliauerunt.
699 1309 771 1371 inde
786 1329 844 1390 per
857 1308 989 1390 abrupte
1003 1306 1241 1382 senonensium,

216 1441 275 1505 per
289 1421 421 1503 populos
436 1420 595 1494 Aliminos,
614 1420 696 1485 l'erro
712 1420 770 1484 sibi
783 1422 865 1483 uiam
882 1429 912 1484 et
927 1420 1029 1504 gladio
1044 1427 1241 1503 aperueruut,

218 1533 370 1614 superatis
387 1551 463 1615 ergo
478 1530 537 1594 illis
551 1531 793 1594 bellicosissimis
813 1520 967 1615 gentibus,
988 1539 1020 1595 et
1034 1531 1167 1595 naturali
1180 1531 1240 1594 situ

216 1642 357 1707 locorum
380 1643 554 1717 tutissimis,
582 1651 703 1705 montes
724 1642 882 1704 Senonum
908 1643 1182 1718 transcenderunt,
1210 1650 1242 1708 et

218 1754 368 1839 Segusam
384 1763 535 1837 ceperunt
549 1755 715 1819 ciuitatem.
737 1755 851 1818 deinde
867 1756 1002 1837 egressi,
1017 1756 1184 1818 Taurinam
1198 1755 1241 1817 oi·

219 1865 346 1929 uitatem
362 1865 631 1949 opulentissimam
645 1874 923 1950 expugnnuerunt‚
949 1874 980 1928 et
995 1875 1161 1950 postquam
1176 1866 1242 1948 pla·

217 1998 290 2042 nam
305 1978 465 2061 regionem
480 1977 669 2040 lombardie
684 1987 887 2061 aspexerunt,
906 1985 1004 2040 totam
1019 1998 1099 2060 pene
1113 1977 1241 2054 ltaliam,

218 2091 308 2155 bonis
323 2091 467 2153 omnibns
484 2089 664 2153 affluentem
685 2098 717 2154 et
733 2091 973 2165 exuberantem,
994 2091 1156 2154 concitatis
1170 2110 1242 2154 cur·

218 2203 302 2267 sibus
323 2202 544 2285 spoliaueruut.
574 2202 687 2265 deinde
710 2222 786 2266 uero
806 2203 928 2266 Botond
950 2202 1031 2265 lilius
1052 2201 1189 2285 Colono,
1211 2210 1242 2267 et

217 2316 320 2382 Urcuu
342 2316 424 2379 lilius
438 2316 560 2389 Eusee,
580 2317 734 2398 superatis
749 2316 892 2379 omnibus
908 2315 1051 2398 gentibus
1065 2334 1242 2399 prememo-

217 2429 311 2502 rntis,
333 2427 415 2491 felici
431 2427 561 2491 uictoria
576 2426 715 2491 fruentes
730 2429 770 2489 ad
785 2427 911 2510 propria
925 2446 1022 2509 regna
1036 2435 1242 2490 reuertuntur.

219 2551 292 2605 tunc
306 2541 387 2603 Hoto
402 2559 459 2601 rex
474 2538 737 2602 Teotbonicorum
758 2539 861 2622 posuit
882 2538 1009 2599 insidias
1023 2538 1106 2601 iuxta
1121 2538 1242 2600 Renum

219 2652 365 2724 fluuium,
387 2659 418 2713 et
433 2670 502 2712 cum
517 2651 601 2711 omni
616 2651 729 2711 robore
744 2651 833 2732 regni
848 2650 895 2712 sui
911 2669 966 2711 eos
981 2649 1142 2722 inuadens,
1163 2649 1243 2712 mul·

218 2769 267 2826 tos
283 2782 321 2824 ex
337 2761 382 2824 eis
396 2760 558 2823 interiecit.
580 2760 701 2822 Botond
716 2770 747 2824 et
762 2761 880 2833 bicon,
903 2780 939 2824 no
954 2759 1063 2844 reliqui
1078 2762 1243 2835 exercitus,

219 2877 317 2959 magis
331 2875 472 2938 uolentes
487 2876 565 2936 mori
580 2875 610 2937 in
625 2874 718 2949 bello,
740 2895 833 2958 quam
850 2876 1056 2959 apropriatam
1072 2877 1128 2939 sibi
1144 2877 1243 2941 uicto·
1265 2902 1269 2909 ’

219 2989 297 3053 riam
323 2988 513 3061 amitterent,
544 2996 615 3048 tunc
638 2986 777 3049 hostibus
804 2987 1001 3071 pertinaciter
1024 2987 1187 3061 insistunt,
1209 2995 1243 3050 et

219 3100 251 3163 in
267 3101 378 3164 eodem
393 3098 475 3161 bello
491 3099 657 3183 quemdam
672 3117 817 3180 magnum
833 3099 962 3173 ducem,
984 3099 1085 3161 uirum
1101 3099 1242 3162 nomina·

219 3214 393 3286 tissimum,
411 3210 615 3283 interficiunt,
636 3210 764 3274 elalius
786 3211 966 3274 uulneratos
986 3212 1017 3273 in
1040 3212 1145 3295 lugam
1169 3231 1243 3274 oon·

221 3333 363 3399 uertunt,
385 3342 517 3407 quorum
541 3320 637 3408 spolia
660 3323 822 3405 diripiunt,
847 3332 937 3387 etex
961 3323 1033 3387 inde
1056 3325 1095 3387 ad
1117 3325 1243 3408 propria

219 3439 352 3501 redeunt
373 3457 469 3521 regna
483 3457 553 3500 cum
575 3456 690 3520 magna
704 3436 843 3498 uictoria.
873 3445 988 3499 etcum
1004 3437 1125 3500 Botond
1141 3447 1171 3501 et
1186 3435 1242 3500 Ur·

221 3568 282 3611 cun
299 3550 330 3609 in
354 3557 468 3611 terram
488 3549 648 3611 Pannonia
669 3548 723 3612 leti
748 3556 998 3622 reuerterentur,
1026 3557 1099 3611 tunc
1120 3548 1243 3611 Botontl

171 3710 174 3719 .
220 3659 314 3740 longo
329 3658 436 3721 labore
451 3658 525 3721 belli
540 3659 696 3743 fatigatus,
718 3660 796 3720 miro
810 3660 905 3722 modo
919 3659 1070 3722 inlirmnri
1086 3661 1183 3742 cepit,
1204 3679 1243 3722 ex

220 3769 290 3832 luce
311 3768 471 3851 migrauit,
500 3776 531 3832 et
553 3769 692 3851 sepultus
715 3776 763 3832 est
788 3788 886 3851 prope
911 3768 1041 3831 fluuium
1056 3769 1242 3833 Wereuoea.

221 3880 277 3945 sed
291 3879 372 3942 istud
386 3886 493 3943 notum
513 3879 553 3941 sit
567 3881 710 3942 omuibus
724 3880 803 3943 scire
818 3878 1009 3954 uolentibus,
1030 3880 1115 3963 quod
1129 3878 1243 3942 milites

221 3990 457 4077 ilungarorum,
476 3990 536 4054 beo
550 3999 581 4054 et
595 3988 654 4055 elia
674 3990 851 4056 huiusmodi
873 3989 972 4070 bella,
993 4010 1093 4076 usque
1109 3990 1148 4057 ad
1163 4000 1242 4056 tem·

221 4123 298 4197 pora
312 4105 438 4171 Tuosun
452 4102 537 4169 ducis
552 4110 725 4188 gesseruut
