2798 4764
488 370 618 420 morsm
639 373 848 422 nmnnnonms
869 359 930 435 (n).
1184 361 1225 429 ti

196 549 274 604 mm,
295 527 464 592 conterens
485 529 530 593 sis
551 549 678 614 magnas
698 531 927 612 possessiones.
956 540 988 596 ct
1002 533 1143 599 decreuit
1156 554 1223 599 om·

195 643 280 707 nium
295 649 472 715 consensu,
493 648 528 704 ut
547 641 574 705 si
597 662 676 705 uxor
689 642 757 706 sius
772 643 886 707 multos
900 655 1026 726 peroret
1042 645 1136 722 tilios,
1157 649 1222 731 pri·

195 752 371 836 ungenitus
383 760 532 835 regnaret
544 773 641 835 super
654 754 809 817 omnibns.

272 865 349 928 Post
361 863 422 928 hec
436 874 540 929 eutem
558 884 638 928 uxor
652 865 721 929 eius
737 867 863 949 peperit
874 866 990 942 lilium,
1010 868 1060 930 cui
1073 869 1221 952 imposuit

194 996 308 1041 nomen
323 975 524 1051 Colummen,
546 978 600 1060 qui
615 978 734 1060 accepit
749 999 878 1043 uxorem
894 979 934 1042 ‹le
950 978 1115 1044 Chruociu.
1147 1002 1220 1047 eum

193 1099 296 1155 entem
320 1090 479 1152 senuisset
492 1089 605 1172 Aquilo
622 1089 761 1154 famosus
782 1093 882 1155 uictor
896 1100 1067 1166 terrarum,
1088 1113 1221 1177 congre·

194 1202 271 1286 guis
284 1201 408 1266 mustis
422 1201 616 1285 principibus
631 1210 664 1266 et
680 1204 879 1287 magnatibus
893 1213 987 1279 terre,
1008 1181 1136 1270 trudirlit
1148 1225 1221 1289 reg·

194 1331 267 1377 nnn
279 1313 315 1376 in
328 1331 441 1376 munus
454 1312 509 1376 filii
524 1315 572 1377 sui
588 1313 783 1378 Colnmmnni
797 1323 829 1378 et
842 1325 984 1380 mortuus
997 1323 1056 1379 cst.

272 1424 347 1489 rost
361 1434 494 1488 mortem
509 1435 614 1490 autem
628 1427 725 1509 putris
739 1427 788 1490 sui
803 1446 883 1488 uxor
897 1426 1092 1490 Colummani
1110 1429 1221 1510 genuit

200 1534 304 1609 flua,
323 1537 378 1619 qui
394 1546 524 1601 uocatus
538 1537 598 1601 luit
610 1536 696 1600 uela.
732 1538 790 1603 iste
805 1546 910 1602 sutem
923 1548 1048 1603 mortuo
1063 1547 1152 1622 patre
1167 1560 1218 1605 re-

196 1668 318 1735 greum
339 1659 388 1714 est
409 1650 442 1713 in
467 1650 623 1715 ciuitntem
648 1670 737 1714 surm
755 1650 947 1734 Aquileiam,
977 1653 1073 1716 stibi
1094 1654 1217 1736 occepit

193 1780 322 1828 uxorem
335 1783 464 1846 grecam
478 1765 518 1827 (le
534 1762 876 1848 Constantinopolitano
896 1765 1039 1849 imperio.
1067 1765 1142 1829 inde
1157 1785 1214 1829 nn·

191 1882 252 1938 ten
270 1892 407 1938 mouens
425 1895 460 1939 se
481 1877 568 1939 uenit
584 1876 616 1938 in
636 1885 751 1940 terram
769 1895 858 1940 suum
877 1875 1089 1952 Schnnninm,
1119 1896 1215 1960 quum

191 1987 310 2050 manns
327 2007 404 2051 snus
418 1988 585 2070 Unguium
605 1986 785 2070 nppolluuit
813 1986 919 2071 iniquo
934 2007 1014 2052 uxor
1028 2008 1086 2053 suu
1101 2007 1216 2056 conce-

191 2100 234 2182 pit
246 2109 280 2165 et
294 2101 418 2183 peperit
435 2099 547 2174 lilium,
567 2121 662 2183 quem
675 2102 803 2165 uocauit
815 2101 911 2164 lesse.
932 2102 986 2184 qui
1001 2102 1124 2182 accepit
1136 2120 1214 2164 uxo-

188 2229 256 2274 rem
277 2211 318 2277 de
338 2212 636 2295 repromisionis,
664 2214 704 2275 de
725 2212 850 2276 ciuitate
875 2211 1042 2285 Crucouia,
1070 2230 1213 2275 sororem

187 2323 366 2389 lathonis
380 2325 469 2387 ducis
484 2325 610 2388 nominc
624 2324 834 2408 Ethlcgidum.

267 2437 337 2500 lieo
351 2445 456 2500 autem
469 2436 638 2501 christinus
652 2448 721 2501 ernt
734 2446 766 2501 et
779 2435 878 2501 literis
891 2435 1023 2510 imbuto,
1045 2434 1215 2500 documen·
1298 2494 1301 2499 .

185 2550 289 2636 risque
313 2550 429 2615 sanetis
451 2570 509 2633 per
528 2550 671 2632 spiritum
693 2558 834 2613 sunctum
855 2546 985 2630 repleto
1025 2547 1086 2611 hec
1108 2555 1214 2615 numm

186 2661 271 2745 oepit
283 2661 389 2725 uirum
402 2681 494 2724 suum
509 2662 549 2725 ad
560 2661 717 2724 Christum
732 2668 932 2734 conuertere,
952 2668 984 2724 et
996 2657 1214 2725 fidem-catho-

186 2772 279 2838 licum
292 2784 418 2848 tenere,
440 2783 472 2838 et
485 2794 502 2838 a
517 2772 639 2838 cultura
652 2774 809 2837 idolorum
824 2774 985 2837 recedere.
1005 2793 1099 2856 quem
1113 2774 1214 2856 sopis-

187 2884 266 2948 sinis
287 2884 412 2949 blandis
433 2894 465 2950 et
485 2886 604 2950 melicis
628 2885 791 2970 alloquens
814 2884 1026 2958 sermonibus,
1055 2882 1212 2948 Christum

186 2995 262 3061 loen
275 3015 487 3080 cognoscere,
514 3007 546 3061 et
559 2998 661 3080 ipsum
676 3017 772 3059 unum
788 2996 949 3059 (lominum
964 2996 1112 3069 credere,
1133 3015 1212 3078 quo·

184 3109 272 3173 nium
291 3110 441 3194 scriptum
463 3087 528 3174 esti
556 3111 630 3195 quin
650 3108 891 3175 sanctificabitur
911 3110 961 3174 uir
980 3129 1037 3193 per
1050 3106 1212 3173 mulierem

183 3219 324 3287 testem.
372 3224 645 3307 appropinquante
672 3221 841 3306 spiritualis
870 3222 992 3306 fulgure
1020 3219 1211 3295 chrismatis,

184 3335 309 3398 mutis
316 3332 500 3399 Christianis
514 3335 660 3398 ducutum
676 3354 768 3398 sunm
780 3336 897 3398 intrare
913 3331 1091 3396 uolentibus
1104 3330 1213 3413 hospi-

183 3443 313 3510 tuiitntis
334 3456 366 3512 et
387 3448 560 3512 securitatis
580 3446 718 3532 pruciam
738 3447 838 3510 noluit
855 3445 1017 3510 exhibere.
1046 3443 1212 3507 eloriciset

182 3558 346 3624 numnis
367 3567 556 3643 potestatem
572 3560 729 3624 concessit
749 3566 822 3623 anto
842 3557 1040 3642 presencium
1054 3575 1141 3619 suum
1154 3575 1211 3621 ns·

181 3672 293 3737 niendi
306 3680 338 3735 ot
352 3672 412 3736 silri
426 3672 587 3755 loquendi.
616 3673 692 3756 quid
707 3671 818 3753 plural
852 3671 949 3734 Adest
962 3678 1086 3752 tempus
1098 3668 1208 3734 celitus

180 3783 379 3867 dispositum.
407 3785 539 3848 credidit
558 3784 626 3866 ipso
641 3804 712 3847 eum
727 3782 932 3850 familiaribus
950 3781 1015 3845 suis
1029 3788 1060 3844 et
1072 3780 1209 3863 mprisa-
1269 3842 1272 3850 .

179 3902 235 3961 tu
256 3903 306 3960 cst
322 3897 355 3958 in
367 3896 495 3960 nomine
509 3895 582 3960 lesu
595 3895 720 3960 Christi.
748 3906 782 3962 tu
796 3903 901 3958 nutem
915 3892 1042 3956 domino
1055 3892 1208 3955 miserere

181 4008 287 4082 nobit.

941 4228 963 4303 i
