2798 4764
383 384 416 434 rr.
436 384 566 434 noannrr
586 383 918 436 cannamomum
937 363 1018 454 (8⁹).
1150 340 1215 438 ”l

183 563 240 606 rex
256 550 361 605 autem
376 542 483 606 Cadan
506 551 577 624 post
590 563 699 626 regem
713 543 873 626 Hungarie
888 544 1087 627 properauit,
1108 545 1163 629 qui
1175 545 1213 610 i!

183 653 364 727 Sclauonia‚
379 663 528 735 tanquam
543 653 598 736 qui
613 654 731 716 nullum
746 653 882 718 habebat
896 656 1086 731 subsidium,
1106 662 1213 721 morai·

182 767 284 829 batur.
311 765 368 828 sed
391 765 458 847 ipse
480 764 572 828 huius
590 763 664 827 facti
686 766 842 847 prescius,
863 765 970 848 fugam
989 765 1072 841 iniit,
1093 775 1211 830 etcum

181 880 248 960 ipse
269 878 423 940 maritima
438 886 540 941 castra
555 885 720 955 acceptare
742 878 923 959 nequieret,
945 879 984 940 ad
1006 877 1123 941 insulas
1137 898 1212 961 per-

183 989 340 1062 transiuit‚
360 989 402 1051 ita
418 990 503 1070 quod
517 1008 619 1069 nsque
635 988 674 1049 ad
690 1006 850 1050 recessum
864 1007 993 1062 eorum,
1019 1008 1092 1051 eum
1107 986 1211 1052 insula

182 1109 360 1165 tenuerunt.
387 1100 504 1163 Uidens
518 1100 625 1162 Cadan
644 1120 716 1172 rex,
738 1099 824 1181 quod
840 1119 912 1163 eum
928 1099 1044 1163 habere
1058 1119 1122 1163 non
1137 1119 1212 1182 poa·

182 1219 246 1285 set,
267 1211 420 1275 destruxit
434 1212 587 1284 Boanum,
608 1230 740 1292 regnum
755 1210 885 1285 Rascie,
907 1217 939 1273 ct
958 1211 1032 1274 inde
1050 1212 1082 1273 in
1095 1210 1211 1294 Bulga·

183 1326 259 1386 riam
275 1322 489 1405 pertransiuit.

266 1542 332 1626 (³9)
356 1545 506 1622 Quomodo
528 1544 648 1608 Tartari
670 1544 856 1626 strigoniam
877 1547 1091 1609 doctntxcrcnt.
1140 1544 1210 1611 dlia

183 1676 260 1718 uero
281 1675 352 1737 pars
369 1655 524 1719 exercitus
545 1676 658 1719 uersus
680 1657 874 1720 nominatum
889 1657 1080 1740 Strigouium
1100 1656 1212 1722 habuit

181 1767 240 1829 iter
253 1786 361 1841 suum,
382 1775 414 1830 et
436 1787 536 1850 usque
559 1769 598 1829 ad
621 1766 698 1829 illud
714 1766 892 1850 paucissimi
913 1776 1130 1844 accesseruut3
1151 1768 1210 1835 aad

181 1898 215 1941 so
232 1878 354 1960 longius
374 1889 565 1961 posuerunt,
586 1887 617 1942 et
632 1899 732 1962 usque
747 1881 787 1942 ad
802 1881 928 1963 triginta
942 1881 1102 1944 machinas
1116 1900 1211 1963 para·

181 2001 306 2054 uerunt.
338 1992 569 2073 strigonienses
595 1992 719 2054 interim
744 2012 779 2055 se
805 2012 875 2055 cum
898 1991 1034 2066 lassatis,
1059 1994 1157 2055 muris
1178 1999 1210 2056 at

181 2102 314 2163 turribus
334 2102 446 2184 ligneis
469 2101 638 2165 fortissime
659 2103 844 2165 munierant.
882 2112 912 2166 et
934 2110 1001 2165 erat
1023 2104 1055 2165 in
1078 2104 1206 2169 ciuitate

179 2213 230 2276 illa
246 2213 378 2295 populus
393 2212 546 2286 infinitus,
568 2222 599 2276 et
614 2211 787 2295 burgenses
807 2213 965 2286 ditissimi,
987 2214 1099 2276 milites
1119 2214 1210 2277 nolti·

180 2324 236 2397 les,
257 2333 288 2386 et
302 2326 427 2387 domine
443 2346 504 2406 que
527 2324 589 2386 illic
612 2333 844 2398 conuenerant,
865 2323 954 2387 uelut
975 2325 1014 2386 ad
1035 2325 1208 2406 presidium

180 2435 354 2518 singulare;
384 2443 532 2518 tantaque
562 2456 671 2498 eorum
702 2443 771 2498 erat
797 2434 958 2516 superbia,
987 2435 1072 2516 quod
1098 2435 1209 2498 crede·

179 2548 254 2609 hant
268 2568 302 2609 se
318 2549 465 2610 resistere
481 2566 573 2629 posse
588 2547 644 2609 toti
659 2548 787 2608 mundo.
817 2565 890 2608 ecce
910 2566 973 2611 una
988 2545 1109 2608 dierum
1132 2544 1210 2609 ciol-

179 2665 272 2719 tatem
294 2656 414 2720 Tartari
443 2656 732 2732 circumdederunt;
765 2666 796 2720 et
821 2656 951 2738 captiui,
984 2656 1040 2740 qui
1064 2677 1135 2720 cum
1159 2655 1209 2722 cie

179 2778 284 2844 erant,
304 2777 351 2832 tot
364 2788 522 2832 ramorum
536 2768 703 2833 fasciculos
726 2778 946 2852 portauerunt,
967 2770 1083 2852 quibus
1096 2771 1129 2832 in
1143 2788 1208 2835 ana

179 2890 266 2961 parte
282 2881 433 2954 ciuitatis,
454 2900 548 2961 supra
563 2880 670 2944 fossati
686 2881 887 2962 supercilium
901 2881 998 2945 altum
1020 2903 1144 2945 murum
1164 2882 1209 2948 al·

180 2990 242 3052 mul
265 3001 296 3054 et
318 2991 417 3055 semel
438 2993 477 3053 de
500 2991 658 3053 fasciculis
679 3001 937 3067 construxerunt,
962 3000 994 3055 et
1013 2993 1116 3056 statim
1138 3000 1210 3075 poet

180 3120 300 3164 murum
315 3102 402 3164 illum
419 3101 518 3165 dictas
533 3102 659 3184 triginta
673 3103 833 3166 machinas
850 3111 1042 3184 posueruut,
1064 3104 1107 3168 ita
1120 3102 1209 3186 quod

180 3210 231 3275 die
258 3223 416 3296 noctuque
443 3213 482 3278 ad
507 3214 666 3276 ciuitatem
690 3222 722 3276 et
747 3214 786 3277 ad
816 3222 918 3277 turres
943 3212 1062 3294 ligneas
1086 3211 1207 3294 lapidea

181 3326 371 3388 emittebant.
397 3334 428 3388 et
443 3335 572 3409 propter
584 3326 646 3388 hoc
660 3334 763 3388 tantus
779 3325 810 3386 in
825 3324 951 3388 ciuitate
966 3326 1049 3406 cepit
1067 3343 1137 3386 esse
1157 3319 1208 3387 tir·

182 3432 312 3508 multus,
347 3444 377 3499 et
399 3446 485 3500 tanta
506 3437 633 3499 suerunt
654 3435 787 3518 caligine
810 3434 1004 3508 obumbrati;
1037 3433 1208 3518 quodiana

180 3546 363 3608 memoriam
382 3550 552 3611 amiserant
572 3568 606 3611 se
629 3546 838 3620 defendendi,
859 3554 891 3609 et
907 3545 989 3609 inter
1002 3567 1036 3609 se
1056 3555 1207 3630 tanquan

180 3660 246 3720 ceci
261 3666 293 3722 et
307 3659 382 3722 latui
396 3662 603 3724 uexabantur.
626 3680 698 3723 cum
712 3679 790 3721 nero
805 3660 923 3721 Tartari
939 3656 1134 3723 municiones
1147 3658 1207 3744 lig·

180 3789 256 3833 neas
271 3773 517 3845 destruxissent,
533 3792 642 3835 saccos
657 3771 769 3854 plenos
783 3778 867 3834 terra
881 3773 921 3836 ad
935 3769 1128 3854 implendum
1142 3771 1211 3836 loa·
1263 3856 1273 3865 ῃ

179 3889 262 3956 sata,
284 3902 355 3944 cum
371 3882 522 3944 machinis
536 3883 729 3945 omittebant.
751 3898 862 3943 uerum
877 3880 980 3945 nullus
995 3890 1035 3945 ex
1048 3878 1208 3966 ilungarls

180 4000 211 4055 et
224 3994 309 4068 aliis,
330 3994 467 4058 audebat
487 3995 520 4056 in
540 3992 648 4057 fossati
670 3991 841 4075 supercilio
855 4012 1054 4076 comparere,
1075 4000 1209 4076 propter

178 4102 300 4187 lapides
322 4115 354 4169 et
374 4105 513 4188 sagittas.
540 4102 681 4187 ilungari
703 4123 780 4167 uero
800 4113 832 4167 et
845 4103 1038 4187 Fraaoigene
1060 4122 1097 4166 ac
1111 4103 1207 4165 Lon·

177 4216 287 4294 bardi,
308 4218 362 4304 qui
381 4217 473 4303 qaaai
493 4224 585 4284 arant
597 4215 717 4283 domiai
737 4215 890 4295 ciuitatis,
907 4236 945 4281 aa
962 4234 1028 4280 aoa
1041 4232 1135 4298 pocae
1147 4211 1207 4277 dai
