<?xml version="1.0" encoding="UTF-8"?>
<!DOCTYPE html PUBLIC "-//W3C//DTD XHTML 1.0 Transitional//EN"
    "http://www.w3.org/TR/xhtml1/DTD/xhtml1-transitional.dtd">
<html xmlns="http://www.w3.org/1999/xhtml" xml:lang="en" lang="en">
 <head>
  <title>
</title>
<meta http-equiv="Content-Type" content="text/html;charset=utf-8" />
  <meta name='ocr-system' content='tesseract 3.04.00' />
  <meta name='ocr-capabilities' content='ocr_page ocr_carea ocr_par ocr_line ocrx_word'/>
</head>
<body>
  <div class='ocr_page' id='page_1' title='image "./rerumhungaricar00endlgoog/rerumhungaricar00endlgoog_0676.png"; bbox 0 0 2798 4764; ppageno 0'>
   <div class='ocr_carea' id='block_1_1' title="bbox 472 329 1180 413">
    <p class='ocr_par' dir='ltr' id='par_1_1' title="bbox 472 329 1180 413">
     <span class='ocr_line' id='line_1_1' title="bbox 472 329 1180 413; baseline -0.006 -6"><span class='ocrx_word' id='word_1_1' title='bbox 472 344 657 413; x_wconf 62' lang='lat' dir='ltr'>neesson</span> <span class='ocrx_word' id='word_1_2' title='bbox 681 345 723 391; x_wconf 69' lang='grc' dir='ltr'>»κ</span> <span class='ocrx_word' id='word_1_3' title='bbox 745 344 857 409; x_wconf 66' lang='lat' dir='ltr'>vous·</span> <span class='ocrx_word' id='word_1_4' title='bbox 1117 329 1180 403; x_wconf 69' lang='lat' dir='ltr'>ott</span> 
     </span>
    </p>
   </div>
   <div class='ocr_carea' id='block_1_2' title="bbox 151 496 1181 1361">
    <p class='ocr_par' dir='ltr' id='par_1_2' title="bbox 151 496 1181 1361">
     <span class='ocr_line' id='line_1_2' title="bbox 151 496 1181 581; baseline -0.003 -15"><span class='ocrx_word' id='word_1_5' title='bbox 151 502 262 567; x_wconf 80' lang='lat' dir='ltr'>Rubeu</span> <span class='ocrx_word' id='word_1_6' title='bbox 276 499 375 565; x_wconf 79' lang='lat' dir='ltr'>maior</span> <span class='ocrx_word' id='word_1_7' title='bbox 388 499 556 574; x_wconf 85' lang='lat' dir='ltr'>exercitus,</span> <span class='ocrx_word' id='word_1_8' title='bbox 576 496 735 562; x_wconf 85' lang='lat' dir='ltr'>Echilieus</span> <span class='ocrx_word' id='word_1_9' title='bbox 753 517 891 581; x_wconf 76' lang='lat' dir='ltr'>uernog,</span> <span class='ocrx_word' id='word_1_10' title='bbox 910 498 1019 561; x_wconf 83' lang='lat' dir='ltr'>Euzud</span> <span class='ocrx_word' id='word_1_11' title='bbox 1034 507 1066 563; x_wconf 88' lang='lat' dir='ltr'>et</span> <span class='ocrx_word' id='word_1_12' title='bbox 1080 499 1181 579; x_wconf 68' lang='lat' dir='ltr'>etrus</span> 
     </span>
     <span class='ocr_line' id='line_1_3' title="bbox 152 597 1179 688; baseline -0.002 -13"><span class='ocrx_word' id='word_1_13' title='bbox 152 611 365 688; x_wconf 77' lang='lat' dir='ltr'>centuriones,</span> <span class='ocrx_word' id='word_1_14' title='bbox 386 618 419 675; x_wconf 86' lang='lat' dir='ltr'>et</span> <span class='ocrx_word' id='word_1_15' title='bbox 438 609 579 673; x_wconf 81' lang='lat' dir='ltr'>Paredon</span> <span class='ocrx_word' id='word_1_16' title='bbox 602 617 633 671; x_wconf 90' lang='lat' dir='ltr'>et</span> <span class='ocrx_word' id='word_1_17' title='bbox 653 607 739 671; x_wconf 91' lang='lat' dir='ltr'>ciues</span> <span class='ocrx_word' id='word_1_18' title='bbox 754 606 897 677; x_wconf 89' lang='lat' dir='ltr'>eiusdem</span> <span class='ocrx_word' id='word_1_19' title='bbox 911 610 1022 683; x_wconf 82' lang='lat' dir='ltr'>castri,</span> <span class='ocrx_word' id='word_1_20' title='bbox 1042 597 1179 675; x_wconf 75' lang='lat' dir='ltr'>scilicet:</span> 
     </span>
     <span class='ocr_line' id='line_1_4' title="bbox 152 718 1180 806; baseline 0.002 -21"><span class='ocrx_word' id='word_1_21' title='bbox 152 725 289 806; x_wconf 75' lang='lat' dir='ltr'>Byuncy,</span> <span class='ocrx_word' id='word_1_22' title='bbox 310 722 413 804; x_wconf 80' lang='lat' dir='ltr'>Ucylr,</span> <span class='ocrx_word' id='word_1_23' title='bbox 435 721 537 785; x_wconf 80' lang='lat' dir='ltr'>Mikus</span> <span class='ocrx_word' id='word_1_24' title='bbox 561 730 592 783; x_wconf 89' lang='lat' dir='ltr'>et</span> <span class='ocrx_word' id='word_1_25' title='bbox 606 721 721 795; x_wconf 89' lang='lat' dir='ltr'>ceteri,</span> <span class='ocrx_word' id='word_1_26' title='bbox 743 729 866 783; x_wconf 78' lang='lat' dir='ltr'>traxere</span> <span class='ocrx_word' id='word_1_27' title='bbox 885 721 917 783; x_wconf 92' lang='lat' dir='ltr'>in</span> <span class='ocrx_word' id='word_1_28' title='bbox 939 739 1065 783; x_wconf 83' lang='lat' dir='ltr'>causam</span> <span class='ocrx_word' id='word_1_29' title='bbox 1079 718 1180 787; x_wconf 70' lang='lat' dir='ltr'>tutan</span> 
     </span>
     <span class='ocr_line' id='line_1_5' title="bbox 151 831 1179 915; baseline -0.001 -19"><span class='ocrx_word' id='word_1_30' title='bbox 151 833 249 896; x_wconf 86' lang='lat' dir='ltr'>tilium</span> <span class='ocrx_word' id='word_1_31' title='bbox 265 832 346 895; x_wconf 82' lang='lat' dir='ltr'>Uace</span> <span class='ocrx_word' id='word_1_32' title='bbox 361 831 491 904; x_wconf 87' lang='lat' dir='ltr'>comitis,</span> <span class='ocrx_word' id='word_1_33' title='bbox 513 850 571 915; x_wconf 91' lang='lat' dir='ltr'>pro</span> <span class='ocrx_word' id='word_1_34' title='bbox 587 838 675 912; x_wconf 85' lang='lat' dir='ltr'>perte</span> <span class='ocrx_word' id='word_1_35' title='bbox 691 840 773 893; x_wconf 82' lang='lat' dir='ltr'>terre</span> <span class='ocrx_word' id='word_1_36' title='bbox 789 852 845 894; x_wconf 88' lang='lat' dir='ltr'>sue</span> <span class='ocrx_word' id='word_1_37' title='bbox 860 852 923 915; x_wconf 91' lang='lat' dir='ltr'>que</span> <span class='ocrx_word' id='word_1_38' title='bbox 938 840 1068 893; x_wconf 86' lang='lat' dir='ltr'>uocetur</span> <span class='ocrx_word' id='word_1_39' title='bbox 1079 833 1179 915; x_wconf 68' lang='lat' dir='ltr'>Popu-</span> 
     </span>
     <span class='ocr_line' id='line_1_6' title="bbox 152 941 1180 1029; baseline -0.004 -21"><span class='ocrx_word' id='word_1_40' title='bbox 152 944 282 1029; x_wconf 78' lang='lat' dir='ltr'>spotok,</span> <span class='ocrx_word' id='word_1_41' title='bbox 303 943 443 1007; x_wconf 84' lang='lat' dir='ltr'>diceutes</span> <span class='ocrx_word' id='word_1_42' title='bbox 458 945 544 1027; x_wconf 86' lang='lat' dir='ltr'>quod</span> <span class='ocrx_word' id='word_1_43' title='bbox 560 943 715 1006; x_wconf 88' lang='lat' dir='ltr'>uiolenter</span> <span class='ocrx_word' id='word_1_44' title='bbox 729 941 813 1007; x_wconf 73' lang='lat' dir='ltr'>iiiam</span> <span class='ocrx_word' id='word_1_45' title='bbox 829 952 1025 1026; x_wconf 81' lang='lat' dir='ltr'>occupasset.</span> <span class='ocrx_word' id='word_1_46' title='bbox 1056 944 1180 1029; x_wconf 85' lang='lat' dir='ltr'>predic-</span> 
     </span>
     <span class='ocr_line' id='line_1_7' title="bbox 153 1053 1181 1139; baseline 0 -18"><span class='ocrx_word' id='word_1_47' title='bbox 153 1065 202 1122; x_wconf 86' lang='lat' dir='ltr'>tus</span> <span class='ocrx_word' id='word_1_48' title='bbox 216 1074 293 1119; x_wconf 86' lang='lat' dir='ltr'>uero</span> <span class='ocrx_word' id='word_1_49' title='bbox 309 1053 386 1119; x_wconf 81' lang='lat' dir='ltr'>LuIn</span> <span class='ocrx_word' id='word_1_50' title='bbox 400 1054 477 1117; x_wconf 77' lang='lat' dir='ltr'>dixit</span> <span class='ocrx_word' id='word_1_51' title='bbox 493 1055 626 1117; x_wconf 84' lang='lat' dir='ltr'>eandem</span> <span class='ocrx_word' id='word_1_52' title='bbox 642 1062 756 1117; x_wconf 85' lang='lat' dir='ltr'>terrum</span> <span class='ocrx_word' id='word_1_53' title='bbox 769 1055 836 1117; x_wconf 84' lang='lat' dir='ltr'>iure</span> <span class='ocrx_word' id='word_1_54' title='bbox 851 1053 1043 1117; x_wconf 81' lang='lat' dir='ltr'>hereditario</span> <span class='ocrx_word' id='word_1_55' title='bbox 1056 1074 1091 1118; x_wconf 88' lang='lat' dir='ltr'>se</span> <span class='ocrx_word' id='word_1_56' title='bbox 1105 1073 1181 1139; x_wconf 75' lang='lat' dir='ltr'>pos·</span> 
     </span>
     <span class='ocr_line' id='line_1_8' title="bbox 152 1165 1181 1251; baseline 0.001 -21"><span class='ocrx_word' id='word_1_57' title='bbox 152 1168 269 1231; x_wconf 84' lang='lat' dir='ltr'>sidere.</span> <span class='ocrx_word' id='word_1_58' title='bbox 289 1167 440 1229; x_wconf 79' lang='lat' dir='ltr'>Martinus</span> <span class='ocrx_word' id='word_1_59' title='bbox 455 1165 549 1249; x_wconf 80' lang='lat' dir='ltr'>igitur</span> <span class='ocrx_word' id='word_1_60' title='bbox 562 1185 679 1239; x_wconf 90' lang='lat' dir='ltr'>comes,</span> <span class='ocrx_word' id='word_1_61' title='bbox 701 1165 798 1228; x_wconf 79' lang='lat' dir='ltr'>freter</span> <span class='ocrx_word' id='word_1_62' title='bbox 811 1166 912 1239; x_wconf 85' lang='lat' dir='ltr'>Seud,</span> <span class='ocrx_word' id='word_1_63' title='bbox 933 1175 1082 1251; x_wconf 88' lang='lat' dir='ltr'>precepto</span> <span class='ocrx_word' id='word_1_64' title='bbox 1097 1166 1181 1251; x_wconf 67' lang='lat' dir='ltr'>regis</span> 
     </span>
     <span class='ocr_line' id='line_1_9' title="bbox 154 1277 1181 1361; baseline -0.003 -16"><span class='ocrx_word' id='word_1_65' title='bbox 154 1298 210 1345; x_wconf 84' lang='lat' dir='ltr'>eos</span> <span class='ocrx_word' id='word_1_66' title='bbox 224 1278 420 1353; x_wconf 79' lang='lat' dir='ltr'>discuciens,</span> <span class='ocrx_word' id='word_1_67' title='bbox 448 1277 553 1360; x_wconf 90' lang='lat' dir='ltr'>posuit</span> <span class='ocrx_word' id='word_1_68' title='bbox 565 1296 662 1358; x_wconf 88' lang='lat' dir='ltr'>super</span> <span class='ocrx_word' id='word_1_69' title='bbox 675 1277 884 1345; x_wconf 78' lang='lat' dir='ltr'>iuramentum</span> <span class='ocrx_word' id='word_1_70' title='bbox 899 1277 996 1352; x_wconf 89' lang='lat' dir='ltr'>Luie,</span> <span class='ocrx_word' id='word_1_71' title='bbox 1016 1278 1070 1361; x_wconf 85' lang='lat' dir='ltr'>qui</span> <span class='ocrx_word' id='word_1_72' title='bbox 1085 1298 1181 1361; x_wconf 80' lang='lat' dir='ltr'>super</span> 
     </span>
    </p>
   </div>
   <div class='ocr_carea' id='block_1_3' title="bbox 56 1388 1180 1474">
    <p class='ocr_par' dir='ltr' id='par_1_3' title="bbox 56 1388 1180 1474">
     <span class='ocr_line' id='line_1_10' title="bbox 56 1388 1180 1474; baseline -0.001 -17"><span class='ocrx_word' id='word_1_73' title='bbox 56 1448 63 1457; x_wconf 91' lang='lat'>.</span> <span class='ocrx_word' id='word_1_74' title='bbox 154 1389 354 1474; x_wconf 73' lang='lat' dir='ltr'>sepulchrum</span> <span class='ocrx_word' id='word_1_75' title='bbox 369 1410 394 1451; x_wconf 88' lang='lat' dir='ltr'>s.</span> <span class='ocrx_word' id='word_1_76' title='bbox 405 1389 489 1471; x_wconf 81' lang='lat' dir='ltr'>regis</span> <span class='ocrx_word' id='word_1_77' title='bbox 503 1388 639 1451; x_wconf 79' lang='lat' dir='ltr'>Ladisiai</span> <span class='ocrx_word' id='word_1_78' title='bbox 662 1408 767 1452; x_wconf 80' lang='lat' dir='ltr'>coram</span> <span class='ocrx_word' id='word_1_79' title='bbox 790 1389 941 1472; x_wconf 81' lang='lat' dir='ltr'>pristnido</span> <span class='ocrx_word' id='word_1_80' title='bbox 955 1390 1040 1472; x_wconf 79' lang='lat' dir='ltr'>regis</span> <span class='ocrx_word' id='word_1_81' title='bbox 1054 1391 1180 1471; x_wconf 80' lang='lat' dir='ltr'>nomine</span> 
     </span>
    </p>
   </div>
   <div class='ocr_carea' id='block_1_4' title="bbox 148 1500 1223 4263">
    <p class='ocr_par' dir='ltr' id='par_1_4' title="bbox 155 1500 1190 1686">
     <span class='ocr_line' id='line_1_11' title="bbox 156 1500 1190 1585; baseline 0.005 -21"><span class='ocrx_word' id='word_1_82' title='bbox 156 1504 272 1575; x_wconf 85' lang='lat' dir='ltr'>Tomn,</span> <span class='ocrx_word' id='word_1_83' title='bbox 299 1500 364 1563; x_wconf 83' lang='lat' dir='ltr'>titio</span> <span class='ocrx_word' id='word_1_84' title='bbox 380 1503 448 1585; x_wconf 83' lang='lat' dir='ltr'>&#39;iup</span> <span class='ocrx_word' id='word_1_85' title='bbox 474 1501 514 1564; x_wconf 90' lang='lat' dir='ltr'>de</span> <span class='ocrx_word' id='word_1_86' title='bbox 536 1500 728 1573; x_wconf 77' lang='lat' dir='ltr'>uiduitate,</span> <span class='ocrx_word' id='word_1_87' title='bbox 750 1510 909 1564; x_wconf 80' lang='lat' dir='ltr'>eteorum</span> <span class='ocrx_word' id='word_1_88' title='bbox 932 1502 1067 1584; x_wconf 80' lang='lat' dir='ltr'>capitulo</span> <span class='ocrx_word' id='word_1_89' title='bbox 1088 1502 1190 1581; x_wconf 60' lang='lat' dir='ltr'>Uaro.</span> 
     </span>
     <span class='ocr_line' id='line_1_12' title="bbox 155 1611 658 1686; baseline -0.002 -12"><span class='ocrx_word' id='word_1_90' title='bbox 155 1612 255 1675; x_wconf 87' lang='lat' dir='ltr'>diensi</span> <span class='ocrx_word' id='word_1_91' title='bbox 268 1613 385 1686; x_wconf 83' lang='lat' dir='ltr'>iurans,</span> <span class='ocrx_word' id='word_1_92' title='bbox 405 1611 588 1676; x_wconf 80' lang='lat' dir='ltr'>iustificetus</span> <span class='ocrx_word' id='word_1_93' title='bbox 602 1620 658 1675; x_wconf 90' lang='lat' dir='ltr'>est.</span> 
     </span>
    </p>

    <p class='ocr_par' dir='ltr' id='par_1_5' title="bbox 153 1723 1223 2920">
     <span class='ocr_line' id='line_1_13' title="bbox 237 1723 1181 1817; baseline 0.005 -32"><span class='ocrx_word' id='word_1_94' title='bbox 237 1725 335 1800; x_wconf 90' lang='lat'>(111)</span> <span class='ocrx_word' id='word_1_95' title='bbox 364 1723 572 1805; x_wconf 77' lang='lat' dir='ltr'>ioubngioues</span> <span class='ocrx_word' id='word_1_96' title='bbox 593 1724 687 1788; x_wconf 83' lang='lat' dir='ltr'>castri</span> <span class='ocrx_word' id='word_1_97' title='bbox 710 1725 864 1798; x_wconf 79' lang='lat' dir='ltr'>Cerezua,</span> <span class='ocrx_word' id='word_1_98' title='bbox 892 1723 1027 1788; x_wconf 83' lang='lat' dir='ltr'>scilicet:</span> <span class='ocrx_word' id='word_1_99' title='bbox 1054 1726 1181 1817; x_wconf 77' lang='lat' dir='ltr'>neuen,</span> 
     </span>
     <span class='ocr_line' id='line_1_14' title="bbox 153 1834 1223 1926; baseline 0.004 -27"><span class='ocrx_word' id='word_1_100' title='bbox 153 1834 318 1919; x_wconf 78' lang='lat' dir='ltr'>Echiieus,</span> <span class='ocrx_word' id='word_1_101' title='bbox 348 1835 475 1909; x_wconf 83' lang='lat' dir='ltr'>Euzud,</span> <span class='ocrx_word' id='word_1_102' title='bbox 505 1834 604 1898; x_wconf 81' lang='lat' dir='ltr'>Pinna</span> <span class='ocrx_word' id='word_1_103' title='bbox 629 1845 660 1899; x_wconf 85' lang='lat' dir='ltr'>et</span> <span class='ocrx_word' id='word_1_104' title='bbox 683 1836 842 1912; x_wconf 77' lang='lat' dir='ltr'>Paradon,</span> <span class='ocrx_word' id='word_1_105' title='bbox 874 1846 906 1900; x_wconf 91' lang='lat' dir='ltr'>et</span> <span class='ocrx_word' id='word_1_106' title='bbox 927 1837 1013 1901; x_wconf 87' lang='lat' dir='ltr'>ciues</span> <span class='ocrx_word' id='word_1_107' title='bbox 1038 1836 1180 1903; x_wconf 81' lang='lat' dir='ltr'>eiusdem</span> <span class='ocrx_word' id='word_1_108' title='bbox 1218 1919 1223 1926; x_wconf 29' lang='grc' dir='ltr'>Ι</span> 
     </span>
     <span class='ocr_line' id='line_1_15' title="bbox 154 1946 1182 2031; baseline 0.002 -20"><span class='ocrx_word' id='word_1_109' title='bbox 154 1949 264 2021; x_wconf 79' lang='lat' dir='ltr'>castri,</span> <span class='ocrx_word' id='word_1_110' title='bbox 284 1948 418 2011; x_wconf 87' lang='lat' dir='ltr'>scilicet:</span> <span class='ocrx_word' id='word_1_111' title='bbox 449 1946 566 2030; x_wconf 66' lang='lat' dir='ltr'>Bono),</span> <span class='ocrx_word' id='word_1_112' title='bbox 588 1947 690 2031; x_wconf 59' lang='lat' dir='ltr'>scyli,</span> <span class='ocrx_word' id='word_1_113' title='bbox 711 1949 809 2011; x_wconf 81' lang='lat' dir='ltr'>Micus</span> <span class='ocrx_word' id='word_1_114' title='bbox 828 1956 859 2011; x_wconf 93' lang='lat' dir='ltr'>et</span> <span class='ocrx_word' id='word_1_115' title='bbox 872 1949 988 2022; x_wconf 86' lang='lat' dir='ltr'>ceteri,</span> <span class='ocrx_word' id='word_1_116' title='bbox 1008 1948 1182 2023; x_wconf 71' lang='lat' dir='ltr'>trauerein</span> 
     </span>
     <span class='ocr_line' id='line_1_16' title="bbox 154 2058 1180 2143; baseline -0.001 -21"><span class='ocrx_word' id='word_1_117' title='bbox 154 2079 281 2123; x_wconf 84' lang='lat' dir='ltr'>ceusem</span> <span class='ocrx_word' id='word_1_118' title='bbox 310 2059 405 2121; x_wconf 83' lang='lat' dir='ltr'>olium</span> <span class='ocrx_word' id='word_1_119' title='bbox 433 2059 634 2122; x_wconf 73' lang='lat' dir='ltr'>leonardum</span> <span class='ocrx_word' id='word_1_120' title='bbox 660 2058 758 2121; x_wconf 85' lang='lat' dir='ltr'>fitium</span> <span class='ocrx_word' id='word_1_121' title='bbox 787 2060 923 2132; x_wconf 90' lang='lat' dir='ltr'>Poneci,</span> <span class='ocrx_word' id='word_1_122' title='bbox 958 2078 1016 2141; x_wconf 87' lang='lat' dir='ltr'>pro</span> <span class='ocrx_word' id='word_1_123' title='bbox 1044 2061 1180 2143; x_wconf 74' lang='lat' dir='ltr'>quedem</span> 
     </span>
     <span class='ocr_line' id='line_1_17' title="bbox 155 2160 1212 2253; baseline 0.002 -22"><span class='ocrx_word' id='word_1_124' title='bbox 155 2179 242 2253; x_wconf 82' lang='lat' dir='ltr'>purte</span> <span class='ocrx_word' id='word_1_125' title='bbox 256 2179 339 2231; x_wconf 89' lang='lat' dir='ltr'>terre</span> <span class='ocrx_word' id='word_1_126' title='bbox 354 2188 488 2250; x_wconf 90' lang='lat' dir='ltr'>sueque</span> <span class='ocrx_word' id='word_1_127' title='bbox 504 2178 634 2232; x_wconf 81' lang='lat' dir='ltr'>uocetur</span> <span class='ocrx_word' id='word_1_128' title='bbox 644 2169 751 2243; x_wconf 83' lang='lat' dir='ltr'>Cesar,</span> <span class='ocrx_word' id='word_1_129' title='bbox 770 2171 911 2234; x_wconf 84' lang='lat' dir='ltr'>dicentes</span> <span class='ocrx_word' id='word_1_130' title='bbox 926 2169 1012 2253; x_wconf 87' lang='lat' dir='ltr'>quod</span> <span class='ocrx_word' id='word_1_131' title='bbox 1026 2169 1183 2247; x_wconf 80' lang='lat' dir='ltr'>uiolenter</span> <span class='ocrx_word' id='word_1_132' title='bbox 1199 2160 1212 2171; x_wconf 80' lang='grc'><strong>’</strong></span> 
     </span>
     <span class='ocr_line' id='line_1_18' title="bbox 156 2279 1182 2362; baseline 0.004 -19"><span class='ocrx_word' id='word_1_133' title='bbox 156 2287 352 2362; x_wconf 79' lang='lat' dir='ltr'>occupasset.</span> <span class='ocrx_word' id='word_1_134' title='bbox 383 2279 541 2362; x_wconf 86' lang='lat' dir='ltr'>predictus</span> <span class='ocrx_word' id='word_1_135' title='bbox 564 2301 639 2344; x_wconf 88' lang='lat' dir='ltr'>uero</span> <span class='ocrx_word' id='word_1_136' title='bbox 661 2282 844 2347; x_wconf 85' lang='lat' dir='ltr'>Leonnrdus</span> <span class='ocrx_word' id='word_1_137' title='bbox 867 2283 945 2347; x_wconf 74' lang='lat' dir='ltr'>dixit</span> <span class='ocrx_word' id='word_1_138' title='bbox 966 2282 1098 2345; x_wconf 80' lang='lat' dir='ltr'>eundem</span> <span class='ocrx_word' id='word_1_139' title='bbox 1118 2290 1182 2347; x_wconf 79' lang='lat' dir='ltr'>ter·</span> 
     </span>
     <span class='ocr_line' id='line_1_19' title="bbox 155 2391 1182 2477; baseline 0.003 -23"><span class='ocrx_word' id='word_1_140' title='bbox 155 2411 222 2461; x_wconf 76' lang='lat' dir='ltr'>ram</span> <span class='ocrx_word' id='word_1_141' title='bbox 237 2391 305 2455; x_wconf 91' lang='lat' dir='ltr'>iure</span> <span class='ocrx_word' id='word_1_142' title='bbox 319 2391 511 2456; x_wconf 79' lang='lat' dir='ltr'>hereditario</span> <span class='ocrx_word' id='word_1_143' title='bbox 522 2393 696 2475; x_wconf 86' lang='lat' dir='ltr'>possidere.</span> <span class='ocrx_word' id='word_1_144' title='bbox 715 2395 866 2459; x_wconf 78' lang='lat' dir='ltr'>Martinus</span> <span class='ocrx_word' id='word_1_145' title='bbox 877 2413 954 2477; x_wconf 79' lang='lat' dir='ltr'>ergo</span> <span class='ocrx_word' id='word_1_146' title='bbox 965 2413 1070 2459; x_wconf 87' lang='lat' dir='ltr'>comcs</span> <span class='ocrx_word' id='word_1_147' title='bbox 1085 2393 1182 2458; x_wconf 79' lang='lat' dir='ltr'>irater</span> 
     </span>
     <span class='ocr_line' id='line_1_20' title="bbox 156 2502 1182 2589; baseline 0.009 -22"><span class='ocrx_word' id='word_1_148' title='bbox 156 2505 251 2579; x_wconf 85' lang='lat' dir='ltr'>Seud,</span> <span class='ocrx_word' id='word_1_149' title='bbox 271 2513 422 2587; x_wconf 90' lang='lat' dir='ltr'>precepto</span> <span class='ocrx_word' id='word_1_150' title='bbox 436 2504 520 2585; x_wconf 80' lang='lat' dir='ltr'>regis</span> <span class='ocrx_word' id='word_1_151' title='bbox 539 2502 714 2568; x_wconf 81' lang='lat' dir='ltr'>discuciens</span> <span class='ocrx_word' id='word_1_152' title='bbox 736 2507 840 2588; x_wconf 78' lang='lat' dir='ltr'>posuit</span> <span class='ocrx_word' id='word_1_153' title='bbox 857 2527 954 2589; x_wconf 89' lang='lat' dir='ltr'>super</span> <span class='ocrx_word' id='word_1_154' title='bbox 971 2507 1182 2575; x_wconf 80' lang='lat' dir='ltr'>iuramentum</span> 
     </span>
     <span class='ocr_line' id='line_1_21' title="bbox 157 2614 1182 2700; baseline 0.004 -23"><span class='ocrx_word' id='word_1_155' title='bbox 157 2616 327 2689; x_wconf 82' lang='lat' dir='ltr'>Leonerdi,</span> <span class='ocrx_word' id='word_1_156' title='bbox 354 2615 407 2698; x_wconf 91' lang='lat' dir='ltr'>qui</span> <span class='ocrx_word' id='word_1_157' title='bbox 426 2635 522 2698; x_wconf 88' lang='lat' dir='ltr'>super</span> <span class='ocrx_word' id='word_1_158' title='bbox 542 2614 743 2696; x_wconf 83' lang='lat' dir='ltr'>sepulchrum</span> <span class='ocrx_word' id='word_1_159' title='bbox 764 2618 882 2700; x_wconf 77' lang='lat' dir='ltr'>sregis</span> <span class='ocrx_word' id='word_1_160' title='bbox 896 2617 1049 2691; x_wconf 66' lang='lat' dir='ltr'>indulsi,</span> <span class='ocrx_word' id='word_1_161' title='bbox 1075 2636 1182 2691; x_wconf 65' lang='lat' dir='ltr'>coram</span> 
     </span>
     <span class='ocr_line' id='line_1_22' title="bbox 157 2725 1185 2810; baseline 0.006 -21"><span class='ocrx_word' id='word_1_162' title='bbox 157 2725 307 2809; x_wconf 77' lang='lat' dir='ltr'>pristaldo</span> <span class='ocrx_word' id='word_1_163' title='bbox 327 2726 413 2808; x_wconf 79' lang='lat' dir='ltr'>regis</span> <span class='ocrx_word' id='word_1_164' title='bbox 434 2725 560 2789; x_wconf 91' lang='lat' dir='ltr'>nomine</span> <span class='ocrx_word' id='word_1_165' title='bbox 582 2727 682 2789; x_wconf 79' lang='lat' dir='ltr'>Tomn</span> <span class='ocrx_word' id='word_1_166' title='bbox 706 2727 772 2791; x_wconf 86' lang='lat' dir='ltr'>titio</span> <span class='ocrx_word' id='word_1_167' title='bbox 790 2729 858 2810; x_wconf 84' lang='lat' dir='ltr'>Tup</span> <span class='ocrx_word' id='word_1_168' title='bbox 880 2729 920 2793; x_wconf 92' lang='lat' dir='ltr'>de</span> <span class='ocrx_word' id='word_1_169' title='bbox 940 2730 1014 2793; x_wconf 80' lang='lat' dir='ltr'>uitia</span> <span class='ocrx_word' id='word_1_170' title='bbox 1031 2729 1127 2803; x_wconf 81' lang='lat' dir='ltr'>Metu,</span> <span class='ocrx_word' id='word_1_171' title='bbox 1149 2736 1185 2795; x_wconf 80' lang='lat' dir='ltr'>et</span> 
     </span>
     <span class='ocr_line' id='line_1_23' title="bbox 157 2836 1013 2920; baseline 0.006 -20"><span class='ocrx_word' id='word_1_172' title='bbox 157 2857 262 2901; x_wconf 82' lang='lat' dir='ltr'>corum</span> <span class='ocrx_word' id='word_1_173' title='bbox 276 2838 412 2920; x_wconf 79' lang='lat' dir='ltr'>capitulo</span> <span class='ocrx_word' id='word_1_174' title='bbox 428 2836 609 2901; x_wconf 59' lang='lat' dir='ltr'>[inradiensi</span> <span class='ocrx_word' id='word_1_175' title='bbox 622 2837 738 2911; x_wconf 80' lang='lat' dir='ltr'>iurans,</span> <span class='ocrx_word' id='word_1_176' title='bbox 759 2837 940 2905; x_wconf 81' lang='lat' dir='ltr'>iustificatos</span> <span class='ocrx_word' id='word_1_177' title='bbox 955 2849 1013 2905; x_wconf 85' lang='lat' dir='ltr'>est.</span> 
     </span>
    </p>

    <p class='ocr_par' dir='ltr' id='par_1_6' title="bbox 154 2948 1183 3810">
     <span class='ocr_line' id='line_1_24' title="bbox 236 2948 1182 3041; baseline 0.011 -30"><span class='ocrx_word' id='word_1_178' title='bbox 236 2951 338 3026; x_wconf 79' lang='lat'>(112)</span> <span class='ocrx_word' id='word_1_179' title='bbox 360 2950 483 3013; x_wconf 79' lang='lat' dir='ltr'>Euneos</span> <span class='ocrx_word' id='word_1_180' title='bbox 505 2959 536 3013; x_wconf 92' lang='lat' dir='ltr'>et</span> <span class='ocrx_word' id='word_1_181' title='bbox 556 2948 653 3017; x_wconf 79' lang='lat' dir='ltr'>freter</span> <span class='ocrx_word' id='word_1_182' title='bbox 675 2953 743 3015; x_wconf 88' lang='lat' dir='ltr'>cius</span> <span class='ocrx_word' id='word_1_183' title='bbox 766 2952 852 3014; x_wconf 81' lang='lat' dir='ltr'>Beda</span> <span class='ocrx_word' id='word_1_184' title='bbox 872 2953 912 3017; x_wconf 91' lang='lat' dir='ltr'>de</span> <span class='ocrx_word' id='word_1_185' title='bbox 936 2953 1011 3017; x_wconf 82' lang='lat' dir='ltr'>uilla</span> <span class='ocrx_word' id='word_1_186' title='bbox 1029 2952 1182 3041; x_wconf 64' lang='lat' dir='ltr'>Chytmep</span> 
     </span>
     <span class='ocr_line' id='line_1_25' title="bbox 156 3062 1182 3147; baseline 0.003 -22"><span class='ocrx_word' id='word_1_187' title='bbox 156 3062 358 3147; x_wconf 73' lang='lat' dir='ltr'>titignuerunt</span> <span class='ocrx_word' id='word_1_188' title='bbox 379 3080 451 3123; x_wconf 90' lang='lat' dir='ltr'>cum</span> <span class='ocrx_word' id='word_1_189' title='bbox 466 3062 564 3122; x_wconf 79' lang='lat' dir='ltr'>Toura</span> <span class='ocrx_word' id='word_1_190' title='bbox 586 3070 617 3123; x_wconf 90' lang='lat' dir='ltr'>et</span> <span class='ocrx_word' id='word_1_191' title='bbox 632 3062 749 3144; x_wconf 66' lang='grc' dir='ltr'>Μιιιος,Ι</span> <span class='ocrx_word' id='word_1_192' title='bbox 767 3064 807 3126; x_wconf 87' lang='lat' dir='ltr'>de</span> <span class='ocrx_word' id='word_1_193' title='bbox 826 3064 937 3125; x_wconf 83' lang='lat' dir='ltr'>eadem</span> <span class='ocrx_word' id='word_1_194' title='bbox 959 3064 1048 3136; x_wconf 78' lang='lat' dir='ltr'>uitia,</span> <span class='ocrx_word' id='word_1_195' title='bbox 1074 3083 1182 3137; x_wconf 69' lang='lat' dir='ltr'>eornm</span> 
     </span>
     <span class='ocr_line' id='line_1_26' title="bbox 157 3172 1183 3257; baseline 0.002 -20"><span class='ocrx_word' id='word_1_196' title='bbox 157 3173 330 3257; x_wconf 75' lang='lat' dir='ltr'>smaragdo</span> <span class='ocrx_word' id='word_1_197' title='bbox 353 3172 466 3236; x_wconf 87' lang='lat' dir='ltr'>comite</span> <span class='ocrx_word' id='word_1_198' title='bbox 487 3173 527 3234; x_wconf 86' lang='lat' dir='ltr'>de</span> <span class='ocrx_word' id='word_1_199' title='bbox 547 3175 669 3247; x_wconf 82' lang='lat' dir='ltr'>l‘oson,</span> <span class='ocrx_word' id='word_1_200' title='bbox 690 3174 743 3257; x_wconf 83' lang='lat' dir='ltr'>qui</span> <span class='ocrx_word' id='word_1_201' title='bbox 759 3173 938 3237; x_wconf 85' lang='lat' dir='ltr'>discuciens</span> <span class='ocrx_word' id='word_1_202' title='bbox 953 3194 1025 3246; x_wconf 92' lang='lat' dir='ltr'>eos,</span> <span class='ocrx_word' id='word_1_203' title='bbox 1046 3194 1104 3257; x_wconf 69' lang='lat' dir='ltr'>per</span> <span class='ocrx_word' id='word_1_204' title='bbox 1118 3173 1183 3257; x_wconf 71' lang='lat' dir='ltr'>pti·</span> 
     </span>
     <span class='ocr_line' id='line_1_27' title="bbox 156 3282 1181 3371; baseline -0.001 -24"><span class='ocrx_word' id='word_1_205' title='bbox 156 3285 290 3349; x_wconf 81' lang='lat' dir='ltr'>steidum</span> <span class='ocrx_word' id='word_1_206' title='bbox 304 3302 395 3347; x_wconf 89' lang='lat' dir='ltr'>suum</span> <span class='ocrx_word' id='word_1_207' title='bbox 410 3282 593 3364; x_wconf 83' lang='lat' dir='ltr'>coequeum</span> <span class='ocrx_word' id='word_1_208' title='bbox 609 3282 648 3344; x_wconf 87' lang='lat' dir='ltr'>de</span> <span class='ocrx_word' id='word_1_209' title='bbox 665 3282 739 3345; x_wconf 79' lang='lat' dir='ltr'>uilia</span> <span class='ocrx_word' id='word_1_210' title='bbox 752 3283 883 3347; x_wconf 84' lang='lat' dir='ltr'>Gormot</span> <span class='ocrx_word' id='word_1_211' title='bbox 896 3283 980 3361; x_wconf 84' lang='lat' dir='ltr'>misit</span> <span class='ocrx_word' id='word_1_212' title='bbox 993 3285 1033 3349; x_wconf 85' lang='lat' dir='ltr'>ud</span> <span class='ocrx_word' id='word_1_213' title='bbox 1048 3303 1181 3371; x_wconf 74' lang='lat' dir='ltr'>examen</span> 
     </span>
     <span class='ocr_line' id='line_1_28' title="bbox 155 3392 1183 3485; baseline 0 -29"><span class='ocrx_word' id='word_1_214' title='bbox 155 3393 231 3457; x_wconf 76' lang='lat' dir='ltr'>ferri</span> <span class='ocrx_word' id='word_1_215' title='bbox 252 3395 414 3456; x_wconf 80' lang='lat' dir='ltr'>candentis</span> <span class='ocrx_word' id='word_1_216' title='bbox 431 3392 638 3464; x_wconf 75' lang='lat' dir='ltr'>Uerndinum,</span> <span class='ocrx_word' id='word_1_217' title='bbox 660 3392 713 3454; x_wconf 88' lang='lat' dir='ltr'>ubi</span> <span class='ocrx_word' id='word_1_218' title='bbox 733 3393 865 3473; x_wconf 84' lang='lat' dir='ltr'>predicti</span> <span class='ocrx_word' id='word_1_219' title='bbox 880 3395 992 3459; x_wconf 84' lang='lat' dir='ltr'>Tomes</span> <span class='ocrx_word' id='word_1_220' title='bbox 1014 3402 1046 3459; x_wconf 88' lang='lat' dir='ltr'>et</span> <span class='ocrx_word' id='word_1_221' title='bbox 1066 3395 1183 3485; x_wconf 70' lang='lat' dir='ltr'>Meuop</span> 
     </span>
     <span class='ocr_line' id='line_1_29' title="bbox 155 3501 1183 3595; baseline 0.001 -27"><span class='ocrx_word' id='word_1_222' title='bbox 155 3512 372 3575; x_wconf 82' lang='lat' dir='ltr'>conuenerunt</span> <span class='ocrx_word' id='word_1_223' title='bbox 392 3505 469 3567; x_wconf 82' lang='lat' dir='ltr'>dare</span> <span class='ocrx_word' id='word_1_224' title='bbox 490 3501 678 3575; x_wconf 79' lang='lat' dir='ltr'>aduersariis</span> <span class='ocrx_word' id='word_1_225' title='bbox 695 3502 761 3567; x_wconf 88' lang='lat' dir='ltr'>suis</span> <span class='ocrx_word' id='word_1_226' title='bbox 774 3503 951 3569; x_wconf 82' lang='lat' dir='ltr'>liuresdinu</span> <span class='ocrx_word' id='word_1_227' title='bbox 967 3512 999 3569; x_wconf 90' lang='lat' dir='ltr'>ct</span> <span class='ocrx_word' id='word_1_228' title='bbox 1012 3504 1099 3569; x_wconf 75' lang='lat' dir='ltr'>tratri</span> <span class='ocrx_word' id='word_1_229' title='bbox 1115 3504 1183 3595; x_wconf 69' lang='lat' dir='ltr'>eius</span> 
     </span>
     <span class='ocr_line' id='line_1_30' title="bbox 154 3612 1182 3697; baseline 0.006 -20"><span class='ocrx_word' id='word_1_230' title='bbox 154 3613 240 3678; x_wconf 87' lang='lat' dir='ltr'>Bede</span> <span class='ocrx_word' id='word_1_231' title='bbox 254 3634 349 3677; x_wconf 78' lang='lat' dir='ltr'>unum</span> <span class='ocrx_word' id='word_1_232' title='bbox 369 3633 522 3689; x_wconf 80' lang='lat' dir='ltr'>mercem,</span> <span class='ocrx_word' id='word_1_233' title='bbox 545 3622 576 3676; x_wconf 88' lang='lat' dir='ltr'>et</span> <span class='ocrx_word' id='word_1_234' title='bbox 589 3612 673 3676; x_wconf 91' lang='lat' dir='ltr'>idem</span> <span class='ocrx_word' id='word_1_235' title='bbox 689 3612 838 3697; x_wconf 75' lang='lat' dir='ltr'>pristaldo</span> <span class='ocrx_word' id='word_1_236' title='bbox 853 3613 1043 3677; x_wconf 81' lang='lat' dir='ltr'>satisfacere.</span> <span class='ocrx_word' id='word_1_237' title='bbox 1069 3612 1182 3683; x_wconf 79' lang='lat' dir='ltr'>iudicis</span> 
     </span>
     <span class='ocr_line' id='line_1_31' title="bbox 154 3725 983 3810; baseline -0.002 -21"><span class='ocrx_word' id='word_1_238' title='bbox 154 3746 231 3791; x_wconf 90' lang='lat' dir='ltr'>uero</span> <span class='ocrx_word' id='word_1_239' title='bbox 245 3735 369 3810; x_wconf 85' lang='lat' dir='ltr'>partem</span> <span class='ocrx_word' id='word_1_240' title='bbox 382 3726 506 3789; x_wconf 84' lang='lat' dir='ltr'>Eureus</span> <span class='ocrx_word' id='word_1_241' title='bbox 520 3735 552 3790; x_wconf 86' lang='lat' dir='ltr'>et</span> <span class='ocrx_word' id='word_1_242' title='bbox 564 3725 650 3788; x_wconf 81' lang='lat' dir='ltr'>Beda</span> <span class='ocrx_word' id='word_1_243' title='bbox 665 3727 739 3789; x_wconf 83' lang='lat' dir='ltr'>dare</span> <span class='ocrx_word' id='word_1_244' title='bbox 754 3734 983 3789; x_wconf 87' lang='lat' dir='ltr'>conuenerunt.</span> 
     </span>
    </p>

    <p class='ocr_par' dir='ltr' id='par_1_7' title="bbox 148 3835 1183 4263">
     <span class='ocr_line' id='line_1_32' title="bbox 237 3835 1183 3921; baseline 0.004 -22"><span class='ocrx_word' id='word_1_245' title='bbox 237 3838 338 3914; x_wconf 78' lang='lat'>(113)</span> <span class='ocrx_word' id='word_1_246' title='bbox 360 3837 425 3920; x_wconf 74' lang='lat' dir='ltr'>Ocy</span> <span class='ocrx_word' id='word_1_247' title='bbox 449 3837 488 3901; x_wconf 90' lang='lat' dir='ltr'>dc</span> <span class='ocrx_word' id='word_1_248' title='bbox 512 3835 586 3900; x_wconf 83' lang='lat' dir='ltr'>uilin</span> <span class='ocrx_word' id='word_1_249' title='bbox 601 3836 747 3900; x_wconf 87' lang='lat' dir='ltr'>Solumus</span> <span class='ocrx_word' id='word_1_250' title='bbox 771 3836 912 3919; x_wconf 87' lang='lat' dir='ltr'>impeciit</span> <span class='ocrx_word' id='word_1_251' title='bbox 932 3846 1080 3921; x_wconf 80' lang='lat' dir='ltr'>quattuor</span> <span class='ocrx_word' id='word_1_252' title='bbox 1094 3839 1183 3921; x_wconf 61' lang='lat' dir='ltr'>iotse-</span> 
     </span>
     <span class='ocr_line' id='line_1_33' title="bbox 153 3947 1183 4041; baseline 0.005 -30"><span class='ocrx_word' id='word_1_253' title='bbox 153 3948 265 4033; x_wconf 71' lang='lat' dir='ltr'>giones</span> <span class='ocrx_word' id='word_1_254' title='bbox 283 3948 359 4013; x_wconf 87' lang='lat' dir='ltr'>Beie</span> <span class='ocrx_word' id='word_1_255' title='bbox 385 3950 424 4014; x_wconf 92' lang='lat' dir='ltr'>de</span> <span class='ocrx_word' id='word_1_256' title='bbox 446 3949 521 4019; x_wconf 82' lang='lat' dir='ltr'>uilia</span> <span class='ocrx_word' id='word_1_257' title='bbox 539 3947 698 4013; x_wconf 82' lang='lat' dir='ltr'>Guolozka</span> <span class='ocrx_word' id='word_1_258' title='bbox 722 3950 763 4014; x_wconf 89' lang='lat' dir='ltr'>de</span> <span class='ocrx_word' id='word_1_259' title='bbox 783 3950 880 4025; x_wconf 80' lang='lat' dir='ltr'>furto,</span> <span class='ocrx_word' id='word_1_260' title='bbox 899 3970 1033 4033; x_wconf 81' lang='lat' dir='ltr'>quorum</span> <span class='ocrx_word' id='word_1_261' title='bbox 1053 3951 1183 4041; x_wconf 71' lang='lat' dir='ltr'>nomipp</span> 
     </span>
     <span class='ocr_line' id='line_1_34' title="bbox 154 4057 1183 4151; baseline -0.001 -28"><span class='ocrx_word' id='word_1_262' title='bbox 154 4067 228 4123; x_wconf 83' lang='lat' dir='ltr'>suut</span> <span class='ocrx_word' id='word_1_263' title='bbox 241 4057 316 4125; x_wconf 69' lang='lat' dir='ltr'>hece</span> <span class='ocrx_word' id='word_1_264' title='bbox 336 4060 502 4137; x_wconf 74' lang='lat' dir='ltr'>diodoros,</span> <span class='ocrx_word' id='word_1_265' title='bbox 523 4059 648 4135; x_wconf 78' lang='lat' dir='ltr'>chene,</span> <span class='ocrx_word' id='word_1_266' title='bbox 669 4060 791 4147; x_wconf 78' lang='lat' dir='ltr'>Chymp</span> <span class='ocrx_word' id='word_1_267' title='bbox 810 4072 842 4129; x_wconf 87' lang='lat' dir='ltr'>et</span> <span class='ocrx_word' id='word_1_268' title='bbox 854 4062 942 4139; x_wconf 86' lang='lat' dir='ltr'>Bud,</span> <span class='ocrx_word' id='word_1_269' title='bbox 963 4063 1067 4127; x_wconf 90' lang='lat' dir='ltr'>iudice</span> <span class='ocrx_word' id='word_1_270' title='bbox 1083 4058 1183 4151; x_wconf 59' lang='lat' dir='ltr'>Topip</span> 
     </span>
     <span class='ocr_line' id='line_1_35' title="bbox 148 4168 1181 4263; baseline 0.004 -26"><span class='ocrx_word' id='word_1_271' title='bbox 148 4168 266 4261; x_wconf 64' lang='lat' dir='ltr'>‚Wiffi</span> <span class='ocrx_word' id='word_1_272' title='bbox 280 4168 394 4239; x_wconf 82' lang='lat' dir='ltr'>conire</span> <span class='ocrx_word' id='word_1_273' title='bbox 407 4171 448 4239; x_wconf 87' lang='lat' dir='ltr'>de</span> <span class='ocrx_word' id='word_1_274' title='bbox 460 4171 606 4251; x_wconf 79' lang='lat' dir='ltr'>Zountrk,</span> <span class='ocrx_word' id='word_1_275' title='bbox 626 4178 658 4237; x_wconf 91' lang='lat' dir='ltr'>et</span> <span class='ocrx_word' id='word_1_276' title='bbox 670 4171 771 4239; x_wconf 81' lang='lat' dir='ltr'>uitcro</span> <span class='ocrx_word' id='word_1_277' title='bbox 783 4173 882 4243; x_wconf 87' lang='lat' dir='ltr'>biloto</span> <span class='ocrx_word' id='word_1_278' title='bbox 897 4175 1011 4251; x_wconf 74' lang='lat' dir='ltr'>Torua,</span> <span class='ocrx_word' id='word_1_279' title='bbox 1030 4169 1181 4263; x_wconf 78' lang='lat' dir='ltr'>prutudc</span> 
     </span>
    </p>
   </div>
   <div class='ocr_carea' id='block_1_5' title="bbox 0 0 1408 4764">
    <p class='ocr_par' dir='ltr' id='par_1_8' title="bbox 0 0 1408 4764">
     <span class='ocr_line' id='line_1_36' title="bbox 0 0 1408 4764; baseline 0 0"><span class='ocrx_word' id='word_1_280' title='bbox 0 0 1408 4764; x_wconf 95' lang='lat' dir='ltr'> </span> 
     </span>
    </p>
   </div>
  </div>
 </body>
</html>
