2798 4764
347 378 373 424 s.
383 378 540 425 sarram
560 380 649 426 nasis
670 383 816 429 cnosson
835 384 931 432 ursos
951 364 1007 455 (91.
1132 356 1190 436 tol

244 641 289 726 (a)
311 645 385 707 Post
400 663 463 706 non
476 643 606 708 mrdtum
622 647 771 729 temporis
795 650 1028 731 egrotacionem
1043 632 1190 730 incurrit,

162 774 223 839 qua
245 756 446 838 postmodum
468 772 604 838 corpore
625 758 777 833 decessit,
798 759 891 842 longa
911 760 1071 843 languoris
1092 764 1191 828 mole-

162 868 220 930 stia
234 867 473 949 ingrauescente
490 868 521 928 in
536 869 670 949 pedibus
686 878 770 933 stare
784 873 944 953 nequibat.
976 856 1119 938 uidentes
1134 895 1191 940 au·

161 991 223 1044 tens
238 987 372 1063 quatuor
387 978 571 1041 nobilissimi
593 979 802 1061 palatinorum
818 983 872 1044 diu
887 985 1089 1067 grauiterque
1102 974 1191 1051 labd-

161 1098 298 1164 rantem,
320 1110 392 1152 nam
412 1089 472 1171 ipsi
495 1090 597 1153 adbuc
619 1091 651 1151 in
666 1090 797 1171 pertidia
812 1093 916 1156 cordis
932 1095 1093 1170 errabant,
1115 1115 1190 1158 con-

160 1202 262 1264 silium
283 1200 453 1283 iniquitaIIs
474 1200 648 1274 duxerunt,
677 1220 888 1285 occasumque
913 1204 981 1266 eius
1000 1204 1032 1267 in
1055 1190 1189 1270 mortem

162 1312 264 1376 eonati
279 1320 352 1374 sunt
366 1318 512 1373 tractare.
532 1310 594 1372 iam
611 1312 661 1373 die
673 1313 959 1395 aduesperascente
974 1324 1142 1398 antequam
1154 1308 1190 1380 ils

160 1424 255 1487 domo
268 1422 398 1485 lucerna
420 1421 656 1496 accenderetur,
678 1443 757 1484 unus
773 1410 883 1485 eorum
899 1424 1059 1489 audaciter
1071 1426 1190 1490 subob-

159 1554 251 1597 scuro
272 1535 433 1616 ingressus
458 1540 526 1607 est,
556 1540 587 1596 et
608 1534 647 1596 ad
668 1533 808 1616 iugulum
827 1555 936 1599 ensem
959 1536 1109 1600 nudatum
1129 1540 1190 1602 sub

159 1645 289 1709 clamide
305 1645 438 1728 tegebat.
466 1644 540 1707 dom
555 1644 670 1727 pedem
686 1645 842 1709 inhiberet
857 1647 910 1709 ubi
926 1666 982 1710 rex
996 1639 1188 1730 quiescebat,
1277 1678 1280 1683 ·

158 1776 270 1820 reuera
294 1755 403 1818 celesti
422 1754 559 1837 impulsu
586 1755 707 1838 gladius
732 1746 866 1829 corruit,
899 1756 1129 1840 percussusque
1153 1760 1187 1823 in
1278 1737 1282 1744 ⁸

158 1878 273 1933 terram
287 1867 432 1929 tinnitum
446 1867 593 1930 reddidit.
613 1868 716 1929 statim
728 1876 915 1950 experectus
926 1888 1070 1932 caussam
1081 1869 1188 1953 requi·

156 1980 246 2054 siuit,
266 1986 415 2042 ettamen
430 1978 505 2061 qnid
520 1977 631 2043 suisset
645 1979 851 2061 presciuerat.
876 1980 925 2041 uir
938 1978 991 2043 ille
1006 1981 1116 2044 anxius
1129 1983 1187 2046 ob·

156 2091 234 2164 ruit,
265 2089 428 2151 consilium
452 2087 567 2150 luroris
593 2090 641 2151 sui
667 2090 868 2172 recognouit,
899 2090 1014 2165 doluit,
1036 2093 1186 2168 accessit,

156 2202 344 2282 procubuit,
374 2201 505 2282 uestigia
530 2201 614 2282 regis
643 2198 837 2281 amplexatus
866 2207 928 2274 est,
955 2221 990 2264 se
1014 2196 1187 2282 deliquisse

156 2314 323 2387 fatebatur,
350 2312 409 2375 sibi
430 2310 595 2394 indulgere
622 2301 821 2393 precabatur.
849 2313 975 2376 ueniam
999 2319 1185 2394 querentem

155 2446 221 2489 non
234 2426 362 2499 auertit,
383 2424 506 2487 facinus
528 2423 620 2486 iacile
643 2424 775 2496 dimisit,
796 2423 945 2504 idemque
964 2422 1068 2485 iussus
1092 2422 1187 2486 tradi-
1257 2430 1260 2434 ⁴

155 2537 255 2600 cionis
277 2537 420 2600 conscios
442 2535 576 2617 aperuit.
605 2530 732 2617 postera
747 2534 798 2597 die
813 2542 965 2617 precepto
979 2534 1063 2616 regis
1083 2533 1186 2598 homi·

156 2650 225 2713 cide
245 2648 288 2711 illi
309 2648 430 2711 inuenti
452 2647 660 2719 adducuntur,
682 2653 713 2709 et
727 2645 882 2708 aduersus
897 2664 953 2707 eos
966 2645 1082 2708 iudicia
1095 2644 1185 2710 locu·

155 2770 206 2824 tus
220 2768 277 2823 est
298 2768 333 2822 ot
346 2767 451 2822 autem
466 2756 595 2839 reliquis
611 2742 717 2822 essent
730 2757 762 2818 in
778 2756 967 2838 exemplum,
982 2764 1014 2820 et
1028 2756 1186 2822 discerent

156 2872 300 2936 dominos
322 2889 446 2934 summo
471 2868 593 2932 bonore
615 2866 778 2943 uenerari,
804 2866 874 2930 uisu
895 2866 1047 2949 priuauit,
1072 2878 1184 2931 mantra

154 2983 264 3045 noxias
279 2980 425 3054 abscidit,
446 2980 543 3061 etqui
557 2978 713 3042 iniusticia
727 2997 785 3042 soa
798 2977 927 3041 insidias
941 2972 1023 3042 iusto
1037 2976 1198 3062 sanguini,

154 3101 359 3176 parauerant,
379 3091 496 3154 iudicio
512 3090 633 3152 iusticie
646 3090 678 3152 in
694 3089 811 3152 malum
825 3089 888 3153 uite
903 3108 960 3152 sue
976 3082 1196 3189 deuenerunt..

237 3312 304 3397 (10)
323 3315 413 3377 Anno
433 3310 834 3403 dominiceinearnacionis
853 3310 894 3371 bl.
915 3309 1018 3396 XXX.
1031 3307 1113 3371 vul.
1134 3306 1183 3369 in·

153 3428 292 3493 dictione
307 3427 358 3488 VI.
377 3425 527 3488 Heinrico
550 3425 763 3485 Rornanorum
788 3429 939 3503 augusto,
970 3439 1052 3483 anno
1076 3424 1182 3483 autem

151 3540 277 3620 imperii
297 3539 345 3602 sui
367 3537 469 3599 111111.
480 3535 560 3597 VIII.
580 3534 647 3597 lIal.
667 3532 860 3614 Septembris
883 3531 975 3604 obiit,
997 3539 1029 3593 et
1046 3531 1080 3595 in
1100 3530 1209 3596 basi·-

151 3654 213 3717 lica
232 3651 361 3736 uirginis
375 3648 490 3722 biario,
512 3667 607 3729 quam
622 3645 767 3728 precioso
782 3664 878 3727 opere
894 3650 1182 3720 consummauerat,

150 3763 327 3829 honorilice
349 3771 398 3826 est
422 3759 573 3842 sepultus.
608 3758 711 3820 multis
733 3756 826 3836 igitur
847 3775 1000 3819 annorum
1022 3775 1115 3837 cursu
1137 3754 1183 3820 la·

149 3877 315 3951 bentibus,
349 3894 405 3939 seu
435 3879 563 3956 propter
586 3870 862 3934 exbabundantem
890 3868 999 3954 populi
1026 3868 1182 3934 maliclam

149 4008 208 4053 seu
236 3995 367 4072 propter
395 3985 533 4069 aliquam
559 3982 748 4045 diuisionem
781 3981 815 4044 in
845 3980 979 4045 ecclesia
1015 3980 1181 4044 thesaurus

149 4109 236 4166 tante
251 4099 386 4184 pecunie
407 4099 440 4161 in
460 4105 544 4162 terra
557 4095 663 4169 latuit,
685 4102 717 4159 et
729 4093 908 4158 mortalium
929 4091 1105 4175 cognicioni
1127 4106 1182 4151 oc·

149 4215 264 4292 cultus,
283 4212 382 4278 solius
397 4210 496 4276 oculis
510 4208 629 4274 domini
642 4207 823 4292 apparebat.
851 4203 1036 4367 seqiuolens
1048 4202 1118 4264 eius
1131 4198 1181 4259 in·
