2798 4764
450 46 464 81 l.

295 362 377 423 mna
396 363 543 423 surus
560 362 712 423 nussru
727 360 934 423 -sussroeuc
974 342 1066 425 lass
1132 340 1196 425 ut

167 528 340 595 clericalem
355 529 395 593 eb
408 528 513 613 aliquo
528 528 651 613 prelato
666 530 857 595 admittatur.
886 529 920 594 bi
933 529 1033 595 mium
1046 531 1102 613 qui
1115 518 1197 617 legi-

164 642 241 705 time
260 649 333 705 sunt
351 642 495 717 admissi,
516 643 543 705 si
557 661 667 709 caussa
686 641 763 706 lucri
784 643 837 707 uel
856 642 989 707 alienius
1009 644 1195 711 ambicionis

166 753 325 817 desiderio
339 772 375 816 se
389 754 531 835 turpibus
547 774 698 820 exercere
712 755 848 820 uoluerit
862 755 1028 838 operibns,
1048 775 1090 819 ne
1104 774 1195 820 scen·

167 864 272 930 dalnrn
293 867 402 949 pocius
423 886 519 949 quem
541 867 722 951 exemplum
742 868 883 932 ueritatis
905 868 1075 950 prebeant,
1097 868 1194 933 esuis

167 975 295 1059 prelatis
309 996 367 1060 per
381 995 545 1041 censuram
561 978 804 1043 eeclesiasticam
825 987 1002 1042 nrcesntur.

247 1087 285 1151 Ut
309 1088 404 1171 igitur
428 1089 489 1152 bec
516 1089 646 1153 anobis
668 1097 699 1152 et
726 1089 881 1153 anostris
903 1089 1072 1153 baronibus
1094 1087 1195 1172 sepeli

166 1198 334 1263 sanccione
355 1199 439 1263 iectn
459 1199 611 1264 libertatis
633 1199 794 1264 institucio
817 1198 934 1265 nostris
953 1208 1195 1283 nestrommqee

167 1329 383 1375 successorum
406 1311 600 1393 temporibus
620 1311 710 1375 firme
731 1330 857 1393 semper
878 1321 910 1376 et
929 1311 1048 1377 illibata
1070 1328 1196 1394 perme-

167 1429 254 1495 neet,
275 1430 452 1503 presentem
473 1423 687 1486 concessimus
708 1423 873 1506 paginam,
892 1422 986 1507 sigilli
1006 1424 1106 1487 nostri
1125 1440 1195 1487 mn·

167 1532 283 1596 nimine
306 1533 339 1594 in
360 1542 547 1616 perpetuum
568 1534 756 1598 roboratam.
785 1542 896 1599 contra
915 1535 1005 1600 cuius
1028 1535 1143 1598 seriem
1167 1533 1195 1599 si

168 1645 237 1728 quis
263 1653 440 1707 nostrorum
469 1645 606 1709 liliorum
630 1655 684 1709 ent
707 1645 878 1720 heredum,
907 1665 964 1710 seu
991 1645 1196 1728 iobngionun

168 1755 324 1838 quispiam
339 1776 452 1839 sapere
466 1757 520 1820 uel
533 1765 685 1821 attentare
698 1757 897 1839 presumerit,
909 1776 984 1821 reus
996 1756 1085 1839 regie
1098 1756 1197 1821 meie-

168 1868 271 1942 statis,
299 1869 489 1933 anathemati
514 1869 623 1934 diuine
648 1870 811 1933 subiacent
832 1868 975 1931 ulcionis.
1006 1868 1114 1931 datum
1136 1886 1197 1951 per

168 1999 278 2043 munus
290 1978 387 2055 Cleti,
409 1979 480 2045 aule
498 1980 584 2062 regie
608 1977 786 2045 cancellarii
807 1987 839 2044 et
851 1979 1012 2063 Agriensis
1033 1976 1197 2063 prepositi,

168 2112 251 2155 enno
273 2093 429 2156 dominice
448 2092 675 2156 incarnacionis
696 2091 862 2155 millesimo
875 2090 1092 2156 ducentesimo
1107 2091 1197 2173 nipe.-

170 2203 250 2267 simo
267 2205 416 2267 secundo.

515 2528 623 2612 tuln
657 2527 852 2611 latinu

170 2687 435 2765 bibiturus
445 2685 688 2765 Flentem
700 2687 932 2765 Btssnnls
942 2686 998 2762 IN
1006 2683 1196 2763 ARPAS.

591 2816 774 2882 uccxxu.
1089 2846 1094 2853 ·

306 2955 330 3008 li
347 2955 465 3039 chartule
480 2957 592 3011 Pristini
610 2958 637 3011 in
653 2956 780 3011 telelerio
796 2957 893 3039 birsetie
909 2957 1058 3012 Purnele.
1161 3026 1185 3035 μ

252 3203 319 3267 lula
331 3203 489 3268 Palatinus
504 3214 536 3268 et
550 3226 657 3270 comes
672 3205 904 3288 Suproniensis.
924 3206 965 3268 ad
977 3205 1196 3268 uniuersorum

172 3315 317 3379 uolumus
338 3315 484 3379 noticiam
507 3317 692 3399 peruenire,
713 3318 800 3399 quod
821 3316 942 3379 Bisseni
962 3316 1003 3379 de
1023 3316 1134 3397 Arpos,
1153 3312 1197 3379 ed

171 3446 229 3491 nos
243 3426 392 3491 uidelicet
405 3428 578 3491 Palatinum
594 3427 798 3510 pertinentes,
811 3446 851 3489 ne
865 3426 897 3488 in
911 3433 1073 3508 posterum
1087 3424 1197 3489 iobbe-

171 3538 281 3620 giones
301 3537 354 3603 uel
375 3538 505 3602 comites
526 3555 636 3600 eornm
656 3536 793 3602 libertati
813 3556 925 3601 eorum
944 3537 1198 3601 contradicerent

170 3650 202 3712 in
222 3650 339 3733 aliquo,
360 3671 420 3714 nos
441 3650 594 3714 instanter
613 3657 823 3732 rogauerunt,
843 3656 878 3712 ut
895 3648 1072 3715 libertatem
1085 3668 1197 3715 eornm

171 3761 294 3841 scriptis
319 3762 544 3844 redigeremus.
573 3780 632 3825 nos
654 3760 749 3842 igitur.
772 3759 944 3843 peticiones
968 3779 1079 3825 eorum
1097 3759 1198 3825 iustu

172 3890 242 3936 esse
256 3880 503 3955 cognoscentes,
522 3869 700 3935 libertatem
715 3889 844 3946 eorum,
864 3870 945 3937 siem
958 3870 1099 3936 ueridme
1113 3868 1198 3935 relse

172 3983 264 4048 cione
282 3983 506 4067 cognouimus,
525 3983 559 4046 in
580 3990 762 4068 presentem
783 3982 932 4068 peginam
951 3981 1097 4048 eductui
1120 3980 1199 4047 leci·

171 4095 544 4162 musinbuncmodum:
1180 4110 1184 4117 ·

253 4208 313 4287 (t)
334 4207 422 4293 mod
441 4205 589 4289 :musto
605 4206 950 4297 weronam
964 4132 1202 4277 wanted
