2798 4764
219 354 283 424 ddi
312 290 788 422 mimendensem
802 374 955 422 rccnnsrn
971 364 1140 422 remmio.
1161 355 1252 422 mi.

224 546 285 592 nec
303 528 343 590 de
364 544 520 589 consensu
544 525 628 608 regis
650 534 681 589 et
702 527 829 609 regine,
852 546 913 610 quo
938 526 964 589 si
991 526 1043 592 uel
1072 526 1253 590 uendidcrit

223 641 276 703 uei
291 638 489 713 alienauerit,
511 659 568 722 pro
589 659 654 701 nou
672 639 818 731 uenditis¹
830 639 881 702 uel
903 638 1045 702 alienatis
1065 639 1252 703 habeantur.

308 753 384 827 (18)
405 752 499 825 item,
532 750 616 833 qnod
642 751 811 833 episcopus
840 750 916 813 nulii
947 750 1083 813 decimos
1110 749 1251 813 relaxare

224 865 322 949 possit
346 864 379 926 in
403 863 527 946 specie,
561 880 618 924 nec
644 881 739 927 censo
764 863 955 946 malignandi
983 883 1041 945 per
1064 863 1252 926 ambiciosos

224 975 394 1040 sceleratos
412 974 508 1038 inicos
523 982 631 1037 contre
647 973 811 1036 ecclesiam
831 973 970 1055 regalem
985 974 1175 1047 inueniatur,
1195 975 1252 1038 sed

143 1174 146 1178 Α
225 1088 274 1151 cui
289 1086 426 1150 uoiuerit
439 1087 522 1149 idem
536 1086 713 1168 episcopus,
734 1092 844 1147 exucta
858 1085 991 1167 pecunie
1006 1077 1164 1158 decimali,
1179 1105 1253 1167 pro·

223 1200 347 1273 uidest,
362 1199 522 1282 quomodo
536 1196 631 1259 ualet.
653 1196 707 1280 qui
721 1197 910 1260 relexauerit
924 1197 955 1260 in
970 1199 1090 1280 specie,
1108 1199 1253 1281 indique-

225 1312 347 1389 cionem
370 1311 422 1374 dei
442 1309 664 1392 omnipotentis
687 1317 718 1371 et
738 1318 917 1371 sanctorum
940 1328 1050 1392 regum
1071 1329 1106 1371 se
1126 1310 1254 1374 nouerit

224 1424 432 1489 incursurum.

308 1538 497 1618 Quicunque
520 1554 594 1617 crgo
613 1543 792 1599 nostrorum
811 1553 920 1618 regum
941 1553 1176 1609 successorum,
1197 1537 1253 1599 ba·

225 1670 338 1714 ronum
354 1646 592 1721 immobilium,
614 1649 830 1731 cuiuscunque
844 1646 1077 1730 preeminencie
1095 1648 1253 1730 dignitatis

226 1763 377 1836 existant,
400 1761 440 1823 de
455 1760 599 1822 omnibus
622 1761 780 1842 premissis
803 1759 940 1822 articulis
955 1760 1008 1822 uel
1023 1779 1130 1822 eorum
1146 1762 1253 1844 singu-

225 1873 264 1936 iis
279 1871 398 1953 aliquid
413 1870 637 1954 quoquomodo
652 1871 835 1946 immutare,
856 1872 1048 1944 diminuere,
1064 1890 1120 1933 seu
1134 1891 1253 1956 negare

225 1981 446 2068 presumserit,
465 1980 544 2044 irem
560 1989 591 2044 et
604 1981 857 2065 indignacionem
876 1983 973 2065 ipsius
989 1983 1040 2045 dei
1054 1986 1255 2066 omnipoten-

225 2094 265 2157 tis
287 2101 318 2156 et
338 2112 448 2176 regum
469 2100 649 2155 sanctornm
670 2090 813 2156 similiter
837 2113 872 2157 se
897 2095 1021 2157 nouerit
1042 2094 1252 2157 incursurum.

225 2204 356 2287 insuper
370 2204 515 2278 barones,
535 2203 678 2286 deposita
694 2204 859 2287 dignitate,
876 2210 910 2267 et
922 2204 1044 2268 nobiles
1059 2206 1098 2268 de
1111 2207 1251 2288 ipsorum

225 2316 317 2380 honis
338 2316 605 2390 exhereditentur,
626 2334 760 2398 quorum
784 2317 938 2378 bonorum
960 2317 1021 2378 due
1043 2325 1149 2399 partes
1167 2317 1253 2401 regis

225 2424 302 2491 fisco
327 2427 533 2511 applicentur,
562 2425 660 2490 tercio
687 2435 777 2510 porto
802 2428 952 2510 episcopo
976 2438 1191 2511 permanente.
1218 2430 1253 2491 in

227 2541 315 2603 cuius
330 2539 376 2603 rei
391 2540 573 2602 memoriam
592 2576 634 2589 —
651 2572 694 2588 -·
713 2576 754 2590 -
775 2539 880 2602 datum
907 2560 964 2622 per
986 2560 1097 2603 munus
1121 2543 1253 2623 predicti

225 2654 268 2716 Μ.
284 2652 445 2715 Benedicti
468 2652 620 2735 prepositi
635 2650 818 2716 Orodiensis
841 2652 911 2716 aule
933 2660 1041 2716 nostre
1058 2653 1252 2717 uiceoancei·

227 2763 312 2835 lorii,
344 2763 447 2825 dilecti
473 2771 503 2825 et
525 2763 627 2826 fidelis
652 2764 761 2826 nostri.
799 2782 882 2827 anuo
911 2764 1029 2826 domini
1057 2764 1251 2827 mcccxxt.

225 2873 434 2953 reputantem
449 2873 548 2936 nostri
563 2893 644 2937 unno
659 2873 809 2937 secundo.
