2798 4764
274 350 534 419 materteras
549 356 763 402 rmuaronurr
776 357 817 401 er
832 356 998 405 noemam·
1017 339 1108 421 lm
1149 340 1210 419 6³1

183 507 308 589 publico
323 508 449 588 scripto,
462 508 564 590 sigillo
580 510 722 573 eiusdem
734 509 853 573 domiui
866 510 950 591 regis
964 509 1079 573 uallato
1095 511 1212 575 luerint

185 617 352 681 declarate.
386 638 463 701 que,
483 620 558 702 quia
580 620 695 703 iniquis
715 621 894 683 hominibus
916 630 947 683 et
966 622 1135 702 cupiditate
1156 643 1212 687 ex·

185 730 300 792 ceratis
327 731 533 813 prauitatibus
554 732 835 796 interuenientibus
857 732 985 793 minime
1003 731 1130 796 luerunt
1156 734 1212 796 ob-

182 849 326 916 seruate,
358 851 389 904 et
412 862 450 905 ex
474 842 650 930 trepiditate
673 843 790 905 domini
813 844 896 924 regis
920 842 1009 904 luere
1031 843 1212 934 penitusel

185 952 374 1033 postposite,
395 973 528 1034 reguum
542 954 703 1036 llungarie
725 955 857 1015 inomni
878 955 926 1015 sui
950 963 1036 1034 parte
1059 955 1212 1016 tluctuare

183 1063 273 1137 lecit,
294 1074 326 1126 et
347 1085 402 1147 per
416 1077 502 1128 astus
520 1067 623 1145 uarios
649 1085 688 1128 ac
709 1067 874 1148 plurimos,
896 1086 935 1129 ex
959 1066 1104 1146 potencia
1119 1067 1214 1128 baro·

184 1196 259 1238 num
280 1185 312 1239 et
331 1176 461 1239 aliorum
477 1187 638 1258 potentum
660 1178 919 1259 prouenientibus
942 1178 974 1240 in
990 1187 1108 1241 tantum
1124 1176 1213 1239 anul-

183 1287 257 1360 lari,
278 1296 313 1349 ut
333 1288 466 1351 ecclesie
487 1296 519 1351 et
537 1289 674 1365 nobiles,
696 1290 749 1353 alii
771 1289 872 1353 eciam
895 1290 1073 1372 regnicolc,
1093 1290 1126 1351 in
1146 1289 1213 1352 suis

184 1399 278 1462 rebus
295 1408 326 1460 et
339 1398 536 1462 facultatibus
550 1400 617 1463 lere
633 1401 672 1463 ad
694 1409 865 1464 extremam
887 1401 1137 1464 exinanicionem
1158 1402 1213 1464 de-

184 1510 339 1573 uenerint.
367 1530 429 1593 quo
446 1512 514 1573 uiso
528 1512 612 1574 idem
627 1511 771 1575 dominus
787 1513 947 1586 Andreas,
967 1511 1079 1593 spiritu
1101 1517 1211 1574 sancto

184 1631 388 1704 suggerente,
409 1642 501 1685 aures
519 1625 643 1704 aperuit
657 1644 713 1686 sue
730 1624 919 1697 clemencie,
934 1632 966 1686 et
977 1623 1124 1687 fidelibus
1136 1643 1212 1685 con·

183 1733 258 1795 siliis
280 1734 482 1815 aquiescens,
509 1734 791 1816 congregacionem
812 1735 924 1797 indixit
945 1737 1142 1818 generalem:
1170 1735 1212 1798 ad

183 1844 258 1918 hec,
282 1853 315 1907 ut
336 1864 393 1926 per
415 1845 561 1926 prelatos,
583 1853 614 1909 et
635 1846 720 1908 uiros
742 1846 986 1919 ecclesiasticos,
1016 1866 1158 1909 necnon
1180 1855 1212 1910 el

184 1957 305 2020 nobiles
334 1958 426 2020 huius
455 1959 562 2040 regni,
594 1957 729 2020 exclusis
755 1959 996 2040 quibuscunque
1025 1959 1211 2034 baronibus,

183 2077 277 2151 prout
299 2070 394 2130 moris
416 2076 479 2141 est,
506 2069 580 2130 huic
603 2089 701 2148 regno
721 2088 849 2141 casuro,
871 2076 903 2130 et
922 2088 978 2148 per
994 2069 1105 2130 nimios
1126 2079 1212 2133 astus

185 2178 354 2251 diminuto,
375 2176 541 2239 salubriori
566 2178 714 2250 consilio,
743 2197 805 2258 quo
831 2186 954 2258 posset,
982 2179 1212 2253 subueniretur,

180 2290 394 2371 iniquitatibus
415 2306 639 2369 peruersorum
658 2288 764 2351 studio
783 2289 958 2362 solerciori,
970 2290 1123 2351 obuians.
1154 2310 1213 2353 nos

181 2401 302 2482 itaque:
325 2402 458 2461 loannes
479 2398 529 2460 dei
543 2399 646 2479 gracia
662 2399 917 2481 archiepiscopus
933 2400 1125 2462 Colociensis
1140 2401 1215 2466 aule

183 2513 302 2575 domini
317 2512 398 2593 regis
411 2510 626 2584 cancellarius,
647 2512 758 2573 Petrus
769 2510 1058 2593 Transpluaniensis
1071 2514 1213 2576 Andreas

182 2622 360 2705 Agriensis,
382 2622 518 2684 Thomas
541 2622 747 2704 Rosnyensis,
768 2624 958 2686 Benedictus
973 2625 1213 2705 Uesprimiensis

183 2732 541 2814 Quinqueecclesiensis.
579 2731 707 2807 Paulus,
735 2755 791 2817 per
817 2743 1037 2816 procuratores
1060 2757 1134 2799 suos
1161 2756 1214 2799 so·

181 2846 342 2928 lempnes‚
366 2844 452 2906 llaab
474 2844 647 2918 Uaciensis,
670 2845 855 2907 Theodorus
873 2848 1058 2922 lauriensis,
1079 2848 1213 2912 blichael

182 2957 565 3040 ZagrabiensisEmericus
576 2957 1214 3031 [aradiensis,1lntboniusChanadienais.

183 3071 387 3132 ecclesiarum
402 3069 556 3151 episcopi,
578 3070 662 3151 apud
678 3068 844 3134 ecclesiam
858 3072 989 3134 fratrum
1007 3073 1164 3135 lllinorum
1178 3072 1212 3135 iu

183 3181 295 3254 Pesth,
327 3200 409 3242 anno
434 3180 551 3242 domini
578 3179 745 3242 millesimo
769 3180 981 3243 ducentesimo
1005 3182 1213 3261 nonagesimo

186 3303 309 3366 octauo,
330 3293 362 3354 in
376 3292 545 3356 lestiuitate
561 3291 646 3352 beati
662 3291 816 3352 Dominici
836 3290 1040 3364 contessoris,
1062 3312 1129 3353 cum
1146 3312 1214 3354 om·

185 3406 277 3467 nibus
297 3405 454 3468 nobilibus
468 3402 645 3484 Hungarie,
666 3401 796 3484 singulis
811 3402 986 3464 Saxonibus
1008 3411 1038 3464 et
1057 3403 1214 3477 Comanis,

184 3519 216 3580 in
241 3537 338 3579 unum
363 3506 598 3588 conuenientes,
627 3523 755 3596 accepta
782 3514 966 3577 auctoritate
991 3535 1030 3577 ex
1055 3536 1214 3581 consensu

186 3629 304 3693 domini
324 3628 407 3708 regis
427 3636 459 3690 et
477 3629 632 3689 baronum
652 3625 752 3689 tocius
773 3627 881 3708 regni,
902 3627 1005 3709 prouti
1021 3636 1052 3691 et
1066 3626 1213 3705 aliorum,

184 3743 333 3805 inuocato
355 3741 481 3822 spiritus
507 3741 605 3802 sancti
630 3741 748 3821 gracia,
773 3748 907 3804 tractare
929 3739 1069 3822 cepimus
1092 3741 1131 3805 de
1154 3741 1213 3820 bis,

185 3838 315 3933 perque
330 3853 417 3934 regie
433 3850 669 3933 magnificencie
685 3860 717 3913 et
731 3852 825 3915 statui
837 3852 928 3933 regni
941 3853 1051 3926 tocius,
1064 3872 1101 3914 ac
1113 3853 1213 3916 eciam

185 3963 322 4043 ipsarum
338 3963 618 4027 ecclesiasticarum
633 3980 840 4043 personarum
863 3971 895 4026 et
916 3964 1060 4027 ordinum
1080 3964 1213 4028 aliorum

186 4072 413 4136 consuleretur.
432 4073 505 4139 ideo
519 4074 699 4140 statuimus:
