2798 4764
292 1007 441 1091 utcu
467 1009 671 1094 srumu
695 1013 815 1096 mus
841 1014 1066 1098 mentun
1164 965 1168 973 ’

448 1197 700 1278 cunnum
723 1199 909 1280 muon.

164 1381 292 1434 Boudion
309 1383 504 1436 meminaccco
521 1385 609 1436 secuti
627 1384 687 1438 xtt.
705 1386 855 1439 aionneterii
873 1388 913 1440 st.
924 1387 1016 1439 crucis
1036 1388 1062 1439 in
1074 1386 1193 1444 nutus.

493 1537 856 1557 m

311 1683 405 1746 Vtut
427 1684 458 1746 S.
472 1685 668 1749 STEPHANI
689 1689 804 1750 REGIS
827 1689 1039 1753 tturtuautu.

244 1953 287 2037 (1)
310 1955 410 2020 Omne
432 1958 538 2022 datum
561 1957 711 2047 optimum
727 1969 865 2024 eternae
881 1960 997 2024 donum
1013 1960 1189 2043 perfectum

161 2067 200 2131 de
217 2087 339 2132 sursum
355 2079 419 2144 est,
442 2071 637 2133 descendens
654 2092 672 2134 a
687 2082 775 2154 patre
790 2073 951 2135 luminum.
980 2093 1083 2157 neque
1098 2075 1190 2157 quip-

159 2181 242 2264 piam
265 2181 337 2244 boni
359 2191 463 2264 potest
483 2184 515 2245 in
533 2184 627 2246 rebus
650 2204 719 2247 esse
742 2185 792 2247 uel
813 2183 880 2246 fieri
902 2184 1020 2265 absque
1034 2183 1195 2248 beneficio

160 2293 314 2356 uenientis
330 2295 542 2358 miseracionis
558 2294 619 2357 dei.
642 2294 739 2357 oculis
755 2296 882 2377 quidem
898 2296 1004 2357 diuine
1019 2295 1190 2377 prouiden-

160 2403 225 2479 cie,
246 2407 358 2488 quibus
376 2407 434 2470 sibi
455 2406 637 2470 famulatum
661 2406 825 2470 celestium
847 2406 997 2469 uirtutum
1020 2416 1051 2469 et
1073 2413 1188 2470 statum

159 2517 380 2580 inconcussum
403 2520 577 2581 secundnm
602 2517 749 2599 placitum
775 2539 866 2580 suum
888 2519 1033 2592 intuetur,
1055 2519 1188 2581 hiisdem

161 2630 259 2691 eciam
280 2629 414 2692 hominis
436 2631 549 2713 perditi
566 2631 829 2693 restauracionem
846 2631 990 2714 dignatus
1006 2640 1054 2695 est
1068 2628 1189 2694 miseri·

161 2742 296 2804 corditer
318 2742 523 2825 contemplari
549 2751 580 2805 et
608 2745 745 2825 operari.
787 2752 937 2825 atquem
963 2743 1106 2826 imaginis
1132 2762 1196 2807 sue·

161 2854 309 2936 dignitate
330 2856 467 2917 creando
490 2857 712 2930 decorauerat,
740 2856 863 2939 paterni
885 2857 973 2938 regni
996 2854 1188 2920 coheredem

159 2964 243 3039 fieri,
267 2987 322 3048 per
338 2967 566 3028 incarnacionis
589 2990 644 3031 sue
665 2978 896 3031 sacramentum
917 2968 1098 3031 mirabiliter
1120 2969 1187 3031 effi-

160 3085 254 3140 ceret.
280 3078 430 3160 perfectis
450 3078 544 3160 igitur
563 3081 595 3141 in
617 3081 795 3144 redemtore
812 3091 919 3143 nostro
942 3081 1187 3163 patriarcharum

160 3208 196 3250 ac
212 3189 433 3272 prophetarum
450 3191 582 3252 oraculis
602 3213 659 3273 per
675 3193 827 3276 uirginem
844 3192 1042 3254 ineffabiliter
1056 3208 1188 3253 nascen-

160 3300 218 3372 do,
246 3320 304 3383 per
319 3301 421 3361 crucis
437 3303 614 3384 passionem
636 3323 672 3364 ac
697 3304 805 3365 mortis
826 3304 1071 3385 assumptionem
1090 3303 1190 3364 tercia·

161 3411 212 3472 die
236 3413 443 3494 resurgendo,
476 3432 546 3473 cum
570 3414 728 3495 discipulis
755 3415 818 3474 suis
846 3412 1053 3495 qnadraginta
1078 3410 1190 3473 diebus

161 3525 387 3596 conuersando‚
408 3532 574 3606 postquam
589 3526 664 3605 ipsis
682 3524 882 3587 cernentibus
898 3524 1035 3586 celorum
1051 3522 1111 3587 nita
1131 3542 1187 3608 pe-

159 3642 296 3708 netrans,
312 3635 408 3718 patris
424 3635 554 3698 dextere
570 3634 752 3698 naturaiiter
767 3644 798 3696 et
813 3634 1028 3716 potencialiter
1037 3643 1085 3698 est
1099 3652 1188 3698 asso·

160 3744 267 3820 cintus,
289 3755 321 3807 et
335 3748 478 3830 spiritum
494 3756 635 3809 sanctum
651 3745 834 3827 paraciitum
851 3755 971 3828 epatre
986 3753 1017 3808 et
1031 3766 1048 3808 a
1063 3765 1097 3808 se
1114 3764 1188 3829 pro·

159 3856 322 3918 cedentem
343 3856 375 3918 in
397 3857 477 3919 fiiios
499 3857 679 3938 adopcionis
700 3858 832 3920 mirabili
855 3858 975 3921 sonitus
990 3856 1190 3920 uehementis

158 3965 295 4031 aduentu
310 3967 488 4031 transfudit.
510 3969 565 4051 qui
580 3967 694 4051 tinguis
709 3969 740 4031 in
755 3970 855 4053 igneis
870 3988 1036 4052 apparens,
1050 3987 1105 4032 eos
1120 3986 1194 4031 ome

157 4077 242 4142 nium
266 4078 446 4162 linguarum
471 4079 605 4144 sciencia
630 4078 743 4144 diuites
769 4080 886 4154 effecit,
915 4087 947 4143 et
966 4076 1187 4141 miracuiorum

157 4189 271 4279 insigni
293 4190 440 4278 potencia
463 4191 578 4258 uirtute
604 4188 714 4257 deifica
738 4191 927 4256 mirificauit.
959 4190 1048 4256 enim
1072 4187 1188 4253 ardore
