2798 4764
249 308 316 374 Uo
577 326 765 375 neutuna
788 328 830 373 na
851 326 963 376 rues.

251 476 348 543 tunsi
362 474 468 562 ambit
477 496 536 543 sos
553 480 595 544 ad
605 479 756 545 indicium
770 478 847 543 ferri
860 477 1041 552 madentis,
1060 478 1143 543 dans
1158 475 1212 542 eie
1227 479 1300 562 pri-

252 591 388 655 ttcltium
411 591 537 655 nomiae
551 590 741 656 Feroniam.
767 593 825 656 sea
845 593 966 655 interca
980 591 1121 673 predicta
1133 589 1299 655 choma

253 721 288 764 se
307 702 407 784 ipsam
426 720 667 784 recognoscens,
688 702 834 765 confessa
854 710 902 765 est
920 722 954 765 se
977 720 1048 764 esse
1066 698 1220 764 annilina
1236 700 1302 764 r·-

253 811 353 887 biani,
373 821 409 875 nt
421 813 488 895 ipse
503 814 673 876 asserebat.
693 812 851 875 Fabianus
873 830 953 875 nean
974 812 1075 892 ineam
1089 809 1228 892 quidem
1244 832 1300 877 re-

254 922 346 987 tinnit
364 923 425 987 sibi
447 924 479 986 in
500 922 661 997 ancillam,
682 921 739 986 sed
760 922 840 985 iities
861 923 929 985 eins
943 920 1062 985 dimisit
1081 938 1153 984 esse
1170 920 1301 985 asem

254 1033 421 1096 cumomni
435 1032 646 1116 generacinne
660 1053 723 1116 qne
737 1033 777 1094 ab
791 1031 851 1097 iliis
863 1040 914 1095 est
927 1049 1132 1106 successura,
1145 1039 1185 1095 ut
1194 1050 1302 1114 qam

253 1143 323 1228 ipse
345 1149 406 1208 tem
429 1146 531 1207 omnis
549 1164 658 1208 earum
678 1145 848 1228 progenies
866 1145 1039 1227 utriusque,
1059 1143 1113 1207 nbi
1127 1143 1302 1208 sciuerint

255 1256 405 1320 manendi
418 1256 555 1319 babeeat
568 1255 755 1319 libertatem.¹

338 1366 425 1450 (198)
447 1368 554 1431 Sabud
568 1374 600 1431 st
610 1368 715 1432 Korea
728 1367 938 1449 inpeciernnt
949 1364 1059 1429 Titiana
1073 1364 1115 1431 tic
1126 1367 1300 1432 ncdeione

256 1501 354 1543 nurus
377 1501 433 1543 sue
455 1481 572 1543 sororis
594 1479 749 1562 ipserum,
770 1478 872 1542 iudice
887 1478 1031 1541 Gabriele
1053 1477 1301 1553 archidiacone,

255 1591 404 1657 Farcasie
419 1591 579 1674 pennino.
607 1591 661 1673 qui
676 1611 747 1653 cum
764 1591 951 1654 Uarsdinum
967 1590 1175 1654 aduenissent
1188 1592 1302 1656 taiiter

257 1711 491 1766 conuenerunt:
517 1704 606 1785 qnod
623 1703 767 1765 'sinenda
788 1703 878 1765 daret
900 1701 1091 1764 aduersariis
1115 1702 1189 1765 suis
1217 1703 1302 1767 nnc

255 1830 389 1887 inuras,
403 1820 436 1876 et
447 1813 533 1876 idem
549 1811 698 1892 pristaido
711 1812 923 1886 satisfaceret,
940 1830 998 1895 pra
1013 1819 1103 1895 parte
1118 1821 1236 1876 antem
1251 1814 1302 1876 ia·

254 1922 334 1987 dicis
343 1921 518 1987 aduersarii
531 1923 581 1986 sni
593 1931 787 1986 tenerentur.

338 2031 425 2115 (199)
445 2034 530 2096 Zada
542 2032 680 2116 impeciit
694 2035 810 2097 'secam
831 2054 888 2116 pre
909 2033 1008 2099 tribus
1025 2032 1129 2098 bobas
1148 2042 1187 2098 st
1203 2039 1302 2120 qnin-

256 2144 358 2211 necin
368 2144 481 2209 enbitis
491 2162 666 2229 pannorum
677 2164 735 2228 pro
746 2146 850 2209 tunica
860 2153 893 2209 ct
902 2143 1008 2229 pallio,
1019 2145 1303 2225 iudicetiersnne,

254 2256 406 2343 prismido
418 2258 528 2321 Uosaa.
542 2255 698 2340 predictus
707 2256 794 2321 Zarin
810 2256 1029 2338 portato-iente
1041 2255 1199 2320 Umtini
1210 2278 1304 2324 cen·

254 2369 366 2433 bustris
380 2376 438 2432 est.

338 2479 423 2562 (200)
444 2481 584 2563 Hertueg
598 2480 639 2542 de
653 2477 729 2542 uiiia
738 2479 880 2562 Hertaeg
892 2478 1244 2561 impsciitGregorinm
1258 2484 1302 2548 de

257 2593 369 2656 eadem
393 2591 467 2654 uitta
490 2592 609 2665 dicens,
630 2591 715 2673 quod
738 2590 863 2652 iratrem
885 2611 976 2653 snum
992 2590 1231 2668 interfecisset,
1254 2596 1303 2658 in-

160 2760 164 2774 ,
258 2704 327 2766 dice
342 2703 470 2764 leschin
484 2702 592 2775 biiote,
612 2702 764 2783 pristaldn
779 2701 933 2764 lbracbin.
963 2700 1007 2763 iiii
1021 2708 1127 2764 antem
1143 2702 1303 2768 Uaredini

257 2814 360 2876 taliter
375 2821 606 2885 conuenerunt,
628 2815 714 2893 qaod
729 2822 791 2875 tam
812 2814 871 2894 ipsi
886 2832 980 2894 quam
1003 2811 1104 2874 omnis
1120 2816 1302 2892 posteritas

258 2940 369 2985 eorum
392 2920 424 2981 in
449 2920 509 2982 bac
532 2939 628 2983 causa
653 2941 763 3002 pacem
786 2922 955 2996 haberent,
985 2923 1155 3006 Gregorius
1184 2937 1301 2990 auten

257 3032 347 3097 daret
367 3031 549 3095 aduersario
569 3052 627 3095 suo
649 3033 776 3095 nomine
791 3033 932 3117 Hertueg
951 3044 1014 3097 tres
1029 3053 1150 3097 marcas
1165 3036 1301 3102 fertone

257 3143 372 3217 minus,
393 3152 424 3206 et
441 3144 524 3206 idem
547 3144 697 3225 pristaidn
712 3145 922 3220 satisfaceret,
943 3147 1044 3209 indice
1063 3155 1172 3209 autem
1189 3149 1301 3213 doni·

257 3275 316 3320 nes
330 3256 472 3336 Hertueg
486 3263 656 3320 teneretur.

340 3364 427 3448 (201)
449 3365 737 3449 Comprnninciaies
751 3369 831 3431 Noai
853 3369 961 3442 castri,
990 3379 1021 3432 et
1035 3367 1149 3431 borum
1164 3373 1300 3455 specie-

256 3480 328 3545 liter
341 3479 450 3542 Cenka
463 3480 504 3542 de
518 3479 592 3542 uitta
607 3478 727 3542 Gicnda
740 3480 879 3563 impeciit
891 3481 931 3543 de
945 3479 1028 3543 furto
1043 3482 1170 3543 Petrum
1189 3483 1297 3549 fitium

110 3602 125 3615 ··
258 3592 349 3654 Nuba
373 3593 412 3654 de
428 3590 534 3665 Qecii,
555 3591 657 3653 iudice
674 3591 778 3665 Bank,
803 3591 954 3678 pristaido
970 3590 1122 3673 Gregorio
1144 3592 1189 3656 de
1217 3596 1298 3659 uitis

257 3701 343 3764 Pata.
360 3699 505 3782 prefatus
519 3701 630 3764 Petrus
646 3709 769 3782 portato
783 3701 867 3763 t'erro
880 3701 1063 3766 iustificetus
1079 3710 1137 3764 est.

341 3808 431 3893 (202)
451 3810 741 3893 Comproninciales
754 3811 835 3874 Noni
856 3813 965 3887 castri,
992 3823 1025 3876 et
1038 3808 1151 3876 berum
1166 3818 1301 3897 specia-

257 3922 328 3986 liter
338 3922 426 3984 Buba
440 3920 480 3984 de
494 3920 569 3985 uiiia
580 3922 698 3985 Tamur
708 3922 878 4004 impeciere
887 3922 1051 3989 Matthiam
1060 3924 1102 3986 de
1112 3924 1192 3989 niba
1202 3927 1299 3993 boeb

258 4036 369 4119 predio
390 4032 513 4096 batim
535 4053 594 4114 pro
616 4033 712 4109 tarto,
738 4035 842 4098 iudice
866 4036 954 4100 Bsnk
977 4036 1107 4109 comite,
1133 4038 1301 4120 pristaidc

258 4142 412 4231 Gregorio
426 4143 467 4208 de'
481 4142 556 4209 uilia
568 4145 655 4209 Pete.
678 4145 826 4210 biettbiss
837 4146 1007 4210 mandetur
1020 4155 1079 4212 est.
