2798 4764
178 299 221 371 ii
465 313 595 368 cuorum
614 311 824 368 uurcsmnurr
838 297 913 389 (to).

179 477 294 561 uirgini
304 484 455 560 perpetue
467 476 707 541 commendauit.
727 475 811 540 hunc
822 474 882 537 sihi
893 475 1103 557 superstitem,
1116 471 1202 538 hunc

179 590 268 674 regni
290 590 440 654 heredem
460 589 541 654 uotis
562 590 707 652 omnihus
725 588 925 653 desiderauit.
946 587 1202 672 quemdominus

178 702 267 766 iesus
281 701 421 766 Christus
442 721 506 764 non
525 702 557 763 in
579 701 719 765 terrestri
739 719 837 785 regno
854 700 1008 782 disposuit
1028 698 1203 762 laborando

179 815 350 900 imperare,
370 815 429 879 sed
447 814 590 897 deposita
611 813 711 896 magis
731 812 942 896 corruptibilis
965 812 1111 875 machina
1132 831 1203 874 cor·

180 928 275 1011 poris,
295 927 328 989 in
342 909 450 991 celesti
465 946 564 1009 regno
578 946 648 988 cum
662 925 781 1008 augetis
794 924 999 1008 triumphare.
1029 944 1102 987 mox
1117 924 1202 989 deci·

180 1039 258 1103 deus
280 1039 313 1100 in
333 1058 428 1121 mam
450 1036 661 1101 infirmitatem
678 1037 834 1100 tierricus
854 1035 968 1100 nobilis
989 1037 1053 1099 dux
1074 1034 1203 1097 Seiano·

179 1151 230 1215 uie
244 1149 314 1213 vul
335 1149 445 1213 diebus
464 1148 602 1232 languit,
631 1167 715 1211 nonu
734 1166 811 1211 uero
831 1147 882 1211 die
903 1147 982 1210 hora
1002 1165 1088 1209 nonu
1101 1145 1203 1211 emisit

179 1262 340 1347 spiritum,
361 1282 458 1344 quern
472 1261 571 1324 sancti
587 1260 720 1344 apostoli
733 1261 765 1323 in
780 1278 872 1323 suum
883 1259 1079 1323 consorcium
1095 1277 1203 1323 susca-

179 1387 305 1460 perunt.
326 1394 407 1439 uxor
421 1394 498 1437 uero
512 1375 594 1448 eius,
615 1393 678 1458 que
699 1372 849 1436 inuiolata
863 1392 934 1436 cum
948 1373 1018 1456 ipso
1030 1371 1203 1455 permansit

179 1489 311 1573 septima
326 1488 376 1551 die
391 1488 423 1550 in
438 1488 489 1551 die
504 1487 661 1551 dominica
676 1486 821 1569 migrauit
835 1487 875 1549 ad
888 1487 999 1548 Deum.
1030 1505 1050 1548 o
1065 1485 1202 1569 gloriose

179 1601 317 1685 uirgines
332 1599 455 1664 Christi.
485 1622 547 1684 que
562 1601 771 1684 uirginitatem
787 1620 876 1663 suam
889 1600 1012 1663 Christo
1033 1602 1065 1663 iu
1081 1608 1201 1664 tuntum

179 1712 422 1789 iudicauerunt,
443 1720 477 1776 ut
491 1713 590 1777 eciam
602 1713 636 1776 iu
650 1721 751 1777 morte
765 1732 829 1777 nou
842 1721 1075 1797 separarentur.

262 1935 326 2020 (10)
348 1937 392 2001 Dc
410 1936 718 2003 scemmenstete
736 1958 858 2021 reposui
873 1951 938 2023 post
956 1952 1076 2002 mortem
1092 1941 1200 2022 pettit·

179 2049 294 2115 Uidens
309 2059 414 2113 autem
428 2050 536 2114 heatus
547 2050 724 2133 Stephanus
738 2051 806 2115 sine
820 2072 876 2134 spe
890 2053 1081 2133 posteritatis
1095 2072 1130 2114 se
1145 2050 1202 2114 de-

179 2161 332 2236 relictum,
353 2170 385 2226 et
399 2162 526 2225 unicum
540 2161 637 2226 hlium
651 2184 744 2226 suum
755 2163 924 2228 henricum
939 2164 1112 2247 sepultum,
1134 2165 1202 2246 pie·

179 2274 249 2338 tntis
270 2275 383 2338 affectu
398 2273 497 2338 doluit
517 2296 613 2358 super
626 2273 691 2340 fiiio
713 2296 771 2339 suo
793 2276 898 2341 multis
921 2277 1046 2351 diebus,
1066 2279 1120 2340 uix
1141 2296 1201 2340 un·

180 2387 328 2469 quemad
346 2387 444 2451 risum
462 2387 544 2450 inhia
558 2389 673 2462 mouit,
694 2388 751 2453 sed
772 2408 897 2471 semper
910 2389 955 2451 sic
976 2407 1141 2472 apparens,
1164 2406 1201 2451 ae

178 2498 205 2560 si
223 2509 294 2562 unte
315 2498 449 2561 tribunal
468 2497 581 2563 Christi
606 2507 714 2564 staret.
741 2500 774 2563 in
792 2500 989 2563 oracionibus
1010 2498 1107 2563 oculis
1131 2499 1200 2562 eius

177 2609 372 2691 presenciam
387 2611 593 2692 conspiciens,
607 2609 763 2673 Christum
778 2612 809 2673 in
826 2612 984 2686 oracione,
999 2610 1155 2674 Christum
1167 2610 1201 2673 iu

178 2721 292 2793 corde,
313 2719 469 2785 Christum
492 2722 524 2782 iu
545 2723 663 2785 cunctis
682 2723 804 2786 actibus
818 2743 853 2785 se
867 2731 990 2806 gestare
1005 2723 1201 2786 demonstra·

177 2833 233 2896 uit.
254 2831 379 2896 undem
394 2852 451 2914 per
465 2833 711 2897 misericordiam
725 2835 782 2897 Dei
801 2834 914 2918 dignus
928 2835 1132 2918 centuplicari
1150 2854 1201 2899 re-

177 2944 359 3007 tribucionis
379 2944 499 3018 hrauio,
520 2946 705 3028 expectabat
725 2945 977 3011 conscissionem
991 2948 1062 3012 Iesu
1076 2947 1201 3024 Christi,

179 3065 214 3120 ut
227 3055 394 3139 pnruuium
409 3057 533 3122 uideret
545 3057 642 3121 filium
657 3060 858 3124 nasciturum.
879 3080 952 3123 mox
967 3080 1045 3123 uxor
1055 3061 1201 3144 concepit

179 3177 211 3232 et
230 3168 354 3251 peperit
372 3189 467 3251 quem
488 3169 615 3232 uocauit
631 3170 801 3234 Leuantha.
831 3180 902 3255 post
922 3172 984 3235 hoc
1003 3173 1147 3255 concepit
1167 3179 1201 3237 et

178 3280 301 3364 peperit
314 3279 408 3343 atium
425 3281 475 3343 cui
490 3281 637 3363 imposuit
652 3300 766 3345 nomen
777 3284 897 3346 Petrus.
918 3284 1016 3347 tercio
1027 3304 1105 3347 uero
1117 3302 1200 3347 anno

180 3393 325 3475 concepit
337 3400 369 3456 et
383 3393 507 3476 peperit
527 3390 624 3455 hlium
638 3392 690 3455 eui
703 3413 819 3457 nomeu
832 3394 917 3458 Beis.
944 3395 1108 3458 uansnctis
1122 3413 1201 3458 uero

178 3513 252 3587 post
272 3513 393 3587 partum
413 3504 549 3569 tiiinrum
569 3525 626 3569 sex
645 3506 805 3570 mensibus
830 3528 910 3570 uxor
932 3508 1032 3571 sahmi
1051 3506 1201 3590 Stephani

177 3615 287 3697 regina
299 3616 460 3698 hungarie
475 3627 597 3681 mortun
612 3625 670 3680 est.
690 3617 744 3700 qui
759 3617 866 3681 hahito
879 3616 1009 3681 consitio
1024 3619 1201 3700 principum

179 3727 302 3809 accepit
331 3747 462 3791 uxorem
486 3729 525 3791 de
546 3727 735 3801 Theutonin,
767 3748 909 3791 sororem
933 3731 1017 3811 regis
1041 3727 1200 3805 himanie,

179 3853 250 3899 eum
265 3858 327 3921 qua
340 3837 469 3900 intrauit
482 3837 584 3900 minor
599 3838 696 3903 irater
709 3840 835 3903 nomine
848 3839 1016 3903 hienricus.

259 3948 336 4012 Post
350 3947 589 4031 eopuiacionem
607 3969 686 4013 uero
706 3948 814 4014 uxoris
833 3951 879 4014 tx
896 3971 1004 4017 mense
1021 3952 1055 4015 in
1076 3952 1199 4019 uisione

178 4059 324 4142 apperuit
335 4058 474 4141 Angelus
487 4058 520 4122 in
534 4059 612 4123 athis
626 4062 767 4126 uestibus
782 4064 890 4127 diceus
905 4085 913 4127 ε
940 4064 1015 4128 ueni
1030 4064 1143 4130 dilecte
1157 4065 1201 4131 mi

178 4189 236 4240 res
248 4168 407 4260 Stephane
430 4171 471 4238 ast
490 4191 557 4250 me,
576 4170 652 4261 quis
671 4179 795 4261 tenpus
815 4180 863 4243 est
877 4182 910 4241 ut
922 4182 996 4266 post
1007 4174 1132 4244 iabores
1150 4196 1201 4245 se·
