2798 4764
325 368 471 416 necem
490 372 517 417 s.
531 370 685 416 eremum
705 370 795 417 esuis
814 372 912 418 narce
931 350 1011 439 (lb).
1120 350 1183 418 lib

155 524 212 588 secl
226 522 378 607 precipue
393 545 451 605 per
464 523 580 588 Christi
597 544 708 589 seruos
724 532 756 588 et
769 524 955 599 familiares,
974 526 1106 590 clericos
1121 528 1183 592 sui·

154 637 228 700 licet
248 645 280 699 et
299 637 485 711 monachos,
507 637 617 702 celitus
638 638 696 701 sibi
719 638 805 701 datas
827 616 990 702 facultates
1009 639 1042 701 in
1063 640 1182 704 eternis

154 747 310 811 thesamis
329 757 567 830 permanentes,
588 769 646 830 per
668 768 778 812 manus
796 768 969 832 pauperum
993 750 1067 814 lecit
1086 751 1183 815 collo·

155 860 230 923 cari.
255 858 347 922 buius
362 859 408 922 rei
422 860 636 923 testimouium
651 859 795 941 perhibet
815 861 847 922 in
867 868 1011 923 eternum
1026 877 1096 922 cum
1111 862 1181 944 ipso

154 972 279 1035 celestis
299 972 366 1033 uite
387 971 545 1053 particeps
565 972 739 1034 monachus
757 992 797 1035 ex
818 969 951 1034 seculari
968 971 1130 1034 nobilitate
1150 977 1183 1035 et

155 1082 308 1145 bcmmita
321 1081 432 1145 beetm
446 1081 614 1145 (lutherius
628 1083 713 1164 quod
727 1082 913 1145 liberalitate
927 1082 1082 1145 caritatiui
1097 1082 1183 1165 prin·

155 1193 370 1276 cipisjllectus
383 1193 506 1256 solebat
520 1212 593 1256 eum
614 1193 719 1274 sepius
741 1194 780 1256 de
799 1201 884 1257 terra
898 1194 1088 1256 Boemorum
1109 1192 1184 1256 uisi·

154 1313 234 1369 tere.
267 1305 420 1387 quociens
441 1305 526 1368 euim
550 1305 669 1367 curiam
689 1305 788 1387 ipsius
812 1304 967 1369 aduentus
987 1306 1037 1368 sui
1058 1305 1182 1388 fulgore

155 1415 373 1499 perlustrauit,
394 1435 520 1479 camera
540 1417 625 1498 regis
645 1416 704 1479 aub
718 1435 813 1478 manu
828 1435 884 1479 sua
898 1417 1018 1498 posita,
1039 1417 1184 1500 peregri·

155 1528 206 1590 nie
225 1527 331 1609 egenis
349 1535 382 1591 et
401 1528 558 1610 indigenis
576 1527 680 1589 uiduii
695 1535 727 1590 et
740 1526 908 1609 orphanis,
928 1526 1070 1590 cenobiis
1084 1535 1115 1591 et
1129 1547 1182 1592 ec·

156 1638 260 1703 clesiia
279 1641 478 1704 distributore
499 1648 649 1723 quantum
671 1640 867 1714 continebat,
893 1640 926 1702 iu
940 1641 1030 1704 breui
1049 1641 1108 1703 tuit
1126 1659 1182 1704 ex·

156 1752 284 1815 inunita.
313 1752 353 1815 etl
371 1760 480 1815 nutum
498 1753 596 1815 mam
615 1753 713 1834 ipsius
732 1752 882 1816 semidei
902 1771 957 1816 rex
972 1754 1033 1817 deo
1047 1754 1182 1818 deuotus

156 1865 379 1928 monasterinm
403 1865 489 1946 quud
513 1863 580 1928 Beli
610 1872 810 1946 nuncupatur
831 1865 1003 1946 incipiens,
1038 1865 1182 1928 omuibus

157 1976 247 2039 bonis
261 1975 381 2039 tlitauit.
402 1976 456 2039 ubi
470 1977 564 2039 modo
578 1976 738 2040 (letardus
758 1976 797 2038 de
813 1975 952 2040 Veuecia
971 1976 1114 2051 ueniens,
1134 1976 1184 2039 ui·

158 2097 220 2150 tem
231 2087 506 2168 contemplatiuanr
522 2107 617 2169 agere
628 2088 720 2168 cepit.
741 2087 794 2168 qui
806 2087 1033 2152 constitucione
1044 2087 1183 2150 fraterna

156 2199 298 2282 pontifex
312 2199 446 2272 electus,
467 2207 538 2281 post
552 2200 672 2263 obitum
685 2200 786 2262 sancti
800 2201 900 2282 regis,
921 2200 1055 2262 instante
1070 2199 1184 2261 distur-

157 2310 289 2374 batione
309 2309 541 2375 christiunitutis
562 2311 717 2393 lapidatus
739 2317 800 2385 est,
823 2318 855 2374 et
868 2331 926 2392 per
938 2309 1055 2372 donum
1077 2308 1183 2392 gracie

157 2420 327 2504 spiritualis
343 2422 456 2505 dignus
471 2425 601 2486 allectus
617 2429 666 2485 est
678 2422 844 2483 consorcio
859 2420 1007 2503 martyrii.

240 2643 306 2727 (tt)
326 2647 391 2708 Nec
405 2645 467 2708 hoc
479 2644 728 2728 pretereundum
743 2645 865 2719 estium,
886 2645 971 2728 quod
985 2644 1018 2706 in
1032 2644 1103 2707 uiro
1117 2642 1183 2722 dei,

159 2758 267 2840 quami
287 2759 390 2821 meriti
409 2765 481 2840 post
501 2758 620 2820 obitum
640 2757 737 2830 toret,
759 2757 867 2821 diuina
880 2756 979 2822 uirtus
1000 2757 1032 2820 iu
1046 2757 1111 2820 uita
1125 2774 1184 2821 sua

159 2870 375 2934 monstrare
395 2868 505 2933 uoluit.
532 2870 650 2952 quippe
665 2870 816 2952 quociens
831 2869 962 2934 alicuius
979 2870 1115 2934 hominis
1135 2870 1185 2934 iu·

158 2980 290 3044 firmitas
302 2980 431 3043 auribus
445 2981 509 3043 suis
522 2980 664 3044 intimata
678 2981 752 3055 luit,
773 2981 869 3044 missa
882 2981 941 3044 sibi
955 3002 1014 3065 pro
1028 2983 1186 3046 medicina

160 3112 255 3176 qum
267 3100 342 3157 tunc
356 3093 389 3154 in
403 3093 540 3174 presenti
555 3099 679 3175 poterut
693 3092 812 3156 babere
825 3092 978 3176 particula
989 3095 1089 3175 panis,
1098 3093 1185 3177 pomi

160 3205 213 3266 uel
236 3204 336 3268 herbe
360 3203 547 3277 aromatica,
579 3223 635 3285 per
658 3204 839 3267 mandatum
862 3211 898 3267 ut
921 3223 1017 3267 sanus
1042 3212 1186 3287 surgeret

161 3316 347 3389 ίτωωὴίί,
368 3323 400 3378 et
413 3314 464 3376 dei
477 3314 713 3397 propiciacione
732 3315 864 3379 uerbum
882 3316 982 3397 ipsius
1002 3315 1188 3389 comitante,

161 3426 265 3488 stati·
277 3426 460 3508 sospitatem
474 3426 593 3506 recepit
607 3434 678 3507 post
691 3424 860 3507 gloriosam
875 3424 915 3486 ad
930 3422 1015 3487 celos
1029 3424 1189 3487 ascensio·

161 3554 238 3600 nen
249 3544 282 3602 et
292 3538 468 3601 mirabilem
481 3537 580 3620 patris
594 3538 829 3600 consessionem
843 3536 981 3598 saluatur
994 3543 1189 3618 nosterpau·
1247 3570 1256 3589 ·

162 3651 209 3712 cis
224 3649 431 3732 corporaliter
449 3650 631 3733 apparuisse
652 3648 845 3731 perhibetur,
865 3668 922 3731 per
935 3648 1091 3713 uisionem
1108 3666 1189 3713 uero

163 3761 476 3836 mltosconsolatus,
488 3761 664 3824 latinorum
676 3779 731 3823 eos
745 3760 884 3842 prescius
893 3779 964 3824 esse
976 3760 1092 3835 docuit,
1101 3760 1190 3843 quoti

166 3881 197 3935 ct
212 3871 286 3935 huic
308 3873 403 3936 besto
424 3871 563 3955 contigit
593 3872 731 3954 «predam
752 3871 847 3954 igitur
866 3879 960 3935 nocte
980 3880 1113 3954 repente
1132 3888 1191 3953 per

162 3984 395 4049 renelecionens
412 3983 571 4068 quandam
593 3983 849 4067 expergefactum,
869 3983 1070 4049 ueretlerium
1091 4000 1193 4066 quen·

164 4095 236 4162 dem
250 4096 334 4161 inira
347 4096 432 4161 aliem
446 4104 479 4161 ot
491 4105 616 4161 nomem
631 4096 672 4161 etl
685 4096 796 4161 Albam
816 4096 1066 4181 transsyluanam
1080 4111 1193 4176 prece·

164 4208 212 4307 fl
229 4208 399 4296 utum,
417 4216 576 4279 mounes
592 4209 628 4277 in
647 4228 723 4279 rere
744 4216 908 4279 necuter
928 4204 1194 4277 sanwicum
