2798 4764
241 318 306 395 did
561 334 747 394 neronom
773 343 815 393 nn
836 342 948 394 rimu.

244 516 252 545 f
327 486 393 582 (uu)
414 499 532 566 Cantus
549 502 594 564 dc
615 500 690 564 uitia
704 499 801 565 Cocot
823 498 1114 583 impetiitNiculom
1136 499 1178 564 de
1200 497 1282 565 uilia

243 613 353 678 {anust
367 632 423 694 pro
438 613 617 694 suspicione
631 614 720 687 iurti,
743 635 781 678 ec
797 614 881 697 quod
896 633 966 677 cum
982 613 1141 695 predictus
1154 612 1281 677 Cento·

245 725 330 807 npud
353 726 455 806 ipsum
480 724 619 787 Nicuium
647 735 862 807 pernoctaret,
895 726 1033 808 quinque
1059 727 1172 806 porcis
1192 742 1282 807 quos

245 846 381 908 emeret,
402 835 508 899 furtim
528 844 601 898 eunt
621 837 745 899 sublati.
777 835 885 898 Nicuia
900 834 977 918 crgo
993 836 1032 897 ud
1047 854 1182 897 examen
1199 833 1282 896 terri

237 944 408 1012 'candentis
424 969 442 1010 a
454 950 535 1011 Mica
550 950 663 1011 comite
675 948 858 1021 Bicuriensi,
872 969 936 1031 per
948 947 1129 1030 pristuidum
1145 947 1281 1010 nomine

245 1061 340 1134 Burz,
362 1060 549 1123 Uarudinum
569 1061 751 1133 destinatus,
772 1069 897 1142 portato
914 1061 996 1123 ferro
1010 1080 1045 1122 se
1060 1060 1218 1142 purgauit.

254 1182 257 1189 '
328 1172 393 1252 (67)
416 1173 528 1234 Iurdun
550 1172 591 1234 de
613 1170 687 1232 uitia
709 1172 809 1243 itere,
831 1181 862 1234 et
877 1171 1015 1253 Keiguez
1037 1171 1076 1232 de
1099 1167 1172 1234 uilia
1196 1169 1281 1232 stro!

243 1282 452 1357 impecierunt
466 1281 605 1365 Ugudut,
628 1281 771 1354 Ohudot,
793 1280 939 1355 Scecam,
962 1288 993 1342 et
1007 1278 1187 1360 Scemhegit
1205 1298 1281 1343 cer·

240 1410 305 1456 uns
319 1393 439 1457 Thome
463 1403 493 1457 et
513 1395 654 1467 Andree,
676 1402 707 1456 et
722 1393 852 1455 Dudork
874 1402 905 1455 et
918 1391 1085 1455 Benrzium
1106 1389 1279 1460 libertinos

242 1506 418 1569 eorundem
444 1504 599 1567 deiurio.
631 1504 785 1567 iudicibus
806 1504 874 1565 Elin
898 1505 1013 1566 comite
1038 1506 1078 1567 de
1100 1505 1212 1580 Beken,
1243 1515 1281 1570 et

240 1616 342 1682 intuo
356 1619 478 1688 Zeuen,
499 1616 648 1698 pristaldo
670 1617 710 1679 dc
728 1615 863 1697 Machyn
886 1616 925 1678 de
948 1615 1022 1677 uilia
1044 1615 1127 1679 uei.
1154 1634 1281 1699 preno-

246 1727 434 1788 minatorum
456 1726 560 1788 iurum
579 1734 722 1808 quatuor,
744 1726 863 1788 scilicet
883 1726 987 1808 Ugud,
1014 1727 1155 1801 Bunczii,
1178 1726 1280 1791 Obud

246 1846 278 1901 et
290 1837 404 1909 Seccn,
428 1845 551 1917 portato
567 1837 651 1899 ierro
667 1837 820 1899 combusti
839 1845 911 1900 sunt
933 1846 965 1900 et
983 1839 1137 1920 suspensi.
1165 1839 1282 1903 Dudor

244 1949 388 2022 ueniens,
409 1969 464 2028 pre
486 1947 580 2009 nimia
603 1946 781 2011 infirmitate
805 1948 924 2011 serrum
940 1957 1062 2029 portare
1083 1969 1145 2012 non
1161 1951 1283 2032 potuit.

237 2057 410 2140 &emhegi
434 2058 467 2119 in
489 2059 601 2121 endem
623 2036 815 2140 septimana,
845 2058 966 2120 scilicet
984 2078 1101 2141 exurge
1124 2058 1283 2136 domine,

242 2184 308 2232 non
324 2170 507 2250 comparuit.
527 2144 537 2152 ’

327 2280 392 2361 (68)
414 2281 523 2344 Petrus
538 2279 661 2344 curiniis
679 2298 784 2343 comes
807 2280 846 2342 de
860 2280 1019 2361 Bernczyo
1039 2280 1179 2362 impeciit
1194 2300 1283 2344 uxo-

243 2410 309 2455 rem
325 2391 475 2453 Chobord
490 2392 530 2453 de
545 2390 709 2453 beneficio.
737 2389 840 2453 iudice
856 2390 923 2453 Leti
945 2391 1060 2455 ubbute
1074 2392 1114 2454 de
1129 2392 1283 2468 Betuciu,

243 2503 394 2584 pristnido
410 2501 556 2564 Marceiio
572 2502 611 2563 de
626 2501 698 2564 uitia
714 2500 869 2563 Murcusii.
894 2503 1033 2583 predicto
1049 2502 1162 2564 mulier
1178 2502 1283 2567 Uara-

243 2615 308 2677 diui
324 2615 488 2676 courbustu
503 2622 560 2676 est.

325 2723 391 2802 (69]
413 2724 545 2784 Domina
566 2723 674 2803 Mncye
698 2742 779 2784 uxor
799 2722 886 2805 Aghc
910 2721 1030 2785 conuitio
1052 2724 1192 2806 impeciit
1215 2726 1282 2791 Pe·

241 2839 323 2892 trum
345 2842 376 2893 et
391 2830 517 2893 fratrem
539 2833 605 2893 eius
629 2832 853 2914 Shyrinchym,
875 2834 1080 2914 ioubngiuncs
1095 2835 1196 2897 Miske
1220 2856 1282 2899 co-

242 2941 325 3002 mitis
348 2942 387 3002 dc
410 2942 484 3002 uilla
506 2941 661 3014 Gnezted‚
689 2950 721 3005 et
739 2943 944 3025 ioubagiooes
961 2945 1165 3026 Trnnsyluaoi
1188 2949 1282 3029 epis·

217 3056 224 3065 '
243 3053 313 3133 cupi
331 3051 463 3124 [iieimi
486 3053 603 3115 scilicet
617 3053 766 3114 Pulanum
782 3063 813 3115 et
827 3055 1002 3137 Zuiupkum
1018 3056 1057 3117 de
1073 3056 1147 3119 uiiia
1159 3057 1282 3120 Fcico·

243 3163 327 3246 pusi,
350 3165 390 3226 de
412 3165 569 3226 occisione
590 3163 754 3226 seruientia
776 3164 842 3237 sui,
872 3174 903 3228 et
925 3186 980 3247 pro
999 3167 1093 3228 rebus
1112 3168 1177 3229 suis
1192 3187 1281 3249 quu-

243 3279 386 3359 drugiuta
420 3297 538 3339 marcus
573 3277 748 3339 ualentibus
779 3277 934 3340 uiolenter
961 3277 1080 3340 oblatis.
1115 3276 1281 3344 iudicibus

243 3391 386 3452 Shekedz
407 3389 513 3450 curiali
536 3388 648 3450 comite
669 3389 793 3469 Music,
815 3397 845 3449 et
867 3389 1004 3453 Herbort
1025 3389 1132 3451 curiuli
1153 3394 1279 3458 comite

242 3500 305 3564 inm
329 3503 402 3565 dicti
428 3499 583 3582 episcopi,
610 3509 641 3562 et
662 3500 787 3561 Simone
813 3520 924 3563 socero
945 3482 1113 3580 supradicti
1136 3505 1281 3569 comitis.

242 3611 409 3693 pristaldos
424 3613 538 3675 Shnmn
554 3613 593 3674 de
609 3611 684 3674 uilia
695 3611 863 3693 Cureplok,
885 3620 917 3673 et
930 3613 1034 3694 Hyuet
1048 3613 1087 3674 de
1102 3611 1177 3673 uitio
1188 3614 1281 3678 sno-

242 3720 335 3783 lusth.
364 3723 459 3785 homo
480 3724 619 3804 predicte
637 3723 762 3785 dominc
785 3731 907 3803 portato
929 3723 1013 3785 ferro
1030 3723 1196 3784 mundatus
1214 3736 1280 3790 est.

325 3833 389 3912 (70)
413 3835 537 3897 Nicious
564 3835 647 3897 fitius
676 3835 801 3895 loannis
830 3835 869 3896 dc
897 3832 971 3896 uilia
992 3835 1105 3895 Tumae
1130 3833 1281 3915 impeciit

240 3940 445 4023 ioubngiones
461 3945 594 4017 Martini,
605 3945 723 4007 scilicet
737 3946 855 4020 Nemel,
870 3944 1009 4018 Micloos,
1020 3943 1139 4027 luguen,
1152 3942 1279 4022 Bibiee,

240 4055 368 4119 nonum
377 4055 531 4117 et'sckam
545 4055 584 4118 de
596 4057 802 4140 uittastranp,
811 4076 870 4139 pro
879 4056 1092 4130 latrocinium
1103 4055 1143 4119 dc
1152 4056 1279 4124 damno

241 4185 347 4235 rerum
376 4184 519 4241 suarum,
554 4167 594 4228 ud
622 4167 857 4232 estimncionem
885 4168 1052 4233 duodecim
1081 4185 1280 4243 mucetum.
