2798 4764
183 343 258 410 ‘lti
292 352 509 411 ‘mmm-m.
535 353 626 406 mors
652 352 854 436 ooaerrruaro
881 351 923 405 aa
948 344 1091 407 muare,
1125 324 1224 411 m.

189 515 330 588 <babenb
356 515 426 579 siue
449 515 482 577 in
505 511 574 576 aliis
598 511 726 575 maome
751 508 891 575 utilitatis
916 505 1066 578 existant,
1093 503 1224 567 easdem

192 628 276 692 tales
291 637 388 691 terras
402 625 461 709 ipsi
475 625 603 706 quidem
615 623 740 688 nobiles
752 631 785 685 et
801 621 1005 703 iobbagiouea
1022 617 1126 689 castri,
1146 635 1226 697 quo

196 759 268 802 rum
283 738 417 811 luerint,
438 738 537 801 libero
551 745 584 800 et
598 736 728 818 pacifice
741 735 822 798 iuter
836 734 965 798 eosdem
980 731 1138 795 Cumanos
1153 746 1227 808 pos·

197 851 360 923 nunaunt,
383 850 469 933 quod
489 857 521 913 et
539 849 672 931 predicti
694 847 813 910 domini
826 848 866 911 de
881 843 1027 910 Comanis
1048 852 1080 909 et
1093 857 1227 926 genera-

192 963 269 1027 liter
282 982 393 1025 omnes
412 961 534 1024 nobiles
548 960 760 1024 Cumanorum
782 966 1027 1031 consenserunt,
1049 965 1084 1020 ut
1098 958 1138 1019 ad
1153 976 1226 1038 pre-

179 1094 272 1138 -aana
285 1074 367 1137 inter
381 1072 466 1155 ipsos
480 1080 514 1135 et
526 1072 655 1135 eosdem
676 1068 798 1134 nobiles
813 1078 919 1134 mutua
934 1067 1178 1151 compaternitas
1194 1076 1227 1131 ct

193 1183 398 1267 cognaciouis
420 1182 555 1247 affinitas
576 1182 789 1254 contrahatur,
809 1189 841 1245 et
862 1181 963 1244 maior
977 1181 1058 1243 iuter
1074 1179 1160 1260 ipsos
1180 1178 1227 1243 di·

198 1296 292 1361 lecn'o
312 1304 344 1360 ct
362 1294 503 1358 amicicia
521 1302 723 1376 propagetur,
744 1312 856 1356 uerum
873 1293 969 1357 iidem
986 1291 1106 1355 nobiles
1121 1298 1154 1353 et
1168 1287 1227 1353 Ce-

199 1409 284 1471 rnani
300 1407 403 1489 equali
417 1406 618 1489 prerogatiua
630 1405 782 1470 libertatis
795 1404 1002 1488 gratulentur.

181 1556 184 1563 ·
284 1516 330 1602 (8)
351 1519 475 1582 erecisc
496 1518 719 1601 expressimus,
739 1518 826 1600 quod
844 1516 961 1579 domiui
979 1524 1013 1579 et
1030 1515 1153 1580 nobiles
1168 1514 1229 1578 Co·

201 1650 364 1695 manorum
388 1629 529 1694 uniuersi
553 1638 585 1692 et
608 1629 723 1712 singuli
748 1630 787 1692 ad
809 1637 950 1692 nostrum
969 1628 1155 1701 exercitum,
1187 1627 1229 1689 ad

201 1761 297 1824 quen
306 1761 363 1804 nos
374 1740 581 1822 personaliter
592 1741 825 1814 accesserimus,
839 1741 948 1803 uenire
960 1747 1136 1813 teneantur,
1148 1741 1231 1804 sicut

202 1854 299 1917 ceteri
320 1852 442 1917 nobiles
462 1852 586 1935 regulas
606 1853 790 1925 seruientcs,
812 1860 844 1916 et
863 1852 890 1914 ai
910 1853 964 1936 qui
983 1873 1025 1915 ex
1043 1852 1153 1916 iisdem
1173 1871 1231 1915 ne·

201 1965 355 2048 gligentes
370 1965 560 2038 exstiterint,
580 1965 713 2029 eandem
728 1964 897 2038 ulcionem,
919 1965 1066 2047 idemque
1080 1965 1230 2027 iudicium

98 2155 106 2167 ..
202 2075 377 2158 pacientur,
396 2095 493 2158 quan
514 2076 566 2138 uel
579 2075 667 2157 quod
688 2075 850 2139 incurrent
866 2076 918 2139 atii
931 2074 1054 2139 nobiles
1068 2076 1158 2158 regni
1172 2094 1232 2139 uo·

177 2222 181 2229 ·
201 2187 274 2260 atri,
296 2186 427 2269 quinon
441 2185 600 2249 ueniendo
615 2186 790 2251 exstiterint
804 2184 1011 2270 negligentes.

283 2295 328 2380 (0)
351 2296 517 2371 Ceterum,
537 2317 609 2359 cum
629 2317 727 2379 super
748 2296 880 2361 articulo
902 2298 1113 2363 restitucionis
1133 2299 1232 2382 capti·

177 2429 315 2475 norun
330 2408 596 2482 Christianorum,
616 2409 877 2491 quemdominus
899 2409 1022 2490 lagatus
1044 2407 1232 2491 precipuum

203 2530 233 2584 et
255 2521 424 2584 maximum
445 2541 501 2602 prc
524 2521 637 2583 ceteris
655 2529 761 2584 mente
782 2521 963 2603 reputabat,
984 2522 1024 2584 ad
1046 2529 1233 2584 nostramet

78 2662 81 2667 ·
200 2631 430 2697 uenerabilium
452 2639 576 2713 patrum
599 2632 819 2714 episcoporum
840 2641 872 2696 et
893 2643 1070 2696 ceterorum
1094 2633 1233 2714 prelato-

200 2764 290 2816 rum,
317 2762 355 2805 ac
376 2743 530 2807 baronum
550 2752 730 2807 nostrorum
750 2743 950 2817 instanciam,
978 2743 1062 2806 idem
1084 2744 1232 2807 «lominus

199 2855 324 2936 legatus
342 2854 543 2935 paternaliter
566 2853 792 2919 condescendit
810 2854 872 2918 hoc
893 2856 1003 2918 modo:
1026 2856 1111 2936 quotl
1132 2855 1232 2936 eapti-

198 2985 271 3039 ·uoa,
298 2984 378 3046 quos
397 2965 429 3027 iu
451 2986 550 3047 regno
575 2974 606 3029 et
631 2963 721 3031 terris
746 2966 861 3029 nostris
883 2966 1077 3029 Christianos
1101 2986 1231 3049 quoquo

197 3078 299 3142 niodo
322 3078 512 3151 retinebant,
540 3076 664 3159 precise
685 3087 718 3140 et
736 3077 879 3141 absoluta
901 3079 1053 3152 reddere,
1076 3098 1135 3142 nec
1155 3080 1233 3143 reti·

201 3210 279 3254 aere
294 3190 493 3263 tenebuntur,
512 3189 591 3252 alios
606 3209 683 3253 uero
696 3189 839 3273 captiuos
849 3209 934 3264 suos,
949 3191 980 3253 iu
992 3191 1150 3254 extraneis
1161 3211 1232 3274 reg·

203 3302 251 3365 nia
267 3301 441 3383 captiuatoa
455 3300 644 3365 retinebunt.

286 3409 351 3493 (10)
373 3411 420 3473 Ad
440 3410 515 3473 hec:
537 3412 610 3493 quia
632 3413 770 3494 predicte
789 3424 910 3496 septem
931 3414 1156 3496 generaciones
1171 3415 1233 3479 Co·

204 3542 367 3589 manorum
379 3522 411 3586 iu
422 3521 555 3587 diuersis
566 3521 653 3598 locis,
663 3535 695 3588 at
705 3526 736 3587 iu
747 3526 888 3607 pluribus
899 3529 1112 3608 processibus,
1123 3537 1233 3608 utpote

206 3633 323 3696 (lumini
344 3633 573 3716 archiepiscopi
595 3635 787 3711 Colocousis,
808 3648 840 3703 et
860 3639 1086 3701 uenerabilium
1107 3649 1234 3720 patrum

204 3745 399 3809 dominorum
408 3745 616 3818 Uaradiensia,
624 3747 1237 3829 Agrieuns,ClranadiensisetUaniensis

203 3855 874 3938 episcoporumresidebuntetdescendent,
893 3860 1038 3923 uolumus
1050 3862 1163 3923 eodem
1175 3861 1237 3924 do-

204 3966 290 4030 mino
311 3965 416 4049 legato
437 3975 613 4042 aunuente,
633 3979 669 4033 ut
682 3990 763 4033 unus
777 3972 912 4053 quisqam
927 3973 1112 4036 eorumdem
1134 3992 1237 4037 uene·

134 4126 137 4131 Α
195 4077 348 4141 sellium
369 4084 493 4158 patrum
514 4079 645 4143 accedat
662 4080 704 4145 ad
719 4082 960 4163 generacionem
981 4085 1013 4147 iu
1032 4105 1093 4149 sua
1113 4085 1238 4150 mecasi

177 4242 184 4261 .
204 4188 467 4266 emmenum
486 4208 560 4257 cum
573 4209 639 4259 uuo
651 4191 771 4263 harem
785 4201 894 4297 norun
906 4204 941 4263 at
953 4197 1076 4264 doctu
1090 4199 1238 4267 seruien-
