2798 4764
424 350 449 395 s.
464 352 605 397 renisum
627 352 716 397 neces
739 352 903 398 oscannum
925 355 970 400 ιιι.
1149 335 1209 403 ent

263 614 312 698 (ll
336 618 379 677 Dc
399 619 613 678 centurionibus
635 620 823 679 comitatuum
844 630 869 680 ct
889 621 1099 681 decurionibus.
1143 623 1212 684 Hoc

182 729 412 802 decreuerunt,
433 729 515 790 hanc
530 729 631 810 legem
648 731 892 791 constituerunt:

262 851 296 903 ut
322 843 456 903 nuncius
482 843 565 922 regis
590 863 647 922 per
670 862 778 903 omues
803 842 944 903 ciuitates
967 842 1127 924 dirigatur,
1158 846 1210 927 qui

180 962 353 1034 congreget
366 954 566 1015 centuriones
582 961 613 1014 el
628 954 813 1015 decuriones
830 974 937 1016 eorum
951 956 1003 1036 qui
1020 956 1115 1036 uulgo
1127 957 1210 1018 Ewri

179 1074 342 1139 uocantur,
364 1085 433 1127 cum
450 1067 595 1127 omnibus
611 1067 669 1127 sibi
685 1068 867 1139 commissis,
891 1075 921 1129 et
936 1068 1090 1148 precipiat
1104 1068 1159 1141 eis,
1177 1077 1210 1131 ul

180 1178 205 1239 si
221 1197 314 1259 quem
329 1177 402 1240 furti
418 1178 606 1258 culpabilem
620 1179 734 1252 sciant,
758 1180 933 1241 ostendent.
956 1188 987 1241 et
1004 1181 1056 1260 qui
1072 1200 1130 1261 pro
1145 1180 1211 1241 cul-

179 1287 333 1369 pabilibus
349 1289 466 1349 ostensi
482 1288 611 1362 luerint,
634 1290 658 1350 si
675 1290 759 1370 quod
775 1309 838 1350 non
854 1292 915 1351 sint
929 1291 1114 1372 culpabiles,
1130 1292 1211 1353 iudi·

180 1399 261 1461 cium
277 1408 401 1481 portare
418 1400 591 1474 noluerint,
621 1402 770 1463 iudicium
786 1403 877 1464 detur
890 1402 961 1464 illis.
989 1423 1131 1485 quosque
1154 1424 1212 1465 no-

180 1512 367 1574 minauerint
378 1514 469 1587 Enni,
482 1513 524 1574 illi
537 1515 718 1595 parciantur
729 1516 786 1575 sub
799 1516 965 1577 decenario
978 1536 1120 1588 numero,
1131 1536 1210 1597 qua·

180 1645 249 1687 rum
271 1647 351 1686 uuus
373 1645 430 1706 pro
446 1627 553 1688 decern
576 1636 679 1708 portat
694 1628 853 1689 iudicium.
880 1629 972 1709 quisi
988 1627 1080 1690 suerit
1095 1629 1210 1702 saluus,

180 1735 291 1817 reliqui
307 1757 421 1798 nouem
437 1738 514 1798 salui
529 1737 614 1799 fiant.
641 1739 688 1799 sin
705 1747 826 1811 autem,
847 1760 963 1802 nouem
983 1749 1109 1821 portent
1130 1741 1211 1802 iudi-

180 1848 261 1907 cium
285 1849 500 1930 unusquisque
521 1869 639 1930 prose.
670 1850 722 1911 ille
738 1858 842 1912 autem
859 1852 911 1933 qni
928 1871 985 1932 pro
1001 1824 1116 1913 nouem
1131 1852 1212 1913 iudi·

181 1960 261 2020 cium
284 1961 469 2041 portauerit,
491 1962 558 2042 ipse
575 1963 672 2023 eciam
688 1983 745 2043 pro
764 1984 797 2024 se
815 1972 920 2044 portet
936 1983 1035 2045 aeque
1052 1964 1211 2025 iudicium·

263 2080 332 2152 post
354 2071 413 2133 bec
437 2073 646 2153 inquiratura
668 2075 788 2136 cunctis
809 2075 1008 2154 optimatibus
1032 2084 1063 2136 et
1082 2075 1211 2155 populo,

183 2184 312 2265 siquam
329 2185 432 2245 uillam
449 2185 547 2246 sciant
562 2186 644 2248 furto
657 2186 857 2247 diffamatam.
880 2197 911 2248 et
921 2187 946 2247 si
959 2205 1052 2266 quam
1066 2187 1212 2258 dixerint,

183 2295 265 2356 dicat
288 2297 420 2357 nuncius
443 2297 527 2377 regis
551 2296 683 2371 uillanis,
709 2306 742 2359 ut
763 2316 842 2378 quos
864 2297 948 2358 sures
970 2299 1070 2357 sciant
1088 2297 1121 2358 in
1142 2296 1210 2369 illa,

182 2406 251 2468 illos
274 2408 415 2470 reddant.
445 2429 523 2490 quos
544 2418 647 2470 autem
670 2409 879 2481 reddiderint,
901 2409 926 2470 si
949 2409 1064 2470 iudicio
1078 2429 1113 2470 se
1127 2394 1209 2470 uelle

183 2518 352 2581 defendere
370 2521 519 2593 dixerint,
544 2541 583 2581 ne
608 2519 842 2600 prohibeantur.
871 2522 927 2582 sed
943 2522 996 2603 qui
1012 2521 1097 2582 luces
1113 2522 1210 2583 multo

183 2639 274 2693 antea
290 2633 385 2693 auditi
401 2633 541 2704 fuerant,
563 2632 622 2692 illis
638 2651 836 2714 nequaquam
853 2633 945 2694 detur
960 2633 1120 2694 iudicium.

265 2752 408 2823 preterea
430 2746 571 2806 eiusdem
596 2744 669 2805 uille
697 2744 803 2805 uillani
826 2746 1017 2825 perdecem
1044 2752 1075 2806 et
1100 2744 1210 2807 decem

183 2855 372 2928 diuiduntur,
389 2865 419 2918 et
431 2857 571 2918 decimus
586 2877 643 2937 pro
657 2877 769 2919 noctem
787 2867 889 2938 portet
901 2858 1059 2919 iudicium.
1081 2857 1211 2920 siluerit

182 2968 248 3050 ipse
265 2969 410 3040 mundus,
432 2968 542 3050 reliqui
558 2989 672 3031 nouem
689 2970 796 3031 mundi
813 2972 882 3031 sint.
910 2970 936 3032 si
953 2969 1116 3050 culpabilis
1131 2971 1211 3033 sicut

182 3080 425 3158 supradiximus
442 3081 657 3161 unumquisque
683 3101 739 3160 pro
754 3101 788 3142 se
803 3089 923 3162 portet,
945 3082 1083 3142 decimus
1107 3089 1210 3142 autem

183 3192 237 3273 qui
248 3212 304 3272 pro
316 3213 430 3254 nortem
443 3201 638 3273 portauerat,
654 3195 787 3273 ipsemet
803 3212 905 3273 aeque
918 3193 1035 3253 iudicio
1051 3192 1211 3272 probetur.

250 3306 364 3366 deiude
374 3305 506 3368 nuncius
519 3307 601 3386 regis
613 3306 651 3366 de
663 3306 737 3366 uilla
750 3306 780 3364 in
794 3305 897 3365 uillam
910 3302 1210 3376 uadal,sciscitando

183 3416 353 3490 auillanis,
375 3418 481 3478 interlui
503 3417 604 3478 iurem
628 3417 743 3487 sciunt,
766 3422 950 3477 monstrent.
981 3424 1088 3475 notum
1111 3414 1210 3476 eciam

183 3529 289 3602 iaciat,
306 3531 404 3591 tocius
420 3529 553 3610 ngarie
569 3529 726 3610 principes
741 3535 971 3588 sacramentum
987 3526 1110 3598 secisse,
1126 3527 1211 3608 quod

184 3661 288 3722 neque
311 3642 370 3702 luri
392 3649 536 3722 parcant,
558 3659 661 3721 neque
676 3639 778 3701 celent
793 3659 874 3700 eum.
904 3638 962 3720 ipsi
978 3658 1104 3720 quoque
1127 3639 1212 3700 simi-

184 3753 253 3815 liter
279 3754 404 3815 iaciant.
436 3754 516 3815 etsi
543 3753 646 3814 rustici
672 3753 808 3814 dixerint
831 3751 1045 3813 iusiurandum
1070 3771 1105 3812 se
1128 3750 1211 3814 uelle

185 3867 372 3940 obseruare,
395 3876 459 3928 tum
475 3867 640 3928 ostendant
655 3866 756 3937 sures,
778 3864 832 3925 ubi
845 3865 956 3926 sciunt.
990 3865 1046 3927 sed
1061 3864 1086 3926 si
1104 3874 1213 3947 postea

185 3978 296 4061 aliquis
312 3977 396 4040 iures
412 3977 529 4040 celasse
546 3999 600 4040 eos
616 3978 828 4051 accusauerit,
857 3985 888 4040 et
904 3979 946 4041 itu
962 3977 1079 4059 periuri
1094 3978 1212 4039 inuenti

185 4090 317 4165 luerint,
340 4111 396 4174 pro
413 4093 661 4155 commutacione
683 4092 789 4176 lingue
810 4093 919 4155 decem
938 4111 1051 4175 pensas
1072 4092 1213 4164 soluant,

186 4211 219 4268 et
232 4203 407 4268 cennonice
419 4204 591 4290 peniteant.
