2798 4764
225 320 290 397 trs
373 336 639 397 *museum
659 334 795 394 ssuosu
812 333 970 392 sessus.
1010 314 1103 391 istu

218 504 281 569 'uel
295 512 497 568 conuentum.
516 511 766 586 bansgrcssores
781 510 883 566 autem
894 497 1132 564 constitucionis
1145 498 1255 562 huius·

230 616 314 679 modi
329 636 385 697 per
396 634 469 678 suos
484 615 665 696 superiores
675 613 903 693 compellantur
912 610 1044 674 relicere
1059 630 1152 674 omne
1166 611 1256 673 dam-

228 746 322 800 num,
354 726 440 806 guod
465 725 657 787 monasterio
681 723 734 787 uel
757 724 890 787 seuleus
915 744 954 786 ex
977 721 1181 786 fideiussione
1204 722 1255 785 uel

229 835 426 919 nbligacione
437 834 620 898 huiusmodi
633 833 846 899 incurrissent

313 944 379 1027 (30)
401 945 570 1008 statuimus
592 953 624 1008 et
640 954 791 1009 statutum
810 947 911 1008 eciam
934 943 1148 1018 declaramus,
1170 945 1256 1026 quod

223 1055 1257 1129 ecclesiarumrectorcsdebonismobilibusuelinribus,seulibris

230 1176 287 1233 aut
302 1167 493 1231 ornamentis
513 1168 553 1230 ad
567 1166 715 1230 ecclesias
737 1166 821 1248 ipsas
842 1166 1057 1248 spectantibus
1077 1166 1155 1227 nibil
1170 1166 1257 1238 dare,

230 1280 408 1345 concedere
422 1279 476 1342 uel
488 1280 607 1343 donus
621 1277 743 1360 possint
756 1278 788 1340 in
801 1280 881 1353 nita,
902 1297 961 1340 nco
975 1278 1015 1341 de
1029 1277 1106 1360 ipsis
1118 1296 1175 1340 seu
1188 1276 1257 1339 aliis

230 1390 398 1455 nobilibus
410 1389 463 1453 uel
476 1387 687 1454 immobilibus
699 1398 756 1453 aut
767 1408 802 1452 se
816 1389 1015 1451 mouentibus
1025 1389 1167 1471 aquisitis
1181 1408 1258 1451 con-

228 1500 439 1583 templacione
463 1500 668 1565 ecclesiarum
689 1500 829 1582 ipsarum
853 1500 977 1582 possint
1001 1500 1139 1562 condere
1162 1507 1259 1562 testa·

105 1629 108 1633 '
229 1621 390 1687 neutum,
410 1611 470 1675 nisi
491 1612 522 1675 iu
541 1612 666 1675 casibus
687 1611 791 1674 aiore
813 1610 982 1691 permissis,
1002 1611 1087 1692 quod
1108 1609 1136 1672 si
1149 1617 1258 1672 contra

231 1724 347 1787 lactum
374 1722 470 1784 luerit
492 1721 569 1783 illud
594 1722 793 1786 decernimus
817 1720 938 1784 irritum
960 1730 993 1784 ct
1015 1721 1125 1795 inane,
1156 1722 1260 1803 preci·

217 1835 355 1918 'pientes
380 1834 519 1898 districte
543 1834 628 1916 quod
651 1852 854 1898 successores
878 1834 1120 1916 eorumquiin
1144 1835 1258 1898 talibus

230 1954 438 2011 assesserunt
458 1945 600 2027 predicte
617 1946 702 2008 bona
716 1964 788 2008 cum
802 1945 988 2011 auctoritate
1002 1945 1259 2019 diecesanorum,

233 2065 268 2123 st
289 2058 388 2121 eciam
411 2057 551 2121 iudicum
576 2057 781 2131 secularium,
801 2057 829 2121 si
850 2057 946 2120 inerit
969 2067 1197 2138 opportunum,
1218 2060 1258 2121 ad

232 2168 283 2233 ius
305 2177 338 2232 et
361 2167 585 2250 proprietatem
609 2169 749 2250 ipsarum
771 2167 977 2232 ecclesiarum
1003 2167 1175 2230 efficaciter
1193 2178 1260 2231 stu-

233 2281 330 2344 deant
341 2299 511 2355 reuocare,
521 2279 648 2362 ipsique
661 2279 775 2362 prelati
788 2300 823 2342 se
837 2280 1038 2352 fauorabiles,
1051 2288 1084 2343 et
1097 2289 1260 2362 promptos

217 2387 310 2474 'ipsis
330 2391 507 2456 rectoribus
526 2390 699 2454 exhibeant
718 2391 751 2453 in
772 2391 938 2473 predictis,
956 2392 1031 2454 etsi
1045 2392 1099 2474 qui
1114 2392 1154 2455 de
1168 2391 1260 2454 dictis

234 2502 410 2567 rectoribus
432 2503 466 2563 in
489 2503 695 2566 rcuocacione
719 2502 900 2565 huiusmodi
925 2503 1042 2565 fuerint
1066 2503 1260 2586 negligentes

234 2615 320 2696 ipsos
335 2615 374 2676 ad
389 2614 421 2676 id
436 2634 493 2696 pcr
505 2615 691 2678 diocesanos
712 2614 870 2696 predictos
883 2616 1029 2696 compelli
1049 2616 1209 2689 uolumus,
1230 2624 1263 2678 et

235 2726 431 2788 mandamus.
458 2726 668 2788 archidiaconi
689 2746 816 2808 quoque
835 2727 949 2808 singuli
956 2772 966 2801 ,
986 2727 1136 2791 uidelicet
1153 2728 1184 2788 in
1198 2729 1262 2790 sin-

234 2837 317 2920 gulis
331 2837 636 2899 archidiaconatibus
651 2837 714 2898 suis
730 2847 792 2900 tum
807 2839 847 2900 de
863 2840 1010 2921 predictis
1024 2860 1118 2921 quam
1138 2841 1206 2902 aliis
1222 2842 1263 2902 ad

236 2947 370 3021 bonum
392 2956 424 3010 et
438 2948 576 3010 utilitatis
591 2948 792 3011 ecclesiarum
809 2969 938 3012 suorum
953 2953 1262 3016 archidiaconatuum

235 3078 343 3122 curam
367 3069 400 3122 et
423 3056 666 3122 sollicitudinem
690 3060 829 3123 babeant
850 3061 1045 3144 diligenlcm.
1080 3074 1111 3127 et
1135 3065 1161 3126 si
1185 3065 1263 3146 quiid

237 3190 332 3253 super
346 3173 495 3254 predictis
518 3180 549 3234 et
572 3171 640 3233 aliis
655 3171 847 3235 difficultatis
869 3175 1047 3249 emerserit,
1069 3176 1145 3238 illud
1159 3177 1264 3238 dicec-

236 3285 321 3347 sanis
335 3283 399 3345 suis
413 3283 561 3347 studeant
573 3302 667 3365 quam
681 3283 777 3345 cicius
791 3283 954 3346 nunciare.

319 3392 387 3476 (³1)
409 3393 516 3457 Nullus
529 3395 661 3457 clericus
676 3404 782 3458 nostre
796 3395 967 3478 legacionis
981 3397 1013 3457 in
1025 3398 1138 3478 quouis
1152 3398 1265 3459 ordine

237 3507 424 3569 constitutus
439 3505 633 3588 peregrinari
647 3514 739 3568 extm
754 3526 886 3587 regnum
901 3506 952 3570 uel
968 3508 1160 3587 prouinciam
1175 3527 1264 3569 suam

238 3625 398 3699 presumat
418 3618 538 3698 absque
551 3618 790 3680 diecesanorum
805 3617 1041 3700 cpiscoporum,
1063 3620 1116 3682 uel
1130 3620 1265 3682 aliorum

239 3728 469 3789 ordinariorum
491 3747 620 3790 suorum
635 3729 765 3791 licencia
782 3730 913 3811 specieli
928 3731 1012 3812 quod
1027 3732 1125 3811 siquis
1141 3740 1266 3792 contra-

238 3836 319 3899 rium
339 3836 469 3910 lecerit,
489 3856 508 3899 a
530 3838 685 3901 beneficio
703 3836 837 3903 ecclesie
858 3841 909 3902 uel
929 3841 1132 3904 ecclesiarum
1153 3843 1186 3904 in
1202 3862 1267 3925 qua

238 3946 292 4010 uel
303 3947 418 4029 quibus
431 3947 637 4012 beneficiatus
648 3950 784 4025 exstitit,
806 3971 863 4034 pcr
875 3952 967 4014 unius
982 3955 1055 4016 anni
1070 3955 1212 4036 spacium
1227 3955 1269 4018 sit

145 4151 149 4158 Ι
238 4078 421 4142 suspensus.

320 4169 388 4257 (32)
410 4173 613 4240 beoeraimus
628 4184 663 4241 ut
675 4176 958 4264 nemoincoguitus
970 4179 1268 4245 administrandum
