2798 4764
281 341 428 391 enarrer
445 344 587 390 misceor
600 344 673 390 rim
688 345 713 390 s.
728 345 881 392 snorum
894 345 986 394 mou
1000 324 1056 414 (2).
1126 329 1186 398 165

152 496 432 578 perlustrauerunt.
460 496 589 578 quidam
611 517 721 560 eorum
740 516 839 581 regna
860 518 931 562 cum
952 501 1094 584 regibus,
1115 502 1186 587 qui-

154 607 225 670 dam
245 606 438 691 principatus
464 627 534 669 cum
556 607 767 692 principibus,
788 607 915 692 quidam
938 619 1042 694 partes
1058 622 1090 678 et
1104 612 1186 678 diui·

151 718 258 783 siones
281 717 516 802 prouinciarum
539 739 610 782 cum
633 720 780 802 prefectis
802 729 834 784 et
849 722 1026 803 prepositis,
1047 724 1088 789 ad
1101 724 1185 789 chri·

152 831 252 894 stiane
267 829 429 914 religionis
445 829 562 893 cultum
577 831 806 913 perduxerunt,
829 832 906 896 etin
921 840 1041 896 tantum
1055 834 1183 900 feruore

151 943 248 1006 saneti
264 941 391 1025 spiritus
405 943 633 1006 exardescente
654 964 711 1024 per
726 944 835 1007 orbem
849 944 1037 1008 uniuersalis
1052 945 1185 1010 ecclesie

151 1054 355 1117 fundamenta
376 1063 450 1117 sunt
468 1054 617 1127 stabilita,
639 1056 726 1137 quod
740 1055 840 1119 eciam
851 1046 931 1138 'ipsa
953 1057 1062 1120 muudi
1084 1057 1185 1143 tocius

151 1164 335 1246 metropolis
357 1167 472 1238 Roma,
494 1187 564 1228 cum
586 1166 769 1230 monarchia
790 1167 948 1251 dignitatis
971 1167 1185 1252 imperatorie,

152 1275 266 1339 Christi
286 1275 361 1338 iidei
384 1275 464 1338 colla
478 1276 688 1355 submittens„
703 1278 876 1340 uanitatum
893 1278 1053 1344 erroribus
1067 1299 1185 1343 renun-
1201 1262 1207 1274 ’

151 1386 255 1450 ciauit.
284 1407 348 1449 non
371 1385 520 1449 remansit
540 1386 641 1469 patria
661 1407 765 1470 neque
788 1388 894 1463 nocio,
915 1389 968 1452 uhi
984 1392 1184 1474 quorundam
1262 1417 1266 1424 ·

151 1496 366 1560 miseracionis
382 1498 495 1562 Christi
518 1519 582 1560 non
603 1498 714 1562 suisset
734 1501 917 1583 assumptio.
946 1502 1032 1564 unde
1053 1502 1185 1586 contigit

151 1610 258 1674 diuine
272 1608 396 1694 pietatis
411 1609 556 1673 intuitum
578 1611 610 1672 in
628 1611 709 1674 filios
724 1612 915 1695 perdicionis
930 1620 962 1676 et
976 1613 1184 1695 agnorancie,

150 1721 304 1805 populum
326 1708 437 1784 rudem
461 1731 492 1784 et
513 1742 646 1806 uagum,
668 1731 842 1786 creaturam
858 1724 978 1787 domini
993 1744 1062 1789 esse
1076 1746 1111 1789 se
1125 1747 1184 1793 ne·

149 1832 317 1906 scientem,
347 1833 514 1915 Hungaros
539 1833 687 1897 uidelicet
711 1835 873 1899 Pannonio
901 1837 1034 1920 patriam
1059 1836 1183 1901 inhahi-

148 1952 269 2017 tantes,
290 1941 435 2006 clementi
456 1943 526 2006 uisu
548 1944 587 2006 de
607 1943 675 2007 celo
689 1946 872 2029 prospicere
886 1955 922 2010 ut
936 1967 1015 2029 quos
1031 1948 1071 2011 ad
1086 1948 1182 2013 ulcis-

149 2055 266 2118 cendas
280 2054 553 2138 pre'uaricaciones
569 2055 832 2140 §hristianorum
854 2058 893 2121 de
908 2058 1038 2123 aedibus
1052 2068 1181 2124 natura-

148 2167 230 2231 lihus
245 2166 276 2228 in
292 2165 440 2229 occiduas
457 2175 561 2247 partes
576 2166 700 2229 occulto
715 2167 933 2250 perpetuitatis
949 2168 1079 2232 consilio
1092 2169 1181 2252 prius

149 2278 341 2352 exsciuerat,
360 2278 418 2339 hos
435 2286 575 2360 tempore
591 2299 648 2340 sno
664 2278 945 2360 predestinacionis
960 2279 1023 2341 iam
1037 2278 1183 2357 instante,

151 2390 191 2452 de
213 2389 264 2452 uia
285 2388 458 2471 iniquitatis
480 2390 519 2450 ad
535 2388 656 2452 iusticie
675 2387 832 2463 semitam,
855 2390 894 2451 de
910 2388 1051 2452 mesticia
1066 2388 1183 2454 nebula

150 2501 190 2564 ad
203 2521 292 2585 spem
316 2500 347 2562 in
362 2509 505 2563 eternum
521 2499 734 2583 permanentis
749 2501 938 2583 perduceret
951 2501 1182 2567 retribucionis.

151 2614 234 2696 qnod
250 2611 385 2697 qualiter
407 2620 439 2674 et
461 2613 588 2695 quando
611 2610 727 2674 lactum
745 2611 802 2686 sit,
823 2611 885 2675 stili
906 2612 1010 2676 officio
1028 2614 1182 2681 memorie

151 2725 371 2789 commendare
385 2744 557 2807 congruum
573 2723 729 2787 duximus.
1167 2738 1169 2743 ·

232 2944 280 3029 (ἢ)
301 2948 346 3009 Ea
362 2946 518 3030 siquidem
543 2954 728 3029 tempestate
749 2967 812 3030 qua
831 2969 908 3030 gens
923 2949 1046 3032 prelata
1063 2948 1115 3013 dei
1130 2966 1183 3015 ec·

153 3056 281 3122 clesiam
297 3058 556 3139 depopulabatur,
578 3064 646 3120 erat
664 3057 696 3119 in
711 3077 750 3121 ea
763 3057 910 3142 princeps
925 3060 1068 3142 quidam,
1089 3081 1194 3144 quara

152 3178 201 3233 tus
216 3171 256 3232 ah
270 3168 324 3232 illo
336 3168 389 3252 qui
404 3168 608 3252 ingressionis
619 3169 840 3252 Hungarorum
854 3169 887 3232 in
898 3171 1102 3245 Pannoniam,
1117 3172 1183 3235 dux

152 3280 270 3364 primus
289 3280 364 3355 luit,
384 3281 511 3343 nomine
532 3281 650 3364 Geysa,
680 3301 813 3343 seuerus
834 3280 963 3362 quidem
984 3289 1016 3345 et
1035 3280 1183 3357 crudetis,

150 3391 250 3455 ueluti
260 3390 477 3474 potencialiter
487 3411 584 3474 agens
599 3390 632 3452 in
646 3410 730 3454 suos.
752 3389 931 3453 misericors
942 3399 1046 3453 autem
1061 3389 1184 3455 etlihe·

152 3500 226 3564 ralis
240 3501 272 3564 in
285 3501 416 3576 alienos,
437 3511 469 3565 et
483 3502 632 3585 precipue
650 3502 683 3564 in
697 3501 906 3573 Christianos,
926 3500 989 3564 ritu
1005 3501 1183 3585 paganismi

151 3612 225 3675 licet
239 3613 343 3675 adhue
358 3612 486 3695 quidem
502 3610 687 3686 obuolutus,
709 3619 814 3675 tamen
832 3610 1104 3696 appropinguante
1118 3612 1184 3698 spi·

151 3722 272 3785 ritualis
300 3723 423 3805 fulgore
449 3721 638 3798 carismatis,
672 3742 744 3785 cum
766 3722 911 3787 omnibus
934 3722 1181 3808 circumquaque

150 3833 325 3917 positarum
345 3830 581 3917 prouinciarum
599 3834 713 3898 uicinis
731 3836 771 3897 de
793 3855 889 3918 paee,
910 3835 1001 3900 cuius
1020 3856 1183 3921 nunquam

152 3953 247 4009 antea
270 3944 331 4009 fuir
354 3955 484 4020 amator,
515 3943 598 4027 cepit
619 3951 735 4010 attente
759 3954 904 4010 tractare.
930 3945 1049 4011 utiam
1071 3945 1182 4011 inille

150 4062 260 4140 posset
284 4056 412 4140 agnosci
436 4055 526 4121 cuius
552 4056 635 4121 lilius
660 4055 856 4123 desideraret
880 4057 972 4134 lieri,
1006 4057 1183 4123 seeundum

151 4168 272 4239 dictum
286 4170 452 4237 salustoris
466 4168 567 4237 nostri
587 4168 720 4238 diceruh
740 4170 774 4235 iu
788 4169 973 4257 euangelio:
993 4167 1080 4234 beati
1095 4164 1183 4253 paci·
