2798 4764
219 354 279 423 idi
349 373 496 422 mmor
508 372 650 421 rrrsoorr
663 373 737 419 vrrs
751 370 776 419 s.
787 370 943 419 arnamar
955 371 1045 419 anors
1060 350 1115 438 (1).

219 529 400 592 conminuat
423 528 618 603 incendium,
650 547 745 610 quam
771 528 810 591 ad
838 535 977 590 uestrum
1006 525 1107 589 liuore
1136 524 1250 608 plenus

219 641 385 724 perueniat
405 638 541 702 oculum.
570 640 666 722 lgitur
682 639 756 722 quia
770 639 844 701 boni
860 638 1009 720 quicquid
1024 647 1072 701 est
1087 658 1127 701 ex
1142 637 1251 701 condi-

220 751 298 814 toris
313 749 528 813 misericordia
542 756 662 823 manat,
677 768 717 812 ex
730 749 829 830 ipsius
840 749 924 811 dono
939 767 1043 812 sermo
1056 755 1167 832 ceptus
1176 747 1251 811 talia

219 869 378 945 personat.
481 900 483 905 -

302 1082 349 1168 (1)
371 1083 471 1148 Omne
486 1084 771 1166 datumoptimum,
793 1091 825 1146 ct
835 1102 928 1145 omne
944 1082 1060 1145 donum
1075 1082 1252 1165 perfectum

221 1197 262 1260 do
275 1216 398 1260 sursum
413 1202 477 1268 est,
507 1195 707 1259 descendens
721 1212 739 1256 a
752 1204 842 1277 patre
856 1193 1019 1257 luminum.
1048 1193 1145 1257 huius.
1155 1195 1252 1277 patris

134 1378 137 1383 ,
222 1307 329 1371 datum
352 1305 503 1388 optimum
526 1312 558 1368 et
572 1306 691 1369 donum
711 1305 886 1386 perlectum
900 1305 933 1365 in
948 1324 1059 1367 omnes
1073 1304 1159 1387 large
1179 1324 1252 1387 pro-

221 1418 370 1492 ueniens,
400 1418 474 1499 quia
496 1414 615 1479 nullum
636 1417 770 1498 spernit,
806 1417 863 1479 sed
884 1435 994 1479 omnes
1016 1415 1162 1479 homines
1185 1417 1254 1480 uult

221 1527 327 1592 saluos
347 1527 432 1600 fieri,
461 1528 553 1591 etad
575 1527 771 1608 agnicionem
794 1527 937 1588 ueritatis
963 1527 1086 1602 uenire3
1109 1527 1149 1590 ad
1164 1528 1253 1591 Hun-

222 1658 316 1723 garos
326 1659 438 1721 usquc,
452 1658 532 1722 quos
549 1637 796 1701 Christianorum
810 1636 967 1719 flagellum
983 1639 1141 1721 qnondam
1156 1639 1253 1702 luisse

223 1755 363 1822 constat,
384 1748 530 1811 dillusum
551 1755 610 1810 est.
639 1767 744 1829 neque
767 1728 1034 1830 enimquippiam
1055 1749 1130 1812 boni
1150 1757 1254 1832 potest

223 1859 256 1926 in
270 1860 364 1925 rebus
376 1858 581 1923 existentibus
596 1877 666 1921 esse
682 1859 732 1921 ucl
748 1858 832 1932 lieri,
854 1860 973 1942 absque
986 1860 1142 1924 beneficio
1157 1861 1253 1943 gratis

223 1971 380 2036 uenientis
405 1970 619 2033 miseracionis
644 1970 705 2033 dei.
737 1969 834 2033 oculis
861 1972 989 2054 quidem
1014 1971 1122 2035 diuina
1147 1973 1254 2055 proni·

224 2082 353 2156 dencie,
382 2081 495 2164 quibus
517 2081 575 2144 sibi
596 2079 817 2143 famulancium
840 2081 1003 2143 celestium
1017 2083 1169 2145 uirtutum
1191 2090 1256 2146 sta·

224 2200 291 2259 lum
305 2194 528 2257 inconcussum
541 2192 716 2255 secundnm
731 2192 876 2274 placitum
891 2212 981 2255 suum
995 2194 1135 2257 intuetur
1151 2215 1159 2256 τ
1189 2194 1255 2257 his·

225 2306 297 2371 dem
312 2305 412 2370 eciam
426 2303 562 2368 hominis
583 2304 697 2388 perditi
716 2304 983 2368 restauracionem
997 2305 1142 2389 dignatus
1160 2306 1256 2370 mise·

223 2416 389 2483 ricorditer
410 2416 613 2498 contemplari
634 2423 667 2478 et
689 2415 829 2497 operari,
858 2425 892 2479 ut
912 2435 1008 2498 quem
1029 2416 1175 2499 imaginis
1197 2437 1254 2481 sue

225 2530 376 2613 dignitate
403 2529 541 2591 creando
559 2529 783 2602 decorauerat,
810 2527 932 2608 paterni
953 2528 1043 2610 regni
1064 2528 1255 2592 coheredem

223 2638 296 2703 ficri
317 2659 374 2721 per
393 2638 620 2701 incarnacionis
645 2657 702 2700 sue
727 2646 958 2701 sacramentum
983 2639 1166 2702 mirabiliter
1187 2639 1257 2702 effi·

225 2758 321 2814 cenet.
345 2750 491 2832 perlectis
512 2749 606 2832 igitur
624 2749 655 2811 in
677 2748 878 2830 redemptore
901 2758 1007 2813 nostro
1021 2750 1256 2832 pariarcharum

227 2881 263 2925 ac
284 2860 508 2944 prophetarum
534 2859 683 2935 oraculis,
712 2880 771 2943 per
788 2861 945 2944 uirginem
963 2860 1161 2925 inerrabiliter
1183 2879 1257 2924 nas-

227 2972 338 3046 cendo,
359 2970 530 3053 peroraris
545 2971 723 3053 passionem
739 2989 777 3035 ac
792 2971 900 3034 mortis
915 2970 1175 3054 assumptionem,
1193 2981 1257 3035 ter·

227 3082 277 3146 cia
298 3081 348 3145 die
370 3082 582 3166 resurgendo,
604 3101 675 3144 cum
697 3080 859 3165 discipulis
880 3082 946 3145 suis
969 3082 1034 3145 XL.
1049 3082 1160 3146 diebus
1182 3100 1256 3144 con·

226 3194 404 3269 uersando,
426 3201 592 3277 postquam
612 3193 688 3276 ipsis
711 3194 912 3257 cernentibus
932 3191 1071 3257 celorum
1085 3192 1146 3255 alta
1160 3212 1257 3274 pene-

227 3313 324 3382 trans,
344 3304 442 3389 patris
465 3306 595 3369 dextere
615 3304 799 3369 naturaliter
819 3312 851 3368 et
871 3302 1087 3387 potencialiter
1101 3310 1150 3366 cst
1169 3323 1258 3366 asso-

229 3416 346 3494 ciatus,
367 3417 442 3482 inde
456 3416 671 3501 septilormem
691 3424 834 3479 sanctum
856 3415 1039 3498 paraclitum
1057 3434 1075 3476 a
1091 3422 1178 3496 patre
1193 3423 1257 3478 eta

228 3549 263 3593 se
277 3529 518 3612 procedentem,
532 3528 565 3592 in
579 3527 661 3591 tilios
677 3526 860 3610 adopcionis
874 3525 1010 3590 mirabili
1025 3525 1146 3590 sonitus
1159 3525 1258 3589 uehe-

228 3638 342 3701 mentis
362 3641 500 3703 aduentu
521 3638 698 3704 transfudit.
725 3638 780 3723 qui
803 3637 918 3721 linguis
933 3638 965 3700 in
979 3637 1080 3720 igneis
1094 3657 1259 3719 apparens,

230 3767 286 3812 eos
299 3749 439 3812 omnium
453 3749 629 3832 linguarum
650 3750 787 3813 sciencia
801 3749 915 3812 diuites
935 3748 1053 3822 etlecit,
1077 3758 1108 3811 et
1125 3749 1260 3812 miracu-

228 3854 333 3921 lorum
353 3856 470 3941 insigni
489 3860 655 3941 potencia,
675 3860 792 3925 uirtute
807 3858 943 3923 clarifica
962 3856 1149 3920 mirificauit.
1170 3858 1260 3924 cuius

230 3966 343 4035 ardore
363 3968 501 4034 caritatis
522 3970 719 4063 inflammati,
747 3971 921 4037 secundum
945 3968 1032 4054 qnod
1052 3967 1099 4032 eis
1119 3967 1260 4035 saluatur

230 4086 339 4146 noster
352 4087 424 4146 ante
439 4088 639 4166 preceperat,
667 4090 699 4146 et
713 4080 898 4165 euangelice
911 4079 1142 4163 predicacionis
1159 4081 1260 4146 iuncti

231 4190 411 4277 legacione,
432 4199 533 4258 totum
550 4190 703 4257 mundum
718 4190 818 4257 diuini
836 4190 959 4257 semina
975 4191 1066 4258 uerbi
1079 4193 1259 4279 spargendo
