2798 4764
211 285 293 401 ili¹
408 350 445 398 a.
460 350 587 400 rossan
607 350 733 398 cumr
753 349 942 399 urssarsms
964 331 1043 417 (28).

214 524 328 590 aquam
350 525 384 569 se
405 505 438 567 in
454 504 587 587 planicie
604 512 786 586 posueruut
818 512 936 568 etcum
951 509 1246 589 aquamaguaexi-

215 625 313 682 sterat
333 627 366 681 et
385 617 502 690 lutosa,
530 634 593 678 nou
608 624 676 679 erat
689 617 734 678 eis
749 615 932 690 credulitas,
953 618 1040 698 quod
1061 618 1129 680 sine
1150 627 1248 700 ponte

215 729 364 791 transitus
386 727 478 789 alicui
501 744 572 790 esse
594 734 710 808 posset.
739 747 797 790 rex
818 745 893 789 suos
914 727 1038 790 iuterim
1053 727 1248 803 hortabatur,

215 846 251 902 ut
277 839 317 899 ad
341 856 479 918 pugnam
506 837 636 900 uiriliter
660 857 695 899 se
721 838 890 911 haberent,
916 839 1029 900 uexilla
1050 858 1114 901 nou
1135 860 1249 922 pauca,

215 968 312 1013 manu
326 948 457 1030 propria
470 948 641 1011 maioribus
656 948 855 1031 assiguando.
879 949 1020 1030 ilungari
1035 959 1139 1013 autem
1151 951 1249 1014 habc-

216 1060 292 1123 bant
305 1059 365 1122 hec
380 1060 485 1121 omnia
498 1061 530 1120 in
546 1058 703 1132 derisum,
726 1060 765 1122 de
781 1059 981 1121 multitudine
997 1060 1193 1124 confidentes
1208 1063 1249 1126 ad

218 1190 356 1255 pugnam
373 1179 477 1234 tamen
498 1179 628 1253 propter
641 1171 784 1234 raciones
798 1171 942 1252 superius
959 1171 1132 1253 assignatas
1148 1190 1204 1234 cor
1218 1181 1252 1237 ct

218 1284 358 1346 animum
383 1301 446 1345 nou
470 1281 638 1345 habebant.
669 1282 819 1345 uolebant
843 1283 971 1364 quidem
992 1283 1079 1364 quod
1100 1302 1157 1345 rex
1178 1303 1251 1364 per·

218 1395 325 1468 deret,
346 1402 381 1458 ut
394 1393 454 1476 ipsi
469 1394 630 1457 chariores
645 1395 843 1477 postmodum
858 1395 1060 1468 haberentur,
1083 1396 1250 1460 credentes

219 1504 344 1588 plagam
366 1502 548 1567 huiusmodi
564 1505 783 1586 particularem
799 1504 1003 1586 quibusdam,
1024 1512 1056 1567 et
1069 1524 1134 1568 nou
1149 1506 1252 1568 omni·

219 1614 278 1678 bus
301 1615 497 1697 generalem
529 1616 608 1678 sicut
631 1615 797 1678 audierant
821 1617 1012 1698 quandoque
1035 1615 1069 1677 in
1090 1616 1252 1700 llungaria

222 1746 292 1790 esse
308 1726 435 1789 sactum.
457 1746 529 1788 nam
544 1726 701 1789 intrabant
712 1726 841 1790 Comani
855 1729 969 1801 subito,
985 1735 1017 1791 et
1030 1727 1167 1811 aliquam
1179 1748 1253 1810 par-

221 1844 285 1902 tam
306 1845 409 1913 torre,
431 1847 600 1921 antequam
621 1838 830 1901 conuenirent
849 1839 1009 1922 ilungari,
1031 1841 1251 1915 destruebant,

221 1950 406 2014 lasfinautes
422 1951 621 2031 postmodum
636 1950 676 2012 ad
691 1968 871 2025 recessum,
893 1960 924 2014 et
938 1953 1095 2015 interdum
1111 1952 1253 2036 Hungari

221 2062 307 2128 idem
327 2064 366 2126 de
382 2063 532 2125 Cumania
553 2063 719 2126 faciebant.
749 2064 806 2126 scd
821 2083 885 2127 non
900 2065 960 2137 sic,
981 2066 1056 2147 quia
1069 2065 1130 2128 hcc
1145 2066 1253 2129 ultima

223 2175 332 2259 primis
361 2176 489 2239 minime
512 2177 753 2259 responderunt.
789 2185 894 2240 tamen
918 2175 1003 2238 mille
1029 2177 1142 2240 milites
1166 2177 1252 2239 omni

224 2297 318 2352 nocte
345 2289 385 2352 ad
409 2290 583 2354 custodiam
610 2289 766 2352 exercitus
789 2291 997 2372 ponebantur.
1041 2290 1116 2372 quid
1141 2289 1254 2372 plural

226 2401 346 2465 Tartari
370 2402 486 2464 uadum
507 2400 706 2466 inuenientes
728 2401 822 2484 longe
842 2400 882 2463 ah
904 2401 1059 2474 exercitu,
1080 2420 1143 2463 uua
1159 2409 1254 2465 nocta

225 2513 416 2574 unanimiter
430 2511 632 2585 transierunt,
649 2519 680 2574 ct
694 2512 726 2574 in
741 2531 855 2573 aurora
870 2519 968 2574 totum
982 2512 1065 2595 regis
1081 2513 1254 2575 exercitum

225 2622 471 2696 circumdantes,
497 2625 625 2704 sagittas
648 2623 791 2685 emittere
811 2623 843 2683 in
865 2623 1038 2686 exercitum
1058 2623 1139 2685 sicut
1161 2641 1256 2703 gran·

226 2733 316 2796 diues
333 2734 526 2814 inceperunt.
548 2732 690 2815 [longari
706 2753 795 2808 uero,
815 2735 890 2816 quia
904 2733 1032 2796 suerunt
1045 2733 1148 2797 taliter
1161 2751 1255 2795 occu-

226 2845 290 2926 pati
312 2853 343 2906 et
365 2844 489 2905 illorum
507 2844 652 2925 preueuti
674 2845 807 2919 astucia,
837 2863 907 2905 cum
930 2846 1038 2908 armati
1060 2864 1158 2926 equus
1181 2863 1255 2908 suos

226 2956 457 3030 ascendebant,
478 2956 650 3039 nequibant
670 2955 783 3018 milites
804 2975 879 3020 suos
901 2957 1063 3031 dominos,
1084 2964 1116 3020 et
1138 2956 1255 3020 domini

226 3087 301 3132 suos
323 3067 435 3131 milites
457 3067 612 3131 inuenire.
642 3076 757 3131 etcum
773 3067 813 3130 ad
828 3086 966 3150 pugnam
981 3069 1187 3143 accederent,
1207 3075 1256 3131 te·

227 3179 301 3262 pide
312 3199 349 3242 ac
359 3179 489 3242 remisse
500 3180 704 3242 accedebant.
716 3187 804 3242 tauta
820 3179 904 3242 enim
920 3186 986 3242 erat
1001 3181 1150 3243 crebrosa
1160 3178 1255 3243 ernis·

227 3293 275 3356 sio
288 3291 487 3376 sagittarum,
509 3291 594 3372 quod
613 3290 678 3354 lere
699 3291 843 3353 umbram
866 3293 1076 3374 pugnantibus
1091 3290 1257 3364 iaciebant,

229 3413 261 3468 et
284 3406 414 3488 sagitte,
435 3405 515 3466 sicut
538 3403 658 3466 locuste
680 3411 712 3466 ct
731 3402 871 3465 bruchus
893 3404 1105 3485 congregatim
1128 3403 1258 3474 uadunt,

228 3536 287 3600 per
301 3537 376 3580 aera
391 3516 548 3580 uolebant
575 3515 665 3579 etsie
680 3516 863 3598 sagittarum
885 3516 964 3578 ictus
982 3514 1109 3576 minime
1123 3514 1258 3574 sufferre

228 3626 387 3703 ndentes,
418 3628 501 3691 infra
524 3627 675 3690 circulum
700 3625 857 3689 exercitus
881 3624 1063 3687 retroibant.
1099 3639 1155 3683 rex
1180 3636 1257 3680 uero

228 3737 313 3800 acies
338 3757 401 3801 non
427 3747 552 3819 poterat
572 3739 727 3801 ordinare.
761 3744 794 3800 et
816 3736 843 3798 si
865 3733 984 3797 mistim
1006 3750 1045 3796 cs
1067 3749 1257 3813 quacunque

229 3855 317 3931 parte
339 3849 427 3912 ibant
447 3849 588 3932 Huugari
608 3851 649 3913 ad
671 3866 824 3932 pugnarn,
844 3844 889 3910 illi
909 3846 956 3909 eis
974 3860 1048 3908 cum
1066 3842 1186 3925 sagittis
1201 3844 1259 3905 ob-

228 3959 314 4023 uiam
336 3959 517 4034 uenientes,
537 3960 624 4042 ipsos
641 3960 726 4024 inira
748 3957 920 4023 exercitum
941 3956 1144 4021 retrocedere
1164 3954 1260 4018 lacie-

229 4069 322 4144 bant,
342 4069 386 4133 ita
399 4070 485 4153 quod
499 4069 559 4152 ipsi
572 4087 613 4132 ea
627 4068 733 4134 calore
747 4068 854 4142 uitulo,
868 4076 900 4130 et
913 4067 1057 4150 angustia
1070 4066 1205 4130 maxima
1219 4065 1260 4130 ad

231 4189 350 4254 mum
362 4181 579 4286 lassitudinem
593 4189 765 4259 uenerant,
788 4187 895 4246 atrax
907 4178 1137 4247 atColccensia
1158 4177 1260 4245 archi·
