2798 4764
468 383 653 437 macarem
676 382 719 433 na
739 381 854 432 riano
1112 358 1173 433 att

231 543 312 622 (87)
331 541 488 608 arnoldus
508 549 694 624 procurator
711 539 949 622 hospitaliorum
967 537 1007 602 de
1028 536 1175 631 Serrano

151 663 182 719 at
196 655 344 717 Salomon
362 653 459 716 freter
473 654 680 735 imperiorunt
694 651 848 734 quosdam
866 647 1070 731 ioubagiones
1084 648 1178 721 contai

149 763 304 840 Zemlnm,
318 764 449 828 scilicet:
471 765 615 837 Petrum,
628 761 832 835 Michaelem,
851 762 970 844 Bogus,
984 760 1177 842 Chopanom,

149 874 297 950 Uetiram,
312 876 484 956 Tumpam,
505 873 726 946 Mocodinum‚
748 871 839 933 Moru
853 880 884 934 ct
895 871 1037 952 Hyscen,
1058 870 1178 934 etitem

150 994 342 1060 cestrenses,
372 985 510 1047 scilicet:
542 983 669 1057 Uiiiam,
701 981 823 1064 Chyan,
855 981 994 1063 Bezegu,
1025 981 1179 1056 Poiznatt,
1222 984 1225 989 ’

152 1092 280 1170 nointel,
293 1094 422 1168 Homer,
436 1094 572 1166 annob,
587 1093 686 1155 Torsa
701 1099 733 1154 et
745 1091 894 1174 Horkyan
910 1090 951 1154 de
965 1090 1179 1155 destructione

152 1206 253 1290 predii
276 1205 489 1287 hospitalario,
509 1204 685 1269 secondum
705 1203 938 1266 estimacionem
954 1203 1082 1285 triginta
1096 1199 1186 1271 mara

153 1337 265 1384 carum
284 1317 405 1380 dnahne
427 1317 541 1379 minua.
569 1334 650 1398 quoa
664 1312 762 1397 Gynia
784 1333 891 1377 comes
912 1314 952 1377 (ie
973 1314 1071 1410 neue*
1083 1314 1180 1378 iudex

154 1429 239 1493 curie
255 1426 447 1502 discuciens,
468 1427 552 1492 misit
564 1426 754 1490 Uaradioum
775 1425 814 1488 ad
829 1425 993 1489 candentis
1006 1425 1082 1489 ferri
1099 1426 1182 1490 indi·

155 1541 256 1614 cium‚
278 1559 335 1621 por
353 1539 535 1622 priataidum
561 1537 687 1601 nomine
702 1535 869 1619 Ypoiitnm.
897 1535 952 1600 ubi
972 1537 1181 1617 prenominati

154 1651 338 1734 iobagiones
357 1650 450 1715 castri
466 1659 497 1714 ot
511 1658 685 1713 castrenses
701 1648 740 1711 de
754 1648 883 1732 prefatis
898 1648 979 1712 oiiiia
992 1649 1183 1732 pepigerunt

156 1763 232 1829 dare
256 1761 407 1847 predictis
430 1759 674 1844 hospitalaribns
702 1760 847 1839 undecim
875 1778 1011 1835 marcas,
1042 1761 1074 1822 in
1098 1760 1181 1824 fecto

156 1874 254 1937 sancti
277 1873 360 1956 regis
382 1871 535 1947 Ladisiai,
566 1891 672 1935 coram
697 1870 834 1954 capitulo
855 1871 1014 1954 agriensi,
1046 1881 1077 1937 et
1096 1871 1181 1936 iden

156 1984 336 2048 satisfacere
354 1985 459 2059 indici,
473 1994 596 2068 partem
610 1993 715 2048 antem
730 1982 870 2066 pristaidi
884 1982 1093 2066 hospitalares
1107 2000 1183 2049 con·

158 2102 313 2157 uenerunt
332 2093 526 2175 persoluere.

241 2204 323 2279 (88)
344 2202 490 2267 Nicolaus
505 2201 630 2267 curialis
645 2222 751 2267 comes
766 2203 901 2267 ecclesie
914 2205 954 2268 de
969 2204 1044 2266 niiia
1057 2202 1185 2281 Poztclt,

159 2333 230 2376 cum
256 2313 453 2394 Agnznnihns
480 2313 623 2377 eiusdem
652 2314 804 2389 ecclesie,
838 2314 973 2380 scilicet:
1008 2316 1185 2393 Ambrosio,

160 2423 285 2489 Mouchi
311 2432 343 2487 ct
364 2423 432 2488 aliis
457 2424 496 2488 de
522 2424 597 2488 nilla
618 2424 714 2499 Crisi,
743 2426 953 2508 irnpeoierunt
970 2428 1123 2509 quosdam
1144 2430 1184 2496 tia

160 2536 399 2620 ionbagionibns
421 2536 563 2600 eiusdem
589 2536 739 2609 ecclesie,
770 2537 909 2602 scilicet:
940 2539 1085 2603 ilmcrnm
1113 2544 1186 2609 cnm

160 2665 276 2728 genere
298 2665 357 2708 suo
378 2645 423 2709 de
438 2646 512 2709 nilla
532 2645 650 2728 inok,
671 2653 703 2709 et
721 2636 812 2710 Elnst
832 2666 902 2711 cum
925 2670 1042 2733 genere
1062 2671 1121 2715 suo
1143 2652 1185 2717 rie

160 2759 235 2821 uitia
256 2756 442 2840 Oinptinan,
464 2757 520 2841 qni
541 2758 682 2821 dicentes
704 2759 790 2841 qnod
811 2767 918 2824 essent
937 2780 1091 2844 agazones
1112 2782 1187 2848 prc-

160 2868 223 2932 iate
242 2869 393 2943 ecclesie,
413 2869 473 2952 ipsi
493 2876 597 2933 autem
619 2870 766 2934 dixerunt
785 2891 820 2934 se
841 2871 1010 2937 bellatores
1023 2874 1186 2959 ionhagio·

160 3000 234 3055 nas,
260 2978 415 3042 indicibus
440 2979 545 3042 Banco
571 2981 699 3055 comite,
727 2988 759 3043 ct
777 2981 890 3065 Egidio
911 2985 1024 3049 abbate
1045 2987 1186 3050 eiusdem

162 3091 305 3165 ecclesie,
325 3092 476 3174 pristaido
490 3093 612 3157 Pernen
639 3095 678 3158 de
703 3092 778 3157 uitia
801 3094 955 3160 Oinemet
987 3097 1041 3178 qni
1063 3104 1186 3179 portato

162 3201 246 3266 ferro
260 3202 416 3266 iustificati
430 3212 513 3266 sunt.

246 3314 327 3388 (89)
347 3314 499 3377 Martinus
519 3315 669 3376 sacerdos
682 3323 713 3376 ct
726 3315 893 3378 canonicus
908 3316 1108 3381 Uaradicnsis
1128 3319 1188 3384 im·

165 3423 260 3505 peciit
272 3424 458 3506 iobagiones
472 3424 577 3506 Ugnd,
599 3424 731 3488 scilicet:
753 3426 888 3490 Senkam
904 3436 935 3491 et
948 3428 1070 3503 Uodad,
1085 3429 1188 3497 iudica

165 3532 246 3596 Mica
267 3534 399 3607 comite,
419 3534 570 3616 pristaldo
584 3535 689 3598 Pctus.
716 3536 821 3599 Senka
840 3537 892 3601 fur
905 3546 1029 3621 portato
1042 3539 1127 3605 ferro
1140 3542 1189 3608 im

164 3642 314 3708 stificatus
328 3652 393 3718 cst,
414 3644 521 3707 Uoded
536 3653 640 3709 autem
656 3646 835 3711 combustus
849 3657 906 3723 eet.

246 3756 325 3830 (90)
347 3755 517 3839 Gregorius
535 3754 618 3819 filius
634 3755 727 3820 Saiad
747 3758 889 3841 impeciit
901 3759 1040 3824 Tiiekam
1061 3782 1188 3831 sernum

165 3864 277 3930 Coome
299 3867 423 3932 comitis
441 3867 480 3931 da
499 3867 656 3931 occisione
677 3869 726 3932 sni
746 3869 929 3948 servientis,
949 3873 1072 3939 arbitris
1084 3874 1190 3954 Iacob,

166 3975 320 4052 Marcone,
337 3976 442 4043 {ierne
456 3985 488 4044 ot
502 3979 613 4043 abbate
625 3980 785 4063 Stephano
800 3982 840 4047 de
850 3983 967 4048 Pothor
981 3985 1013 4049 in
1027 3987 1190 4070 prouincia

167 4086 294 4171 Shung,
314 4088 467 4171 pristaido
481 4091 568 4157 Feud
582 4092 621 4157 de
635 4072 712 4158 nilla
726 4095 824 4162 Noen.
850 4115 921 4163 com
934 4097 1040 4164 Fileka
1060 4102 1191 4187 proptor
