2798 4764
215 325 278 393 508
319 340 407 395 m
420 343 463 391 rvr
473 340 566 392 uera
577 343 733 390 naumis
747 343 852 388 cruitur
867 338 1123 387 zrourrrnrsrmr.
1154 319 1245 385 tiss

219 501 375 585 largitore.
396 500 484 582 regie
504 497 733 581 speculaciouis
754 505 785 559 et
806 495 1022 561 sollicitudinis
1045 515 1114 558 esse
1136 493 1246 566 debet,

218 613 383 695 inuigilare
404 612 598 675 subditorum
621 610 768 673 remediis
790 619 822 672 et
836 608 950 691 quieti,
972 615 1003 669 et
1017 627 1072 669 eos
1096 606 1245 688 prosequi

222 723 364 805 ampliori
382 722 596 785 munificencia
612 722 716 804 gracie
732 720 887 803 specialis,
909 729 943 782 ut
956 728 1040 781 tanto
1055 718 1098 778 illi
1114 738 1152 779 ex
1168 716 1246 778 fide-

219 831 301 897 libus
325 832 497 906 fideliores,
528 842 559 895 et
584 834 772 896 deuociores
798 852 832 893 se
857 831 1027 893 exhibeant
1052 849 1090 891 ex
1113 829 1246 900 deuotis,

221 953 337 1028 quanto
361 945 482 1027 pociori
507 944 656 1007 libertatis
680 941 833 1004 beneficio
858 961 896 1002 ex
918 939 1033 1023 regalis
1056 939 1246 1020 prouisionis

221 1056 305 1120 dono
321 1076 376 1119 eos
391 1056 555 1138 contigerit
568 1053 728 1138 gratulari.
750 1055 880 1135 proinde
895 1055 935 1115 ad
955 1054 1173 1114 uniuersorum
1188 1069 1246 1111 nu·

219 1166 325 1231 liciam
344 1167 455 1230 harum
477 1167 558 1228 serie
579 1165 724 1228 uolumus
742 1164 923 1246 peruenire,
944 1162 1030 1244 quod
1051 1181 1148 1244 quum
1170 1160 1244 1220 olim

219 1268 299 1341 lines
314 1286 346 1341 et
359 1276 484 1341 termini
497 1276 587 1360 regni
604 1297 661 1339 seu
680 1276 812 1338 ducatus
826 1272 1010 1346 Scluuonie,
1031 1272 1186 1335 continuis
1201 1270 1246 1332 la-

220 1387 436 1453 trunculorum
451 1396 482 1450 et
496 1388 712 1471 frequentibus
727 1388 957 1449 incursionibus
969 1384 1177 1468 pulsarentur,
1187 1402 1246 1444 nos

220 1508 284 1564 tum
299 1500 436 1563 conuicti
451 1509 557 1564 nostre
572 1499 714 1582 proprie,
735 1519 828 1583 quarn
849 1499 1047 1560 subditorum
1067 1505 1246 1558 nostrorum

220 1609 326 1673 inillis
341 1610 481 1692 partibus
496 1612 683 1692 legencium
698 1611 856 1675 securitati
871 1611 1063 1692 prospicere,
1080 1607 1247 1671 salubriter

221 1723 400 1804 cupientes,
421 1728 557 1785 castrum
578 1723 610 1783 in
632 1731 739 1784 monte
760 1722 863 1784 Grecb
883 1722 970 1783 iuxta
984 1722 1183 1802 Zagrabiam,
1206 1721 1246 1780 ob

221 1833 388 1897 tuicionem
404 1835 575 1896 eorundem
590 1833 814 1907 confiniorum,
836 1834 1033 1896 decreuimus
1055 1834 1248 1896 constituen-

222 1944 307 2008 dum.
342 1945 374 2007 in
395 1946 484 2007 cuius
507 1945 599 2007 castri
625 1945 886 2009 constructionem
908 1945 1019 2007 fideles
1039 1946 1137 2006 nostri
1160 1944 1247 2006 ciues

221 2054 363 2118 eiusdem
381 2055 490 2131 castri,
512 2058 543 2118 in
563 2056 740 2119 edificando
754 2057 865 2119 domos
880 2056 1012 2130 ibidem,
1034 2063 1064 2118 et
1079 2055 1155 2117 alias
1171 2056 1246 2118 edes

219 2164 293 2228 illuc
307 2167 536 2241 transferendo,
556 2175 677 2231 sumtus
695 2188 759 2229 non
775 2168 924 2241 modicos,
945 2167 1069 2230 labores
1083 2165 1248 2229 continuos

221 2285 253 2343 et
263 2279 377 2342 damna
392 2280 525 2361 plurima
540 2299 638 2362 usque
655 2281 696 2343 ad
708 2280 957 2343 exinanicioncm
973 2289 1113 2343 extreme
1125 2280 1248 2342 uirtutis

219 2389 354 2457 fideliter
374 2392 552 2466 subierunt,
573 2400 769 2471 exponentes
790 2413 824 2456 ee
847 2401 879 2455 et
899 2413 957 2455 sua
978 2391 1037 2455 illis
1053 2391 1248 2474 temporibus

219 2523 277 2585 pro
292 2504 380 2587 regio
394 2504 461 2566 siue
476 2505 610 2567 ducatus
627 2505 750 2567 honore
765 2505 883 2568 crebris
900 2504 1046 2587 periculis
1067 2514 1098 2567 et
1112 2505 1248 2566 fortune.

219 2634 278 2676 nos
302 2616 396 2698 igitur
414 2616 594 2678 huiusmodi
619 2618 815 2698 obsequiosis
840 2627 872 2680 et
893 2618 1062 2679 sumtuosis
1087 2617 1247 2679 laboribus

219 2725 360 2806 ipsorum
382 2737 469 2809 grata
491 2727 634 2790 uolentes
656 2728 868 2791 uicissitudine
884 2729 1087 2810 respondere,
1106 2728 1187 2788 hanc
1202 2727 1249 2788 eis

218 2837 452 2921 prerogatiuam
468 2839 668 2900 concedimus
683 2839 850 2902 libertatis:

302 2948 340 3011 Ut
359 2967 418 3011 nec
440 2970 546 3031 perse
570 2952 777 3031 personaliter
794 2952 833 3013 ad
861 2954 1047 3026 exercitum,
1072 2974 1166 3035 quem
1190 2973 1247 3015 nos

219 3061 270 3123 uel
286 3061 481 3124 carissimum
503 3061 600 3124 lilium
621 3071 760 3125 nostrum
783 3063 944 3126 dominum
966 3063 1086 3137 Belum,
1108 3064 1246 3127 inclitum

219 3174 333 3238 ducem
348 3174 447 3236 tucius
462 3174 627 3238 Sclauonie
642 3187 674 3239 et
687 3176 835 3251 Croucie,
857 3177 991 3240 diuersis
1006 3178 1198 3258 temporibus
1215 3185 1247 3240 et

218 3287 473 3370 quandocunque
489 3286 592 3348 lacere
608 3286 781 3370 contigerit,
795 3288 841 3350 ire
856 3288 1042 3361 nullatenus,
1054 3309 1112 3351 nec
1127 3287 1246 3370 aliquid

218 3398 440 3482 propterboc,
461 3399 513 3464 uel
535 3398 602 3464 eius
617 3400 781 3463 occasione
804 3400 895 3464 nobis
916 3400 968 3463 uel
989 3401 1048 3462 sibi
1062 3401 1246 3482 impendere

219 3516 395 3573 teneantur.
431 3512 560 3573 eosdem
582 3530 709 3594 quoque
732 3512 846 3574 nullius
868 3513 1056 3586 exactionis,
1084 3513 1166 3574 tallie
1189 3533 1245 3574 seu

220 3619 369 3693 collecte,
402 3621 453 3683 uel
481 3622 648 3685 cuiuslibet
674 3623 796 3704 publice
822 3617 1006 3697 functionis,
1037 3633 1092 3687 aut
1115 3625 1247 3686 aliorum

219 3731 309 3812 regni
331 3729 504 3794 incolarum
526 3752 605 3795 onus
628 3735 732 3796 subire
755 3734 910 3808 uolumus,
931 3737 987 3798 sed
1009 3736 1070 3799 sint
1088 3757 1107 3798 a
1128 3747 1247 3818 presta-

219 3841 310 3905 sione
332 3844 503 3906 earundem
525 3845 557 3905 in
575 3854 762 3928 perpetuum
783 3847 873 3909 liberi
893 3858 925 3911 et
943 3848 1108 3912 immunes.
1136 3850 1178 3913 ita
1200 3859 1248 3911 ta-

218 3971 307 4028 men,
329 3954 414 4036 quod
429 3954 570 4035 predicto
586 3956 657 4019 duci
673 3957 764 4031 Bele,
791 3958 951 4021 carissimo
966 3958 1031 4021 lilio
1047 3970 1166 4035 nostro,
1191 3962 1247 4022 XL

218 4084 339 4128 marcas
360 4063 557 4129 solummodo
579 4066 612 4130 iu
632 4068 733 4132 usuali
755 4077 896 4145 moneta,
920 4069 1008 4132 cuius
1031 4072 1158 4154 quidem
1179 4093 1248 4134 mo-

218 4184 291 4243 nete
315 4176 450 4242 ducente
475 4196 573 4259 pense
596 4179 812 4263 predictarum
834 4180 890 4247 XL
910 4201 1086 4247 marcarum
1105 4184 1247 4249 ualerem
