2798 4764
227 327 291 395 506
319 344 407 395 esu
419 347 462 392 n.
475 344 567 394 asans
579 347 730 395 mannans
744 349 902 394 nosnsnnn
916 349 957 394 os
972 348 1083 394 nsum.
1104 332 1193 397 ΜΒ.

311 497 359 580 (7)
380 507 526 581 preterea
543 502 628 581 quod
650 502 690 563 de
711 501 851 583 ipsorum
872 501 953 564 uinis
968 501 1055 565 nulio
1067 502 1100 563 in
1115 501 1185 564 loco
1201 504 1257 565 tri-

228 611 338 674 butum
357 611 484 675 soluere
503 619 678 688 teneantur,
699 621 731 675 et
744 612 848 677 forum
863 612 1001 678 habeant
1018 613 1153 678 liberum
1167 614 1257 680 feriis

229 722 325 785 sextis
341 729 374 784 ut
388 731 490 785 antea.

573 1118 688 1204 ΒΜ
708 1119 763 1205 Ν.
787 1120 908 1205 ansts

226 1291 492 1371 amnuens
502 1294 779 1375 noseorum
790 1299 1029 1375 nnuman
1040 1271 1257 1373 nunnus

650 1454 828 1518 uchxv.

594 1595 618 1649 Ε
639 1610 704 1648 mss.
720 1596 886 1649 Hesenossii.

250 1831 256 1871 ³
309 1852 384 1918 Bela
398 1853 449 1916 dei
468 1853 571 1935 grauia
585 1853 761 1936 naugerio,
782 1853 957 1929 Daimacie,
980 1853 1125 1929 Croaeie,
1147 1857 1254 1930 Rame,

227 1961 1256 2048 Sclauonie,Gaiicie,LodumerieCumaniequerex,Cbristifide-

225 2076 307 2142 iibns
320 2096 451 2162 presens
465 2077 614 2160 scriptum
627 2077 828 2160 inspecturis,
840 2077 972 2140 salutem
983 2078 1015 2139 in
1027 2098 1105 2142 nero
1117 2078 1255 2141 salutari.

306 2191 427 2272 Regum
441 2189 576 2272 pertinet
591 2191 630 2252 ad
645 2188 879 2263 excellenciam,
893 2197 925 2252 et
935 2189 1167 2252 dominancium
1179 2209 1255 2253 con-

224 2302 315 2367 uenit
337 2302 497 2386 dignitati,
525 2309 612 2364 tanto
637 2302 769 2384 amplius
794 2302 833 2363 de
859 2301 969 2364 maiori
993 2301 1095 2383 piebis
1121 2321 1254 2366 numero

226 2412 368 2500 gloriari,
399 2422 516 2497 quanto
537 2413 677 2496 ipsorum
703 2411 834 2496 gloriam
858 2431 898 2474 ex
922 2411 1030 2493 popuii
1056 2412 1254 2476 multitudine

225 2534 347 2590 cunstat
369 2525 496 2589 uberius
520 2526 727 2608 augmentari.
758 2525 832 2587 binc
853 2525 1007 2606 estquod
1030 2524 1253 2587 uniuersorum

224 2636 341 2700 noticie
356 2645 465 2699 tenore
479 2635 679 2717 presencium
697 2633 842 2698 nolumus
856 2635 924 2698 fieri
940 2635 1152 2710 manifestum,
1168 2636 1254 2718 quod

224 2766 282 2809 nos
302 2746 478 2829 hospitibus
500 2747 613 2809 nostris
633 2747 673 2809 de
695 2746 768 2809 uilia
783 2746 899 2829 Beryn,
922 2755 952 2809 et
969 2747 1114 2810 omnibus
1129 2748 1168 2810 ad
1183 2765 1253 2808 eam

224 2857 453 2938 pertinentibus
474 2857 568 2919 talem
589 2856 764 2919 libertatem
787 2857 1000 2919 concessimus
1022 2864 1054 2919 et
1072 2858 1254 2921 statuimus:

307 2964 351 3048 (1)
373 2967 466 3044 Quod
478 2969 517 3031 de
532 2968 662 3051 singuiis
677 2968 889 3031 mansionibus
904 2967 1028 3051 singula
1043 2969 1100 3031 tria
1113 2970 1255 3050 pondera

224 3078 348 3143 soluere
363 3087 510 3142 tenentur
524 3080 694 3142 annuatim.

307 3188 354 3273 (ἓ)
376 3190 489 3255 Comes
509 3210 588 3253 uero
608 3191 750 3273 ipsorum
771 3190 854 3254 bona
875 3188 944 3254 sine
962 3190 1080 3253 berede
1095 3191 1254 3253 deceden-

224 3301 307 3367 cium
321 3303 463 3386 recipere
477 3323 540 3366 non
556 3310 726 3387 presumat.

307 3415 351 3500 (3)
372 3416 449 3480 item
470 3416 566 3479 iudici
585 3436 644 3498 pro
665 3414 781 3479 indicio
803 3414 929 3477 soluere
952 3415 1070 3477 debent
1090 3413 1253 3497 sexaginta

225 3529 373 3592 denarius
387 3536 517 3601 tantum,
531 3527 591 3589 nisi
606 3526 638 3588 in
649 3545 744 3589 causa
759 3525 832 3589 furti
848 3524 899 3587 uei
914 3524 1075 3606 sanguinis
1089 3526 1254 3588 effusione.

307 3637 351 3720 (i)
372 3641 449 3702 Item
464 3641 504 3703 ad
520 3640 691 3721 plaustrum
711 3640 795 3721 regis
812 3639 910 3701 boues
925 3639 1001 3700 dare
1016 3656 1079 3699 non
1096 3644 1254 3712 tenentur,

224 3766 283 3810 nec
304 3750 336 3810 in
358 3747 522 3831 legacione
544 3750 647 3832 aiiqna
663 3749 780 3813 debent
796 3750 857 3824 ire,
878 3748 937 3811 nisi
952 3768 1008 3831 pro
1024 3749 1164 3833 negociis
1179 3749 1254 3811 uilia

224 3860 417 3934 eorundem,
438 3868 492 3924 aut
505 3860 536 3923 in
551 3862 714 3945 legacione
729 3860 847 3924 domini
865 3859 960 3943 regis,
982 3861 1020 3923 ad
1035 3861 1175 3942 spacium
1191 3860 1254 3923 diei

225 3970 329 4034 unius.

307 4079 356 4166 (5)
377 4083 456 4146 Item
470 4102 529 4165 pro
540 4084 669 4148 decimis
683 4085 748 4150 suis
761 4082 902 4169 mpecias
917 4082 1051 4160 saluam,
1072 4093 1167 4169 prout
1182 4106 1256 4168 pro·

224 4196 313 4263 uenit
324 4197 358 4260 in
373 4194 509 4279 capuciis
522 4195 554 4259 in
567 4195 688 4262 tritum.
