2798 4764
176 339 237 432 dtld
297 354 601 405 nonsummum
620 353 816 402 nacnamrro
834 352 971 400 renosci.
992 333 1095 403 md..

176 515 252 581 buto
268 532 324 579 sen
339 509 544 594 strigoniensi
559 508 687 585 telonio,
706 509 779 572 olim
794 509 892 593 regio,
915 509 1042 572 demum
1056 528 1134 572 uero
1150 528 1211 592 pro

178 623 319 689 remedio
342 623 518 684 animarum
540 622 676 685 felicium
698 630 877 684 nostrorum
900 630 1154 696 autecessorum,
1176 620 1211 683 in

178 745 364 820 perpetuam
379 733 438 818 ipsi
450 735 655 817 strigoniensi
671 734 804 798 ecclesie
820 732 1051 815 eleemosynam
1068 732 1212 815 elargito,

180 847 389 910 exhibuerunt
407 845 606 929 priuilegium
621 846 704 909 clare
720 845 871 908 memorie
886 845 1019 906 Emerici
1035 845 1119 927 regis
1134 863 1212 906 cou-

178 960 382 1023 firmatorium
404 959 477 1021 dicti
499 958 621 1031 tributi,
643 960 772 1041 pristine
793 978 849 1020 seu
865 959 1047 1020 donacionis
1067 959 1210 1040 antique,

180 1072 281 1156 primo
293 1071 411 1134 dudum
427 1069 521 1144 lacte,
537 1090 573 1132 ac
589 1069 850 1132 reuerendissime
865 1069 1016 1131 memorie
1032 1069 1113 1150 regis
1126 1070 1211 1143 Bele,

180 1183 277 1248 incliti
297 1181 347 1245 aui
368 1182 482 1257 nostri3
509 1182 598 1246 cuius
621 1181 747 1264 quidem
768 1179 940 1264 priuilegii,
963 1181 1090 1262 quidam
1114 1181 1211 1243 inter-

88 1322 92 1329 ·
181 1296 361 1381 pretacione
384 1294 519 1377 maligna
542 1292 663 1357 uiolare
685 1280 868 1355 calumniosi
890 1294 1032 1356 uolentes
1047 1294 1212 1355 coutinen-

182 1409 261 1471 ciam
284 1414 316 1470 et
335 1416 496 1478 tenorem,
518 1425 632 1489 quum,
653 1405 680 1467 si
703 1413 736 1468 et
755 1405 838 1467 dicta
859 1411 932 1466 suut
949 1405 1020 1466 luce
1043 1403 1213 1487 priuilegia
1298 1396 1305 1411 '

181 1519 326 1593 clariora,
348 1518 469 1582 solitam
485 1528 589 1583 tamen
605 1518 838 1582 dubitacionem
853 1516 985 1579 conficte
1001 1517 1152 1589 fucatam,
1171 1537 1212 1579 ne

182 1632 230 1695 ius
247 1640 352 1694 nostre
368 1631 501 1694 ecclesie
516 1629 622 1692 ualeat
636 1628 738 1692 taliter
753 1649 810 1711 per
821 1628 940 1690 emulos
955 1627 1138 1699 inumbrari,
1156 1627 1214 1688 ali·
1264 1695 1273 1713 ἱ

183 1762 262 1824 qnos
285 1743 443 1805 maliciose
466 1749 664 1805 transeuntes
679 1741 762 1802 eirca
777 1741 965 1820 strigonium
987 1760 1085 1823 prope
1101 1739 1214 1802 ciuita-

183 1862 263 1927 tem,
284 1853 358 1916 licet
379 1864 468 1916 extra
488 1854 629 1917 studiose
648 1853 680 1915 in
699 1852 842 1916 fraudem
864 1853 970 1915 telonii
990 1872 1052 1914 non
1067 1852 1213 1913 soluendi

184 1985 222 2029 eo
242 1965 323 2028 tueri
344 1972 508 2039 conantur,
530 1972 561 2028 et
576 1964 747 2029 defendere
764 1966 803 2029 ab
818 1965 886 2048 ipsa
904 1963 1065 2028 solucione
1086 1963 1215 2039 tributi,

183 2079 269 2171 quod
293 2098 368 2160 sepe
393 2078 466 2140 dicti
486 2075 647 2161 uectigalis
671 2079 702 2139 in
723 2077 868 2140 fraudem
891 2078 1067 2141 detrectant
1088 2076 1215 2160 ingredi

183 2188 354 2262 ciuitatem,
367 2186 441 2250 iude
455 2186 514 2249 sibi
529 2187 668 2250 solamen
680 2187 838 2251 enesionis
853 2189 992 2251 indebite
1007 2187 1216 2269 postulantes,

182 2300 267 2361 nude
280 2307 414 2381 possunt
428 2298 539 2361 merito
554 2299 586 2361 iu
602 2319 716 2382 penam
729 2300 922 2364 committere
937 2300 1115 2383 uectigalis;
1133 2319 1215 2383 quo-

182 2409 266 2471 niam
292 2428 330 2470 eo
355 2409 435 2490 ipso,
469 2410 579 2491 quiin
605 2411 755 2472 suasione
780 2410 882 2474 taliter
905 2411 1012 2474 telonii
1036 2432 1112 2494 sepe
1138 2412 1217 2474 dicti

183 2520 309 2584 aliunde
332 2521 505 2592 declinant,
535 2522 649 2583 debent
669 2523 774 2584 omnia
793 2524 943 2605 perdere,
965 2543 1026 2605 que
1049 2523 1214 2598 deserunt,

183 2633 357 2695 secundum
378 2634 581 2714 approbatam
606 2635 865 2696 consuetudinem
886 2645 990 2698 nostre
1013 2636 1130 2718 patrie,
1153 2655 1215 2698 nec

182 2763 246 2805 nou
267 2744 393 2805 racione
416 2744 521 2824 parili,
542 2752 576 2806 ut
591 2744 761 2818 credimus,
784 2745 948 2809 cuiuslibet
963 2749 1112 2829 regionis,
1134 2748 1217 2809 sicut

183 2854 283 2915 eciam
298 2853 466 2934 iurisperiti
483 2863 646 2918 testantur.
678 2877 774 2938 quare
790 2858 905 2940 regalis
920 2858 1080 2921 sentencie
1095 2856 1217 2920 delibe-

185 2966 312 3028 racione
327 2967 494 3040 sancimus,

268 3079 274 3156 (
283 3075 312 3157 1)
334 3079 419 3160 quod
445 3079 512 3142 siue
533 3099 592 3161 per
611 3079 740 3163 Dorogh
763 3081 927 3144 transitum
950 3090 1021 3144 ante
1040 3083 1215 3158 ciuitatem,

186 3190 374 3273 strigonium
400 3192 543 3254 nolentes
566 3191 707 3276 ingredi,
736 3194 867 3268 saciant,
897 3195 963 3256 siue
988 3216 1045 3276 per
1059 3195 1215 3268 Banlrida,

184 3302 251 3365 siue
272 3323 329 3384 per
349 3303 440 3365 aliam
464 3323 682 3385 quamcunque
703 3304 799 3377 uiam,
822 3306 861 3368 de
876 3306 963 3367 Buda
988 3305 1039 3366 nel
1061 3306 1098 3368 de
1124 3306 1217 3378 Pest,

186 3423 239 3477 aut
262 3416 371 3476 uicinis
394 3417 507 3478 abinde
529 3417 667 3498 partibus
683 3426 905 3491 commeantes,
928 3438 1037 3480 uersus
1052 3417 1217 3480 laurinum

184 3534 391 3599 transeuntes,
413 3526 471 3588 nisi
498 3529 581 3609 apud
606 3529 794 3610 Strigonium
820 3528 937 3592 telonio
963 3529 1066 3593 debite
1093 3529 1218 3610 persol-

182 3646 266 3710 uato,
290 3637 319 3697 in
335 3658 416 3718 pena
431 3641 624 3702 committant
645 3659 709 3702 non
730 3641 835 3715 soluti,
858 3651 950 3725 prout
972 3643 1114 3723 expedit,
1137 3662 1217 3705 uec-

184 3747 294 3830 tigalis,
323 3758 353 3811 et
377 3752 459 3833 apud
484 3752 641 3813 laurinum
666 3753 792 3816 ualeant
812 3755 910 3836 erigi,
940 3755 1026 3836 quod
1048 3762 1219 3829 tenentur;

184 3877 267 3940 pena
282 3860 441 3943 condigna
457 3872 585 3945 propter
599 3863 677 3937 hoc,
699 3865 872 3928 secundum
895 3885 1014 3927 morem
1036 3873 1142 3927 nostre
1159 3885 1221 3948 pa-

183 3970 258 4045 trie,
280 3973 356 4036 tales
372 3994 429 4056 pro
445 3974 540 4037 modo
555 3976 712 4039 commissi
727 3977 870 4040 seuerius
886 3977 1088 4059 percellendi.

265 4082 312 4165 (ἓ)
326 4086 437 4148 Uerum
450 4086 522 4166 quia
536 4087 694 4170 plerisque
706 4087 868 4151 homiuum
881 4110 1102 4171 peruersorum
1114 4110 1221 4174 opere

182 4196 322 4279 precium
337 4216 408 4260 esse
423 4197 616 4281 dignoscitur
629 4200 812 4264 calumniari
827 4200 999 4279 iusticiam,
1018 4222 1058 4284 ae
1068 4214 1222 4271 assuetu-
