2798 4764
305 341 564 388 conarrrorronas
588 343 723 389 saxones
743 342 898 391 nonanis.
940 326 1029 393 1279.
1116 328 1176 393 sot

154 496 232 570 rint,
253 494 304 559 uel
326 495 358 557 in
381 495 519 559 ecclesiis
540 494 659 559 sinsin
679 494 756 560 locis
770 496 942 560 interdictis
956 499 1114 563 celebrare
1129 499 1179 563 di-

153 609 244 683 uina,
267 627 453 690 quacunque
475 610 650 672 temeritate
671 609 935 690 presumpserint,
956 608 982 671 si
1002 610 1182 692 singulares.

153 719 220 783 siue
241 719 362 800 priuato
383 739 519 800 persone
541 719 657 782 fuerint
679 720 1020 794 excommunicationis,
1041 721 1067 785 si
1082 721 1179 786 colle·

153 830 238 912 mum
259 829 312 892 uel
338 829 526 894 uniuersitos
548 828 760 892 ecclesiastica
782 831 930 893 secularis
951 841 1005 895 ant
1025 831 1181 914 regularia

153 942 263 1016 fuerit,
291 961 401 1004 eorum
428 942 561 1006 ecclesie
582 943 650 1004 siue
673 943 862 1005 monasteria
881 944 951 1024 ipso
972 943 1054 1006 facto
1077 944 1180 1008 eccle·

153 1053 277 1117 siastico
291 1054 472 1116 subiaceant
485 1053 661 1116 interdicto.
681 1053 823 1134 aquibus
838 1054 1004 1116 sentenciis
1018 1063 1090 1136 post
1103 1074 1180 1118 con·

154 1184 262 1247 gruam
277 1164 521 1228 satisfactionem
533 1164 701 1228 exhibitam
716 1164 776 1227 illis
792 1165 917 1247 prelatis
931 1167 998 1230 siue
1012 1167 1180 1243 iudicibus,

155 1276 208 1358 qui
230 1275 410 1338 huiusmodi
430 1278 607 1340 sentencias
630 1277 830 1359 protulerint,
858 1288 889 1341 et
906 1277 967 1341 illis
986 1298 1043 1360 pro
1065 1280 1180 1362 quibus

154 1389 222 1451 siue
236 1388 268 1450 in
282 1408 416 1470 quornm
429 1389 571 1453 fauorem
592 1389 712 1471 prefate
733 1389 849 1453 fuerint
862 1390 1023 1453 sentencie
1038 1392 1117 1466 late,
1138 1393 1180 1455 ab

155 1500 231 1582 ipsis
251 1500 379 1582 prelatis
393 1509 425 1563 et
443 1500 598 1564 iudicibus
612 1502 667 1583 qui
681 1501 856 1565 sentencias
876 1502 1036 1585 protulere
1056 1504 1180 1586 predic-

155 1621 214 1687 tas,
235 1612 287 1675 uel
306 1613 346 1674 ab
360 1611 439 1676 alliis
457 1613 672 1696 superioribus
691 1614 731 1676 ad
746 1633 828 1696 quos
847 1614 953 1677 talium
973 1614 1134 1678 absolucio
1148 1624 1181 1681 et

155 1725 311 1789 relaxacio
334 1734 454 1806 spectat
476 1727 516 1789 de
538 1725 626 1799 iure,
645 1726 732 1788 iuxta
754 1725 887 1789 formam
907 1727 1037 1789 ecclesie
1055 1726 1181 1790 absolu·
1300 1795 1306 1804 ‚

155 1836 269 1911 cionis,
291 1843 322 1900 et
342 1837 549 1900 relaxacionis
572 1835 729 1901 interdicti
751 1837 940 1900 beneficium
960 1839 1086 1901 ualeant
1100 1838 1181 1902 obti-

153 1969 240 2013 nere.
262 1949 355 2023 Quod
369 1957 474 2012 autem
490 1949 528 2011 de
544 1948 773 2013 denunciandis
785 1950 1060 2012 excommunicatis
1070 1969 1181 2032 supra·

154 2062 298 2134 diximus,
311 2060 513 2142 intelligimus
528 2061 567 2122 de
578 2059 704 2121 Polonis
719 2070 869 2140 quantum
885 2062 925 2123 ad
935 2061 1083 2136 Polonos,
1098 2064 1180 2127 etde

154 2175 312 2255 llungaris
325 2182 357 2235 et
371 2173 480 2235 incolis
495 2180 577 2234 terre
592 2170 682 2252 regni
696 2171 855 2252 llungarie
875 2172 1014 2236 subiacte
1028 2182 1180 2256 quantum

155 2285 195 2347 ad
209 2285 377 2365 ilungaros
392 2293 424 2346 et
438 2285 523 2364 ipsos
538 2283 666 2345 incolas.

236 2394 300 2476 (68)
333 2397 401 2457 Non
425 2395 528 2457 nullos
554 2394 746 2471 execrabiles
771 2405 970 2477 peccatores,
1000 2398 1054 2480 qui
1078 2398 1183 2463 solent

155 2509 242 2572 iustis
257 2509 418 2570 hominum
433 2506 593 2569 laboribus
609 2527 647 2568 ex
663 2506 776 2588 quibus
791 2507 943 2588 fragilitas
956 2509 1094 2571 humana
1107 2508 1182 2573 refl-

154 2621 242 2693 citor,
264 2638 488 2700 nonnunquam
504 2618 602 2680 eciam
616 2619 732 2681 sanctis
746 2618 840 2692 uiris,
861 2619 892 2681 in
907 2640 1008 2702 agone
1023 2622 1116 2684 buius
1131 2643 1183 2686 se·

155 2734 213 2794 culi
230 2732 419 2795 certantibus
438 2730 632 2813 opportunis,
654 2731 860 2812 peruersitate
875 2733 1009 2813 quadam
1026 2734 1180 2800 diabolica

154 2845 313 2917 inuidere,
335 2843 484 2908 uidelicet
502 2843 664 2905 uinearum
686 2850 717 2905 et
731 2861 879 2925 agrorum
894 2843 1106 2927 dissipatores,
1127 2847 1183 2910 de·

154 2957 366 3040 populatores,
391 2975 447 3018 seu
469 2956 696 3030 destructores,
719 2965 889 3019 nocturnos
911 2966 942 3019 et
963 2958 1102 3032 diurnos,
1123 2979 1182 3040 pu·

152 3069 251 3130 blicos
274 3077 305 3130 et
326 3066 481 3140 occultos,
510 3067 848 3132 excommunicacionis
868 3068 1029 3131 sentencia
1050 3069 1182 3131 innoda-

154 3201 238 3241 mus:
261 3199 356 3261 aqna
373 3188 538 3260 postquam
554 3179 764 3242 satisfecerint
778 3179 925 3241 damnum
947 3179 1065 3259 passis,
1093 3179 1181 3241 etde

154 3289 285 3372 publicis
306 3291 450 3352 idoneam
473 3289 663 3370 prestiterint
684 3290 884 3362 caucionem,
905 3290 991 3370 quod
1011 3288 1123 3350 similia
1140 3290 1180 3352 de

153 3411 259 3464 cetero
275 3422 337 3463 non
352 3403 530 3473 comittent,
552 3399 677 3462 ualeant
698 3419 717 3461 a
737 3400 801 3462 suis
817 3399 993 3461 diecesanis
1013 3399 1179 3481 episcopis,

151 3515 238 3578 iuxta
250 3513 381 3578 formam
396 3514 530 3577 ecclesie
546 3520 745 3584 consuetam,
766 3511 978 3575 absolucionis
991 3510 1181 3575 beneficium

151 3628 303 3691 obtinere.

233 3736 300 3822 (69)
322 3738 400 3801 Cum
416 3736 628 3800 uniuersalem
644 3734 809 3798 ecclesiam
818 3780 827 3810 ,
849 3754 944 3817 quam
958 3735 1017 3798 sibi
1032 3737 1179 3819 redemp-

150 3858 200 3913 tor
216 3859 325 3913 noster
344 3869 403 3914 suo
428 3849 581 3930 sanguine
607 3847 781 3930 oopulauit,
810 3847 860 3912 eui
881 3849 1022 3911 llomana
1045 3848 1180 3913 eeclesia

151 3961 231 4024 adeo
245 3960 390 4042 specialis
405 3969 437 4024 et
449 3959 617 4043 singularis
639 3958 854 4041 preminencia
866 3958 1022 4042 priuilegii
1040 3968 1089 4022 est
1107 3977 1181 4042 pre·

151 4070 231 4145 lata,
251 4071 338 4153 quod
359 4078 460 4134 mater
473 4071 513 4136 sit
532 4071 672 4133 omnium
687 4078 719 4133 et
737 4070 900 4154 megistum
921 4070 1083 4154 ipsiusque
1102 4071 1180 4132 Pre-

150 4180 221 4262 lati,
240 4182 421 4253 racaneto
442 4192 477 4256 et
496 4183 602 4255 clerici
620 4184 683 4252 sint
702 4191 819 4270 patres,
839 4192 982 4347 puppam
1003 4190 1037 4248 et
1057 4182 1179 4250 indices
