2798 4764
336 1071 486 1157 sanun
511 1070 715 1156 lllll’llltll
741 1069 864 1156 nutu
891 1059 1116 1156 lllllttllltlll

494 1263 749 1340 nouenos
776 1264 957 1340 onnon.

211 1448 235 1502 Ε
253 1449 341 1502 eolice
358 1449 551 1502 nemimneceo
568 1449 658 1503 seculi
675 1451 737 1503 llll.
757 1449 907 1502 monosterii
930 1450 958 1500 S.
971 1446 1064 1500 Crucis
1081 1446 1107 1500 ia
1124 1447 1239 1500 Austris.

293 1724 340 1809 (i)
361 1727 440 1790 Cum
460 1725 671 1809 intelligamus
689 1734 870 1790 sanctorum
892 1726 1001 1790 merite
1020 1727 1053 1790 in
1074 1727 1155 1790 libro
1172 1728 1239 1790 uite

210 1838 344 1920 scripta,
376 1845 408 1901 et
431 1837 612 1901 memoriale
637 1857 747 1900 eorum
773 1856 880 1900 coram
905 1839 1034 1900 domino
1058 1832 1092 1901 in'
1115 1838 1240 1912 secula,

211 1968 288 2013 uere
303 1949 543 2012 saluberrimum
557 1949 726 2013 asserimus
740 1949 857 2032 aliquid
877 1950 910 2012 in
925 1950 1104 2032 exemplum
1118 1952 1159 2014 sle
1173 1951 1241 2016 uita

211 2066 245 2124 el
265 2061 384 2124 actibus
403 2061 557 2124 bonorum
585 2062 625 2123 ad
645 2080 865 2125 successorum
887 2062 1092 2144 propaginem
1115 2062 1238 2144 scriptis

212 2191 388 2235 emanasse.
414 2171 475 2255 ipsi
494 2170 629 2235 fideliter
644 2192 700 2254 pro
716 2172 840 2236 Christo
859 2180 1077 2246 certauerunt,
1099 2180 1131 2236 et
1142 2172 1241 2236 felici-

210 2292 260 2348 ter
275 2303 332 2367 pro
348 2284 518 2347 certamine
540 2285 679 2347 coronati
694 2293 784 2358 sunt,
805 2305 862 2348 nos
877 2286 903 2346 si
918 2284 1035 2347 laboris
1049 2304 1158 2347 comm
1171 2284 1241 2346 imi·

210 2404 327 2461 tatores
348 2396 532 2471 efficiamur,
553 2397 633 2460 siout
645 2395 761 2460 Paulus
784 2397 877 2471 dicit,
897 2397 1034 2460 heredes
1047 2395 1175 2479 quidem
1190 2396 1241 2459 dei

210 2507 337 2582 erimus,
358 2507 532 2571 coheredes
552 2517 658 2570 autem
673 2507 797 2570 Christi.
819 2515 988 2591 martyrum
1005 2508 1161 2591 agonibus
1176 2526 1242 2570 ma·

209 2628 259 2682 ter
272 2620 399 2682 cottidie
418 2620 552 2683 ecclesia
574 2628 752 2693 coronatur,
782 2619 999 2683 consessorum
1023 2617 1169 2683 lislelibus
1193 2619 1242 2682 lu-

210 2731 273 2792 cris
292 2739 465 2812 reparatur,
493 2730 649 2812 tantisque
671 2739 837 2813 perornata
858 2730 1034 2813 fulgoribus
1052 2730 1135 2793 circa
1148 2729 1240 2791 uolu-

210 2840 305 2904 bilem
321 2841 406 2903 orbis
420 2860 512 2904 axem
527 2841 727 2922 splendescit.
751 2842 848 2905 multa
862 2862 973 2905 eorum
988 2841 1123 2924 gloriose
1138 2849 1241 2903 certa-

213 2952 298 3014 mina
313 2953 448 3016 mondus
463 2952 538 3013 olim
551 2952 670 3026 habuit,
685 2973 746 3035 que
760 2961 916 3016 uetustate
931 2961 1107 3035 temporum
1122 2953 1240 3026 clausa,

210 3063 350 3128 lidelium
373 3063 524 3126 memorie
545 3084 609 3127 non
628 3074 701 3128 sunt
721 3066 956 3138 commendate,
977 3065 1050 3147 quia
1063 3073 1136 3127 uate
1151 3083 1240 3128 sacro

212 3184 390 3238 caruerunt.
411 3176 522 3239 sedric
537 3176 672 3259 antiquis
688 3196 749 3259 que
763 3177 826 3239 ianr
839 3176 1065 3259 comprehendi
1080 3183 1241 3259 nequeunt

212 3288 409 3361 omittentes,
439 3288 556 3350 scimus
570 3288 654 3351 enim
668 3288 818 3370 quoniam
840 3287 909 3351 laus
924 3308 1033 3352 eorum
1053 3295 1125 3349 ante
1144 3286 1240 3347 deum

211 3400 437 3481 sempiternum
458 3419 522 3463 non
541 3406 734 3472 ueterascet‚
755 3399 796 3461 ad
818 3419 856 3463 ea
872 3400 986 3482 quibus
1008 3417 1114 3461 sermo
1128 3397 1243 3460 texitur

211 3528 385 3574 ueniamus.

296 3729 341 3813 (2)
362 3735 556 3797 Sanctissimi
576 3735 766 3799 confessoris
786 3734 955 3817 Stephani,
976 3732 1073 3796 incliti
1094 3732 1244 3795 uidelicet

212 3841 445 3905 Pannoniorum
466 3846 550 3926 regis
573 3847 670 3909 uitam
692 3854 860 3928 actusque,
881 3844 963 3906 sicut
982 3840 1068 3905 lideli
1089 3850 1122 3904 ot
1136 3843 1243 3904 ueraci

211 3949 371 4017 relacione
392 3962 468 4017 tunc
488 3956 638 4036 temporis
660 3956 823 4020 inuentum
846 3954 1039 4036 accepimus,
1059 3952 1188 4035 (lignum
1211 3961 1245 4017 et

211 4063 419 4131 honorificum
441 4066 586 4130 duximus
606 4067 778 4149 posteritati
799 4065 1022 4132 transmittere.
1050 4082 1109 4126 nec
1133 4063 1243 4129 doctas

212 4177 463 4269 compositasque
486 4178 759 4273 grammaticorum
779 4180 896 4259 unm,
914 4184 971 4244 aut
983 4173 1242 4268 philosophorum
