2798 4764
214 313 276 393 888
300 339 393 390 orror
406 339 572 391 memnon
585 339 711 390 eruar.
726 340 928 391 corsrrrorro
945 336 1124 391 ennomus.
1152 319 1244 392 rtet.

217 496 385 565 dictionem
407 519 441 563 se
460 499 585 564 nouerit
604 499 817 577 incursurum,
839 508 871 566 et
884 508 992 566 sancto
1007 500 1141 565 Domnio
1156 521 1243 566 com-

216 621 313 697 ponat
328 620 453 676 centum
468 632 588 676 marcas
603 614 735 696 argenti.

298 724 336 786 Ut
349 733 453 786 autem
467 724 528 787 heo
544 725 720 798 ordinacio,
742 746 836 808 quam
858 725 907 790 his
929 726 1073 809 personis
1089 727 1243 808 presenti-

214 836 275 899 bus
297 845 329 899 et
350 837 595 919 approbantibus
618 839 795 902 statuimus:
824 839 976 902 Flascone
997 840 1135 902 Tiniensi
1160 841 1244 922 epis-

217 969 310 1032 copo,
332 949 485 1012 blichaele
509 950 708 1034 'l'raguriensi
739 952 904 1034 episcopo,
934 952 1087 1015 blichaele
1109 954 1244 1016 Scardo-

216 1061 306 1124 nensi
320 1060 480 1143 episcopo,
495 1061 633 1124 blattheo
647 1062 786 1125 Nonensi
801 1063 959 1144 episcopo,
973 1062 1071 1124 Mireo
1087 1062 1244 1145 Signiensi

216 1174 387 1255 episcopo,
418 1173 555 1236 llatthco
583 1174 776 1237 Corbauensi
809 1174 929 1248 electo,
964 1173 1066 1236 llicha
1091 1173 1244 1235 Pharensi

217 1285 335 1360 electo,
363 1287 449 1348 Isaac
471 1307 496 1348 s.
514 1286 663 1368 Stephani
687 1287 816 1361 abbate,
845 1287 1016 1349 Vincencio
1040 1286 1243 1368 Traguriensi

216 1399 345 1471 abbate,
365 1399 478 1459 Duimo
500 1398 598 1460 sancti
613 1399 724 1460 Domni
746 1396 940 1480 primicerio,
962 1398 1078 1460 loanna
1097 1397 1242 1471 sacrista,

217 1530 288 1573 cum
308 1519 373 1574 toto
396 1511 536 1574 eiusdem
560 1510 691 1573 ecclesie
715 1510 868 1593 capitulo,
890 1510 1020 1573 Uilcotta
1035 1509 1244 1590 archipresbi-

216 1631 285 1686 tero
300 1622 339 1684 de
355 1620 469 1695 Clissa,
492 1621 621 1684 Uilcotta
643 1621 906 1703 archipresbitero
930 1622 968 1683 de
990 1621 1097 1696 llileo,
1120 1621 1242 1685 Gaudio

217 1732 436 1796 archidiacono
452 1732 652 1815 Traguriensi
676 1753 746 1794 cum
767 1733 831 1795 suis
853 1732 986 1806 clericis,
1009 1735 1120 1796 Prasez
1141 1734 1244 1796 arcbi·

217 1843 391 1927 presbitero
416 1841 639 1905 Scardonensis
669 1864 740 1905 cum
772 1843 914 1906 eiusdem
944 1844 1079 1907 ecclesie
1104 1844 1242 1918 clericis,

130 2006 132 2011 .
216 1954 370 2019 Desimiro
385 1954 509 2017 Licensi
524 1955 786 2037 archipresbitero
809 1977 878 2018 cum
898 1956 1020 2019 clericis
1034 1957 1176 2019 eiusdem
1191 1977 1243 2019 ec·

217 2067 322 2141 clesie,
336 2067 465 2129 Radona
475 2067 648 2130 Busancnsi
663 2068 924 2151 archipresbitero
937 2089 1008 2130 cum
1024 2068 1145 2130 clericis
1160 2069 1243 2132 eius-

218 2181 290 2244 dem
309 2180 461 2254 ecclesie,
488 2179 654 2242 Decomiro
670 2180 807 2243 Nonensi
830 2180 1090 2266 archipresbitero
1106 2189 1137 2243 et
1150 2182 1243 2243 Petro

216 2291 395 2373 primicerio
419 2310 489 2352 cum
511 2290 640 2372 reliquis
662 2291 803 2353 eiusdem
828 2291 962 2355 ecclesie
987 2292 1126 2366 clericis,
1154 2292 1243 2354 firma

216 2401 399 2485 stabilisque
414 2409 607 2483 permaneat,
629 2421 686 2483 per
700 2401 917 2465 cancellarium
932 2411 1072 2465 nostrum
1082 2400 1243 2464 Albertum

216 2532 243 2575 s.
259 2512 471 2575 bartholomei
499 2514 693 2595 prepositum
717 2513 848 2576 lecimus
870 2513 1023 2576 conscribi
1045 2522 1077 2576 et
1101 2513 1242 2596 insigniri

216 2623 352 2706 propriis
371 2623 492 2704 sigillis.
519 2626 630 2686 Datum
645 2625 763 2706 Spalati
783 2626 815 2687 in
838 2626 971 2689 ecclesia
990 2647 1014 2687 s.
1026 2625 1150 2687 Andree
1167 2645 1243 2707 apo-

216 2733 305 2806 stoli,
327 2753 383 2816 per
402 2753 529 2796 manum
550 2754 646 2816 supra
663 2734 737 2798 dicti
759 2737 910 2818 prepositi
924 2735 1044 2799 Alberti
1069 2734 1243 2799 cancellarii

217 2845 326 2907 nostri.
