<?xml version="1.0" encoding="UTF-8"?>
<!DOCTYPE html PUBLIC "-//W3C//DTD XHTML 1.0 Transitional//EN"
    "http://www.w3.org/TR/xhtml1/DTD/xhtml1-transitional.dtd">
<html xmlns="http://www.w3.org/1999/xhtml" xml:lang="en" lang="en">
 <head>
  <title>
</title>
<meta http-equiv="Content-Type" content="text/html;charset=utf-8" />
  <meta name='ocr-system' content='tesseract 3.04.00' />
  <meta name='ocr-capabilities' content='ocr_page ocr_carea ocr_par ocr_line ocrx_word'/>
</head>
<body>
  <div class='ocr_page' id='page_1' title='image "./rerumhungaricar00endlgoog/rerumhungaricar00endlgoog_0648.png"; bbox 0 0 2798 4764; ppageno 0'>
   <div class='ocr_carea' id='block_1_1' title="bbox 274 324 1203 395">
    <p class='ocr_par' dir='ltr' id='par_1_1' title="bbox 274 324 1203 395">
     <span class='ocr_line' id='line_1_1' title="bbox 274 324 1203 395; baseline -0.006 0"><span class='ocrx_word' id='word_1_1' title='bbox 274 346 532 395; x_wconf 79' lang='lat' dir='ltr'>consrrrurroxrs</span> <span class='ocrx_word' id='word_1_2' title='bbox 546 345 758 393; x_wconf 42' lang='lat' dir='ltr'>raieruronuu</span> <span class='ocrx_word' id='word_1_3' title='bbox 772 346 813 392; x_wconf 80' lang='lat' dir='ltr'>rr</span> <span class='ocrx_word' id='word_1_4' title='bbox 829 344 985 392; x_wconf 70' lang='lat' dir='ltr'>noarerorr.</span> <span class='ocrx_word' id='word_1_5' title='bbox 1012 324 1102 391; x_wconf 75' lang='lat'><strong>1298.</strong></span> <span class='ocrx_word' id='word_1_6' title='bbox 1143 327 1203 390; x_wconf 83' lang='grc'>639</span> 
     </span>
    </p>
   </div>
   <div class='ocr_carea' id='block_1_2' title="bbox 180 498 1205 694">
    <p class='ocr_par' dir='ltr' id='par_1_2' title="bbox 180 498 1205 694">
     <span class='ocr_line' id='line_1_2' title="bbox 181 498 1204 584; baseline -0.003 -19"><span class='ocrx_word' id='word_1_7' title='bbox 181 511 239 565; x_wconf 83' lang='lat' dir='ltr'>rat.</span> <span class='ocrx_word' id='word_1_8' title='bbox 266 513 297 565; x_wconf 76' lang='lat' dir='ltr'>el</span> <span class='ocrx_word' id='word_1_9' title='bbox 320 512 425 584; x_wconf 83' lang='lat' dir='ltr'>preter</span> <span class='ocrx_word' id='word_1_10' title='bbox 444 503 504 564; x_wconf 85' lang='lat' dir='ltr'>hec</span> <span class='ocrx_word' id='word_1_11' title='bbox 525 504 622 563; x_wconf 83' lang='lat' dir='ltr'>eniam</span> <span class='ocrx_word' id='word_1_12' title='bbox 643 503 719 573; x_wconf 85' lang='lat' dir='ltr'>alia,</span> <span class='ocrx_word' id='word_1_13' title='bbox 741 521 802 583; x_wconf 87' lang='lat' dir='ltr'>que</span> <span class='ocrx_word' id='word_1_14' title='bbox 823 501 853 561; x_wconf 92' lang='lat' dir='ltr'>in</span> <span class='ocrx_word' id='word_1_15' title='bbox 877 500 972 562; x_wconf 76' lang='lat' dir='ltr'>literis</span> <span class='ocrx_word' id='word_1_16' title='bbox 988 498 1105 562; x_wconf 92' lang='lat' dir='ltr'>domini</span> <span class='ocrx_word' id='word_1_17' title='bbox 1120 498 1204 581; x_wconf 82' lang='lat' dir='ltr'>regis</span> 
     </span>
     <span class='ocr_line' id='line_1_3' title="bbox 180 610 1205 694; baseline -0.004 -19"><span class='ocrx_word' id='word_1_18' title='bbox 180 624 321 694; x_wconf 77' lang='lat' dir='ltr'>tempore</span> <span class='ocrx_word' id='word_1_19' title='bbox 333 616 565 675; x_wconf 76' lang='lat' dir='ltr'>corronaeionis</span> <span class='ocrx_word' id='word_1_20' title='bbox 581 635 637 674; x_wconf 81' lang='lat' dir='ltr'>sue</span> <span class='ocrx_word' id='word_1_21' title='bbox 650 614 727 674; x_wconf 73' lang='lat' dir='ltr'>dalis</span> <span class='ocrx_word' id='word_1_22' title='bbox 740 614 947 683; x_wconf 77' lang='lat' dir='ltr'>eontinentur,</span> <span class='ocrx_word' id='word_1_23' title='bbox 969 610 1092 690; x_wconf 82' lang='lat' dir='ltr'><strong>plenius</strong></span> <span class='ocrx_word' id='word_1_24' title='bbox 1104 620 1205 672; x_wconf 76' lang='lat' dir='ltr'>alten-</span> 
     </span>
    </p>
   </div>
   <div class='ocr_carea' id='block_1_3' title="bbox 115 726 1210 3030">
    <p class='ocr_par' dir='ltr' id='par_1_3' title="bbox 180 726 712 787">
     <span class='ocr_line' id='line_1_4' title="bbox 180 726 712 787; baseline -0.006 -1"><span class='ocrx_word' id='word_1_25' title='bbox 180 728 293 787; x_wconf 81' lang='lat' dir='ltr'>donlur</span> <span class='ocrx_word' id='word_1_26' title='bbox 307 735 337 787; x_wconf 76' lang='lat' dir='ltr'>ei</span> <span class='ocrx_word' id='word_1_27' title='bbox 351 726 481 787; x_wconf 73' lang='lat' dir='ltr'>firmiter</span> <span class='ocrx_word' id='word_1_28' title='bbox 495 727 712 787; x_wconf 74' lang='lat' dir='ltr'>obserueutur.</span> 
     </span>
    </p>

    <p class='ocr_par' dir='ltr' id='par_1_4' title="bbox 181 833 1206 1473">
     <span class='ocr_line' id='line_1_5' title="bbox 262 833 1204 916; baseline -0.003 -20"><span class='ocrx_word' id='word_1_29' title='bbox 262 834 328 916; x_wconf 60' lang='lat'>(34)</span> <span class='ocrx_word' id='word_1_30' title='bbox 350 838 520 899; x_wconf 68' lang='lat' dir='ltr'>Statuirnus</span> <span class='ocrx_word' id='word_1_31' title='bbox 537 846 569 898; x_wconf 86' lang='lat' dir='ltr'>nt</span> <span class='ocrx_word' id='word_1_32' title='bbox 585 856 693 897; x_wconf 87' lang='lat' dir='ltr'>ornnes</span> <span class='ocrx_word' id='word_1_33' title='bbox 709 835 838 916; x_wconf 74' lang='lat' dir='ltr'>prelati,</span> <span class='ocrx_word' id='word_1_34' title='bbox 868 856 945 916; x_wconf 83' lang='lat' dir='ltr'>quos</span> <span class='ocrx_word' id='word_1_35' title='bbox 962 835 1131 915; x_wconf 75' lang='lat' dir='ltr'>legitimum</span> <span class='ocrx_word' id='word_1_36' title='bbox 1147 833 1204 894; x_wconf 93' lang='lat' dir='ltr'>im-</span> 
     </span>
     <span class='ocr_line' id='line_1_6' title="bbox 182 947 1206 1028; baseline -0.002 -19"><span class='ocrx_word' id='word_1_37' title='bbox 182 949 392 1028; x_wconf 79' lang='lat' dir='ltr'>pedimentum</span> <span class='ocrx_word' id='word_1_38' title='bbox 415 968 476 1009; x_wconf 92' lang='lat' dir='ltr'>non</span> <span class='ocrx_word' id='word_1_39' title='bbox 493 948 674 1020; x_wconf 72' lang='lat' dir='ltr'><strong>detinuerit,</strong></span> <span class='ocrx_word' id='word_1_40' title='bbox 696 967 832 1008; x_wconf 89' lang='lat' dir='ltr'>necnon</span> <span class='ocrx_word' id='word_1_41' title='bbox 849 956 880 1007; x_wconf 75' lang='lat' dir='ltr'>el</span> <span class='ocrx_word' id='word_1_42' title='bbox 895 965 1003 1007; x_wconf 83' lang='lat' dir='ltr'>omnes</span> <span class='ocrx_word' id='word_1_43' title='bbox 1019 947 1152 1007; x_wconf 87' lang='lat' dir='ltr'>barones</span> <span class='ocrx_word' id='word_1_44' title='bbox 1174 954 1206 1007; x_wconf 80' lang='lat' dir='ltr'>et</span> 
     </span>
     <span class='ocr_line' id='line_1_7' title="bbox 181 1057 1205 1139; baseline -0.003 -18"><span class='ocrx_word' id='word_1_45' title='bbox 181 1059 300 1121; x_wconf 77' lang='lat' dir='ltr'>nobiles</span> <span class='ocrx_word' id='word_1_46' title='bbox 325 1060 479 1131; x_wconf 87' lang='lat' dir='ltr'>uniuersi,</span> <span class='ocrx_word' id='word_1_47' title='bbox 508 1061 547 1120; x_wconf 86' lang='lat' dir='ltr'>ad</span> <span class='ocrx_word' id='word_1_48' title='bbox 573 1059 748 1139; x_wconf 86' lang='lat' dir='ltr'>quindenas</span> <span class='ocrx_word' id='word_1_49' title='bbox 775 1058 857 1118; x_wconf 72' lang='lat' dir='ltr'>beati</span> <span class='ocrx_word' id='word_1_50' title='bbox 883 1057 1009 1138; x_wconf 81' lang='lat' dir='ltr'>Georgii</span> <span class='ocrx_word' id='word_1_51' title='bbox 1034 1057 1065 1117; x_wconf 91' lang='lat' dir='ltr'>iu</span> <span class='ocrx_word' id='word_1_52' title='bbox 1091 1058 1205 1129; x_wconf 70' lang='lat' dir='ltr'>Raima,</span> 
     </span>
     <span class='ocr_line' id='line_1_8' title="bbox 181 1169 1206 1242; baseline 0 -13"><span class='ocrx_word' id='word_1_53' title='bbox 181 1170 266 1232; x_wconf 81' lang='lat' dir='ltr'>iuxta</span> <span class='ocrx_word' id='word_1_54' title='bbox 281 1172 470 1242; x_wconf 79' lang='lat' dir='ltr'>Danubium,</span> <span class='ocrx_word' id='word_1_55' title='bbox 493 1170 663 1232; x_wconf 86' lang='lat' dir='ltr'>conuenire</span> <span class='ocrx_word' id='word_1_56' title='bbox 679 1177 854 1241; x_wconf 78' lang='lat' dir='ltr'>teneantur,</span> <span class='ocrx_word' id='word_1_57' title='bbox 884 1178 917 1230; x_wconf 78' lang='lat' dir='ltr'>ut</span> <span class='ocrx_word' id='word_1_58' title='bbox 932 1169 1074 1229; x_wconf 88' lang='lat' dir='ltr'>omnibus</span> <span class='ocrx_word' id='word_1_59' title='bbox 1090 1169 1206 1229; x_wconf 89' lang='lat' dir='ltr'>ibidem</span> 
     </span>
     <span class='ocr_line' id='line_1_9' title="bbox 182 1280 1206 1363; baseline -0.001 -22"><span class='ocrx_word' id='word_1_60' title='bbox 182 1281 355 1353; x_wconf 72' lang='lat' dir='ltr'>recensitio,</span> <span class='ocrx_word' id='word_1_61' title='bbox 366 1302 426 1363; x_wconf 91' lang='lat' dir='ltr'>que</span> <span class='ocrx_word' id='word_1_62' title='bbox 442 1280 474 1340; x_wconf 90' lang='lat' dir='ltr'>iu</span> <span class='ocrx_word' id='word_1_63' title='bbox 489 1282 596 1343; x_wconf 70' lang='lat' dir='ltr'>litteris</span> <span class='ocrx_word' id='word_1_64' title='bbox 609 1281 725 1341; x_wconf 91' lang='lat' dir='ltr'>dornini</span> <span class='ocrx_word' id='word_1_65' title='bbox 741 1281 823 1361; x_wconf 77' lang='lat' dir='ltr'>regis</span> <span class='ocrx_word' id='word_1_66' title='bbox 839 1301 987 1361; x_wconf 84' lang='lat' dir='ltr'>expressa</span> <span class='ocrx_word' id='word_1_67' title='bbox 998 1281 1206 1353; x_wconf 71' lang='lat' dir='ltr'>eontinentur,</span> 
     </span>
     <span class='ocr_line' id='line_1_10' title="bbox 182 1384 1056 1473; baseline 0 -21"><span class='ocrx_word' id='word_1_68' title='bbox 182 1392 338 1465; x_wconf 71' lang='lat' dir='ltr'>institutis,</span> <span class='ocrx_word' id='word_1_69' title='bbox 359 1412 420 1473; x_wconf 90' lang='lat' dir='ltr'>que</span> <span class='ocrx_word' id='word_1_70' title='bbox 435 1384 614 1455; x_wconf 76' lang='lat' dir='ltr'>necessaria</span> <span class='ocrx_word' id='word_1_71' title='bbox 630 1392 746 1454; x_wconf 77' lang='lat' dir='ltr'>suerint</span> <span class='ocrx_word' id='word_1_72' title='bbox 759 1426 803 1438; x_wconf 89' lang='lat'><em>-</em></span> <span class='ocrx_word' id='word_1_73' title='bbox 814 1423 855 1439; x_wconf 85' lang='lat'>·-</span> <span class='ocrx_word' id='word_1_74' title='bbox 870 1400 1056 1455; x_wconf 70' lang='lat' dir='ltr'>statuentur.</span> 
     </span>
    </p>

    <p class='ocr_par' dir='ltr' id='par_1_5' title="bbox 182 1501 1208 2139">
     <span class='ocr_line' id='line_1_11' title="bbox 265 1501 1204 1585; baseline -0.002 -23"><span class='ocrx_word' id='word_1_75' title='bbox 265 1501 330 1583; x_wconf 73' lang='lat'>(35)</span> <span class='ocrx_word' id='word_1_76' title='bbox 352 1504 606 1576; x_wconf 85' lang='lat' dir='ltr'>Obseruaudurn,</span> <span class='ocrx_word' id='word_1_77' title='bbox 628 1505 713 1585; x_wconf 90' lang='lat' dir='ltr'>qnod</span> <span class='ocrx_word' id='word_1_78' title='bbox 727 1504 807 1566; x_wconf 82' lang='lat' dir='ltr'>sicut</span> <span class='ocrx_word' id='word_1_79' title='bbox 823 1525 879 1585; x_wconf 82' lang='lat' dir='ltr'>per</span> <span class='ocrx_word' id='word_1_80' title='bbox 891 1504 1035 1575; x_wconf 86' lang='lat' dir='ltr'>barones,</span> <span class='ocrx_word' id='word_1_81' title='bbox 1049 1502 1091 1564; x_wconf 77' lang='lat' dir='ltr'>ita</span> <span class='ocrx_word' id='word_1_82' title='bbox 1107 1502 1204 1564; x_wconf 84' lang='lat' dir='ltr'>eciam</span> 
     </span>
     <span class='ocr_line' id='line_1_12' title="bbox 183 1611 1207 1696; baseline 0.001 -23"><span class='ocrx_word' id='word_1_83' title='bbox 183 1633 239 1693; x_wconf 89' lang='lat' dir='ltr'>per</span> <span class='ocrx_word' id='word_1_84' title='bbox 259 1633 365 1693; x_wconf 82' lang='lat' dir='ltr'>regem</span> <span class='ocrx_word' id='word_1_85' title='bbox 385 1622 416 1675; x_wconf 83' lang='lat' dir='ltr'>et</span> <span class='ocrx_word' id='word_1_86' title='bbox 439 1633 584 1693; x_wconf 82' lang='lat' dir='ltr'>proceres</span> <span class='ocrx_word' id='word_1_87' title='bbox 599 1614 775 1695; x_wconf 84' lang='lat' dir='ltr'>Hungarie‚</span> <span class='ocrx_word' id='word_1_88' title='bbox 797 1634 892 1696; x_wconf 86' lang='lat' dir='ltr'>super</span> <span class='ocrx_word' id='word_1_89' title='bbox 908 1614 1039 1695; x_wconf 82' lang='lat' dir='ltr'>populos</span> <span class='ocrx_word' id='word_1_90' title='bbox 1060 1611 1207 1675; x_wconf 84' lang='lat' dir='ltr'>ecclesia-</span> 
     </span>
     <span class='ocr_line' id='line_1_13' title="bbox 183 1725 1208 1806; baseline 0.001 -21"><span class='ocrx_word' id='word_1_91' title='bbox 183 1745 251 1785; x_wconf 91' lang='lat' dir='ltr'>rum</span> <span class='ocrx_word' id='word_1_92' title='bbox 274 1734 304 1787; x_wconf 75' lang='lat' dir='ltr'>et</span> <span class='ocrx_word' id='word_1_93' title='bbox 323 1727 581 1787; x_wconf 72' lang='lat' dir='ltr'>monasteriorum</span> <span class='ocrx_word' id='word_1_94' title='bbox 603 1727 687 1787; x_wconf 86' lang='lat' dir='ltr'>nulla</span> <span class='ocrx_word' id='word_1_95' title='bbox 708 1727 832 1806; x_wconf 72' lang='lat' dir='ltr'>penitus</span> <span class='ocrx_word' id='word_1_96' title='bbox 852 1726 981 1788; x_wconf 72' lang='lat' dir='ltr'>collecta</span> <span class='ocrx_word' id='word_1_97' title='bbox 995 1725 1147 1806; x_wconf 79' lang='lat' dir='ltr'>exigatur.</span> <span class='ocrx_word' id='word_1_98' title='bbox 1176 1733 1208 1786; x_wconf 80' lang='lat' dir='ltr'>et</span> 
     </span>
     <span class='ocr_line' id='line_1_14' title="bbox 182 1835 1208 1915; baseline 0.003 -21"><span class='ocrx_word' id='word_1_99' title='bbox 182 1835 208 1895; x_wconf 88' lang='lat' dir='ltr'>si</span> <span class='ocrx_word' id='word_1_100' title='bbox 234 1837 423 1898; x_wconf 75' lang='lat' dir='ltr'>contrarium</span> <span class='ocrx_word' id='word_1_101' title='bbox 451 1837 568 1898; x_wconf 74' lang='lat' dir='ltr'>sactum</span> <span class='ocrx_word' id='word_1_102' title='bbox 597 1836 706 1910; x_wconf 76' lang='lat' dir='ltr'>suerit,</span> <span class='ocrx_word' id='word_1_103' title='bbox 738 1837 929 1899; x_wconf 72' lang='lat' dir='ltr'>contrarium</span> <span class='ocrx_word' id='word_1_104' title='bbox 953 1836 1114 1897; x_wconf 75' lang='lat' dir='ltr'>facientes.</span> <span class='ocrx_word' id='word_1_105' title='bbox 1150 1856 1208 1915; x_wconf 88' lang='lat' dir='ltr'>per</span> 
     </span>
     <span class='ocr_line' id='line_1_15' title="bbox 183 1947 1207 2029; baseline 0.002 -21"><span class='ocrx_word' id='word_1_106' title='bbox 183 1948 298 2009; x_wconf 77' lang='lat' dir='ltr'>dictum</span> <span class='ocrx_word' id='word_1_107' title='bbox 321 1948 480 2009; x_wconf 89' lang='lat' dir='ltr'>dominum</span> <span class='ocrx_word' id='word_1_108' title='bbox 505 1949 775 2029; x_wconf 83' lang='lat' dir='ltr'>archiepiscopum</span> <span class='ocrx_word' id='word_1_109' title='bbox 791 1947 995 2011; x_wconf 85' lang='lat' dir='ltr'>Colocensem</span> <span class='ocrx_word' id='word_1_110' title='bbox 1017 1949 1055 2009; x_wconf 89' lang='lat' dir='ltr'>ad</span> <span class='ocrx_word' id='word_1_111' title='bbox 1079 1947 1207 2010; x_wconf 90' lang='lat' dir='ltr'>modum</span> 
     </span>
     <span class='ocr_line' id='line_1_16' title="bbox 182 2059 723 2139; baseline -0.002 -19"><span class='ocrx_word' id='word_1_112' title='bbox 182 2059 395 2139; x_wconf 76' lang='lat' dir='ltr'>supradictum</span> <span class='ocrx_word' id='word_1_113' title='bbox 413 2104 537 2121; x_wconf 89' lang='grc'><strong>......</strong></span> <span class='ocrx_word' id='word_1_114' title='bbox 553 2060 723 2122; x_wconf 78' lang='lat' dir='ltr'>incurrant.</span> 
     </span>
    </p>

    <p class='ocr_par' dir='ltr' id='par_1_6' title="bbox 115 2169 1210 3030">
     <span class='ocr_line' id='line_1_17' title="bbox 264 2169 1207 2255; baseline 0.006 -25"><span class='ocrx_word' id='word_1_115' title='bbox 264 2172 305 2232; x_wconf 80' lang='lat' dir='ltr'>Et</span> <span class='ocrx_word' id='word_1_116' title='bbox 325 2171 398 2250; x_wconf 82' lang='lat' dir='ltr'>quia</span> <span class='ocrx_word' id='word_1_117' title='bbox 427 2169 633 2233; x_wconf 85' lang='lat' dir='ltr'>saluberrima</span> <span class='ocrx_word' id='word_1_118' title='bbox 660 2180 775 2235; x_wconf 66' lang='lat' dir='ltr'>statuto</span> <span class='ocrx_word' id='word_1_119' title='bbox 801 2173 889 2255; x_wconf 82' lang='lat' dir='ltr'>regio</span> <span class='ocrx_word' id='word_1_120' title='bbox 918 2172 1031 2235; x_wconf 89' lang='lat' dir='ltr'>honori</span> <span class='ocrx_word' id='word_1_121' title='bbox 1057 2181 1088 2234; x_wconf 84' lang='lat' dir='ltr'>et</span> <span class='ocrx_word' id='word_1_122' title='bbox 1114 2174 1207 2236; x_wconf 77' lang='lat' dir='ltr'>sinui</span> 
     </span>
     <span class='ocr_line' id='line_1_18' title="bbox 115 2280 1208 2365; baseline 0.005 -24"><span class='ocrx_word' id='word_1_123' title='bbox 115 2296 126 2305; x_wconf 84' lang='lat'><strong>·</strong></span> <span class='ocrx_word' id='word_1_124' title='bbox 183 2280 413 2363; x_wconf 82' lang='lat' dir='ltr'>regnicolarum</span> <span class='ocrx_word' id='word_1_125' title='bbox 431 2301 543 2363; x_wconf 85' lang='lat' dir='ltr'>magno</span> <span class='ocrx_word' id='word_1_126' title='bbox 561 2283 701 2343; x_wconf 90' lang='lat' dir='ltr'>remedio</span> <span class='ocrx_word' id='word_1_127' title='bbox 717 2283 931 2363; x_wconf 73' lang='lat' dir='ltr'>profluencia,</span> <span class='ocrx_word' id='word_1_128' title='bbox 954 2305 972 2347; x_wconf 85' lang='lat' dir='ltr'>a</span> <span class='ocrx_word' id='word_1_129' title='bbox 988 2285 1137 2365; x_wconf 73' lang='lat' dir='ltr'>predictis</span> <span class='ocrx_word' id='word_1_130' title='bbox 1152 2304 1208 2347; x_wconf 86' lang='lat' dir='ltr'>ue-</span> 
     </span>
     <span class='ocr_line' id='line_1_19' title="bbox 184 2393 1207 2478; baseline 0.008 -26"><span class='ocrx_word' id='word_1_131' title='bbox 184 2393 375 2454; x_wconf 85' lang='lat' dir='ltr'>nerabilibus</span> <span class='ocrx_word' id='word_1_132' title='bbox 389 2393 537 2474; x_wconf 75' lang='lat' dir='ltr'>patribus,</span> <span class='ocrx_word' id='word_1_133' title='bbox 560 2403 590 2456; x_wconf 75' lang='lat' dir='ltr'>et</span> <span class='ocrx_word' id='word_1_134' title='bbox 605 2395 643 2454; x_wconf 86' lang='lat' dir='ltr'>ab</span> <span class='ocrx_word' id='word_1_135' title='bbox 655 2394 763 2455; x_wconf 84' lang='lat' dir='ltr'>incolis</span> <span class='ocrx_word' id='word_1_136' title='bbox 778 2396 877 2457; x_wconf 84' lang='lat' dir='ltr'>tocius</span> <span class='ocrx_word' id='word_1_137' title='bbox 892 2397 980 2477; x_wconf 81' lang='lat' dir='ltr'>regni</span> <span class='ocrx_word' id='word_1_138' title='bbox 992 2396 1151 2478; x_wconf 84' lang='lat' dir='ltr'>Hungarie</span> <span class='ocrx_word' id='word_1_139' title='bbox 1168 2397 1207 2460; x_wconf 87' lang='lat' dir='ltr'>de</span> 
     </span>
     <span class='ocr_line' id='line_1_20' title="bbox 183 2502 1209 2587; baseline 0.007 -23"><span class='ocrx_word' id='word_1_140' title='bbox 183 2502 277 2585; x_wconf 83' lang='lat' dir='ltr'>legali</span> <span class='ocrx_word' id='word_1_141' title='bbox 302 2523 456 2565; x_wconf 85' lang='lat' dir='ltr'>consensu</span> <span class='ocrx_word' id='word_1_142' title='bbox 482 2504 598 2565; x_wconf 91' lang='lat' dir='ltr'>domini</span> <span class='ocrx_word' id='word_1_143' title='bbox 627 2505 709 2586; x_wconf 84' lang='lat' dir='ltr'>regis</span> <span class='ocrx_word' id='word_1_144' title='bbox 734 2513 766 2566; x_wconf 85' lang='lat' dir='ltr'>et</span> <span class='ocrx_word' id='word_1_145' title='bbox 793 2505 944 2567; x_wconf 84' lang='lat' dir='ltr'>baronum</span> <span class='ocrx_word' id='word_1_146' title='bbox 970 2516 1209 2587; x_wconf 80' lang='lat' dir='ltr'>processerunt,</span> 
     </span>
     <span class='ocr_line' id='line_1_21' title="bbox 185 2614 1210 2697; baseline 0.009 -24"><span class='ocrx_word' id='word_1_147' title='bbox 185 2624 274 2694; x_wconf 76' lang='lat' dir='ltr'>prout</span> <span class='ocrx_word' id='word_1_148' title='bbox 299 2614 329 2674; x_wconf 91' lang='lat' dir='ltr'>in</span> <span class='ocrx_word' id='word_1_149' title='bbox 352 2615 563 2694; x_wconf 87' lang='lat' dir='ltr'>superioribus</span> <span class='ocrx_word' id='word_1_150' title='bbox 585 2624 631 2676; x_wconf 77' lang='lat' dir='ltr'>est</span> <span class='ocrx_word' id='word_1_151' title='bbox 653 2635 855 2696; x_wconf 81' lang='lat' dir='ltr'>expressum,</span> <span class='ocrx_word' id='word_1_152' title='bbox 876 2637 934 2697; x_wconf 91' lang='lat' dir='ltr'>pro</span> <span class='ocrx_word' id='word_1_153' title='bbox 949 2650 989 2663; x_wconf 94' lang='lat'>-</span> <span class='ocrx_word' id='word_1_154' title='bbox 1003 2651 1043 2664; x_wconf 91' lang='lat'>·-</span> <span class='ocrx_word' id='word_1_155' title='bbox 1059 2639 1210 2682; x_wconf 85' lang='lat' dir='ltr'>concessa</span> 
     </span>
     <span class='ocr_line' id='line_1_22' title="bbox 186 2724 1210 2812; baseline 0.007 -27"><span class='ocrx_word' id='word_1_156' title='bbox 186 2724 322 2786; x_wconf 78' lang='lat' dir='ltr'>debitam</span> <span class='ocrx_word' id='word_1_157' title='bbox 346 2725 502 2803; x_wconf 81' lang='lat' dir='ltr'>reperiant</span> <span class='ocrx_word' id='word_1_158' title='bbox 523 2725 709 2787; x_wconf 70' lang='lat' dir='ltr'>firmitatem.</span> <span class='ocrx_word' id='word_1_159' title='bbox 739 2725 885 2788; x_wconf 87' lang='lat' dir='ltr'>domiuus</span> <span class='ocrx_word' id='word_1_160' title='bbox 899 2747 954 2788; x_wconf 83' lang='lat' dir='ltr'>rex</span> <span class='ocrx_word' id='word_1_161' title='bbox 970 2736 1000 2790; x_wconf 84' lang='lat' dir='ltr'>et</span> <span class='ocrx_word' id='word_1_162' title='bbox 1015 2730 1102 2812; x_wconf 83' lang='lat' dir='ltr'>regni</span> <span class='ocrx_word' id='word_1_163' title='bbox 1118 2730 1210 2792; x_wconf 86' lang='lat' dir='ltr'>baro·</span> 
     </span>
     <span class='ocr_line' id='line_1_23' title="bbox 186 2837 1210 2920; baseline 0.009 -23"><span class='ocrx_word' id='word_1_164' title='bbox 186 2857 241 2898; x_wconf 89' lang='lat' dir='ltr'>nes</span> <span class='ocrx_word' id='word_1_165' title='bbox 263 2837 363 2918; x_wconf 75' lang='lat' dir='ltr'>sigilla</span> <span class='ocrx_word' id='word_1_166' title='bbox 383 2857 455 2909; x_wconf 85' lang='lat' dir='ltr'>sua,</span> <span class='ocrx_word' id='word_1_167' title='bbox 477 2838 515 2897; x_wconf 82' lang='lat' dir='ltr'>ml</span> <span class='ocrx_word' id='word_1_168' title='bbox 538 2838 634 2898; x_wconf 76' lang='lat' dir='ltr'>instar</span> <span class='ocrx_word' id='word_1_169' title='bbox 657 2837 749 2919; x_wconf 78' lang='lat' dir='ltr'>sigilii</span> <span class='ocrx_word' id='word_1_170' title='bbox 771 2837 981 2920; x_wconf 70' lang='lat' dir='ltr'>prelatorum,</span> <span class='ocrx_word' id='word_1_171' title='bbox 1004 2841 1078 2903; x_wconf 86' lang='lat' dir='ltr'>huie</span> <span class='ocrx_word' id='word_1_172' title='bbox 1102 2843 1210 2907; x_wconf 75' lang='lat' dir='ltr'>charte</span> 
     </span>
     <span class='ocr_line' id='line_1_24' title="bbox 184 2955 611 3030; baseline 0.007 -22"><span class='ocrx_word' id='word_1_173' title='bbox 184 2955 370 3010; x_wconf 75' lang='lat' dir='ltr'>statutorum</span> <span class='ocrx_word' id='word_1_174' title='bbox 387 2959 611 3030; x_wconf 85' lang='lat' dir='ltr'>apposuerunt.</span> 
     </span>
    </p>
   </div>
   <div class='ocr_carea' id='block_1_4' title="bbox 0 0 1411 4764">
    <p class='ocr_par' dir='ltr' id='par_1_7' title="bbox 0 0 1411 4764">
     <span class='ocr_line' id='line_1_25' title="bbox 0 0 1411 4764; baseline 0 0"><span class='ocrx_word' id='word_1_175' title='bbox 0 0 1411 4764; x_wconf 95' lang='lat' dir='ltr'> </span> 
     </span>
    </p>
   </div>
  </div>
 </body>
</html>
