2798 4764
130 404 140 412 -
211 358 272 427 100
390 366 573 427 amoms'ns
594 358 985 427 sszn'assra'nusnosdn
1004 355 1063 445 (t).

194 530 329 606 ¹diuisa,
349 531 394 596 ita
407 529 549 615 quidem,
569 538 606 596 ut
618 531 745 615 quidam
760 530 901 596 Cbabam
914 533 1000 616 regis
1014 528 1126 598 litbeie
1139 528 1239 597 dlium

211 662 252 712 cx
269 645 442 710 Greoorum
463 645 660 728 imperatoris
680 643 745 709 diis
769 664 825 709 seu
846 644 978 709 Honorii
999 645 1156 730 genitum,
1186 644 1240 711 aiii

210 774 289 825 uero
303 757 482 822 Aladarium
496 776 536 820 ex
550 756 697 822 Cremiidi
711 754 878 822 Germanic
892 756 1076 840 principissa
1090 776 1240 840 procrea·

211 878 277 937 tum
290 869 444 954 preficere
458 869 492 933 in
505 887 614 954 regem
627 878 697 953 post
707 869 853 933 Etbeiam
866 869 1055 935 nitebantur.
1077 868 1151 953 quia
1161 886 1240 932 uero

211 1002 285 1066 pars
299 982 402 1046 sanior
417 981 524 1045 Chabe
540 982 721 1055 adherebat,
736 989 845 1045 extera
859 990 964 1045 autem
980 982 1070 1045 nacio
1082 980 1240 1056 biadario,

212 1102 380 1181 eapropter
397 1096 523 1179 utrique
543 1096 731 1178 inceperunt
748 1095 915 1178 imperare.
943 1101 1018 1157 tunc
1033 1093 1141 1158 Ditrici
1156 1102 1241 1157 astu-

213 1207 278 1282 cia,
299 1207 353 1291 qui
368 1207 494 1271 fauebat
507 1206 665 1282 Aiadario,
690 1207 825 1290 pretinm
846 1207 929 1270 inter
943 1206 1051 1270 ambos
1065 1207 1242 1270 suscitatur.

211 1318 245 1383 in
265 1318 367 1405 primo
389 1339 465 1403 ergo
488 1318 588 1402 prelio
603 1319 766 1382 Aiadarius
789 1327 963 1403 superatur,
983 1318 1170 1382 insecundo
1186 1338 1243 1382 au·

212 1438 295 1507 teum
321 1432 407 1514 quod
426 1432 598 1496 sicambris
618 1453 677 1515 per
697 1431 757 1494 XV
771 1432 838 1495 dies
862 1434 1012 1496 continuo
1030 1431 1242 1507 committitur,

214 1545 370 1610 exercitus
381 1543 488 1609 Chabe
502 1545 546 1608 sic
561 1545 738 1609 deuincitur
749 1552 780 1609 et
795 1551 978 1628 prostratur,
993 1542 1079 1629 quod
1092 1542 1241 1627 perpauci

212 1654 268 1721 atii
288 1654 400 1722 Etbele
413 1656 562 1740 Hunique
583 1664 793 1720 remanerent
806 1656 903 1719 ’istud
926 1655 1009 1720 enim
1031 1666 1078 1720 est
1091 1656 1242 1741 pretium,

214 1769 300 1855 qnod
313 1768 397 1832 Huni
413 1768 545 1852 pretinm
560 1766 722 1832 crumbelt
739 1788 840 1852 usque
855 1767 957 1833 adbuc
971 1768 1169 1833 nominantes
1182 1787 1242 1832 uo·

104 1928 109 1937 ·
214 1888 376 1947 cauemnt.
404 1879 436 1945 in
451 1901 515 1964 quo
530 1882 658 1966 quidem
672 1878 771 1966 prelio
785 1889 891 1946 tantus
905 1880 1029 1964 sanguis
1044 1882 1242 1965 germanicus

215 2000 263 2059 est
277 1994 408 2068 ebusus,
427 1991 514 2077 qnod
527 1992 553 2056 si
566 1993 730 2057 Teutonici
750 1992 791 2057 ob
805 1991 943 2056 dedecus
957 2012 1020 2057 non
1036 1992 1191 2068 celarent,
1213 1999 1245 2057 et

215 2106 334 2173 nattam
357 2126 435 2192 pure
456 2122 614 2180 reserere,
637 2108 707 2188 'per
726 2103 833 2189 piures
852 2104 923 2168 ¹dies
941 2104 973 2167 in
996 2104 1138 2170 Danubio
1163 2124 1244 2189 aqua

215 2216 281 2282 bibi
296 2236 360 2281 nou
374 2223 516 2300 poterat,
536 2236 598 2282 nec
619 2236 676 2301 per
689 2214 851 2292 homines,
871 2234 930 2279 nec
945 2235 999 2297 per
1012 2226 1129 2299 pecus,
1150 2235 1244 2299 qnam

217 2328 258 2394 de
272 2328 444 2394 Sicambria
456 2347 559 2411 usque
573 2328 686 2391 urbem
700 2326 847 2391 Poteucie
862 2326 1011 2410 sanguine
1025 2325 1199 2391 inundauit

298 2440 401 2525 Fugiit
414 2459 490 2524 ergo
504 2440 610 2503 Cbnba
624 2458 697 2503 cnm
711 2438 770 2502 XV
784 2438 920 2503 millibus
934 2439 1099 2503 Hunorum
1118 2440 1151 2503 in
1166 2439 1246 2504 Gre-

188 2627 195 2641 ·
218 2553 298 2618 ciam
310 2552 348 2614 ad
357 2550 540 2626 Honorium,
554 2550 740 2634 etquamuis
753 2551 889 2615 retinere
901 2549 1063 2625 uoluisset,
1085 2557 1117 2616 et
1130 2550 1243 2614 Grecis

218 2664 354 2729 incolam
377 2662 519 2738 efficere,
539 2683 604 2726 non
622 2664 810 2746 permansit,
835 2664 961 2727 rediens
982 2664 1015 2725 in
1037 2663 1181 2727 scithiam
1205 2664 1246 2727 ad

217 2779 313 2864 patris
328 2779 476 2842 naciones
498 2796 534 2841 ac
555 2786 716 2861 cognatos.
747 2778 800 2860 qui
817 2778 890 2841 dnm
905 2777 1052 2842 Scitbiam
1070 2778 1245 2853 introisset,

217 2904 293 2953 mox
305 2889 420 2972 incepit
434 2888 585 2963 suadere,
607 2888 692 2973 quod
706 2888 831 2971 penitus
851 2887 993 2953 redirent
1005 2891 1038 2952 in
1053 2888 1245 2953 Pannoniam

218 3000 374 3066 ulcionem
395 2998 434 3065 de
455 2999 649 3064 Germanicis
674 2998 843 3085 accepturi.
879 3008 1096 3066 remanserant
1117 3020 1245 3087 qnoque

220 3113 260 3179 de
273 3112 373 3177 Hunis
397 3111 538 3175 uirorum
559 3110 621 3175 tria
642 3110 737 3175 miiiia
759 3130 798 3175 ex
820 3112 920 3195 prelio
941 3110 1124 3176 Crimiidino
1146 3113 1245 3195 erepti

219 3234 278 3312 per
290 3224 364 3312 iuge
386 3222 604 3310 interfugium,
625 3225 680 3310 qui
693 3224 839 3289 timentes
859 3224 1029 3290 occidentia
1051 3225 1201 3289 naciones
1213 3224 1247 3288 in

220 3352 331 3424 campo
346 3338 455 3424 Cbigte
475 3354 576 3422 usqne
590 3338 695 3421 Arpad
715 3345 970 3420 permanserunt,
993 3337 1046 3420 qni
1068 3356 1102 3402 se
1124 3335 1167 3400 rbi
1183 3355 1247 3400 non

220 3454 340 3528 Hunos,
361 3452 418 3518 sed
432 3451 562 3516 Zaculos
577 3459 780 3515 uocauerunt.
802 3451 854 3515 isti
868 3451 952 3515 enim
966 3450 1070 3513 Zaculi
1081 3450 1246 3513 Hunorum

220 3572 299 3628 sunt·
306 3564 439 3639 residui,
459 3564 513 3649 qui
527 3564 602 3627 dnm
615 3563 781 3648 ilungaros
795 3564 827 3627 in
838 3564 1030 3627 Pannoniam
1044 3563 1155 3631 iterato
1172 3583 1247 3646 cog·

220 3681 378 3739 nonerunt
392 3692 560 3748 remeasse,
580 3674 786 3739 redeuntibus
800 3676 833 3738 in
843 3672 999 3738 iintbenie
1010 3656 1126 3738 finibds
1141 3691 1249 3737 occur·

220 3792 345 3859 rerunt,
370 3784 559 3868 insimuique
579 3786 738 3851 Pannonia
759 3794 980 3870 conquestata,
1008 3796 1130 3870 partem
1154 3784 1186 3848 in
1210 3802 1250 3848 ea

221 3905 296 3961 aunt
316 3896 436 3978 adepti,
457 3904 644 3961 nontamen
666 3900 700 3962 in
717 3896 812 3983 piano
826 3898 1001 3973 Pannonis,
1021 3897 1078 3962 sed
1093 3894 1252 3960 cumbin-

222 4006 290 4072 ckis
302 4007 335 4071 in
350 4004 515 4072 montibus'
527 4006 657 4079 confinii
675 4019 792 4074 sortem
806 4006 995 4073 babuerunt.
1026 4008 1111 4073 unde
1124 4008 1249 4074 blachis

223 4119 381 4188 conmixti
400 4120 510 4188 litteris
530 4121 669 4208 ipsorum
690 4122 736 4188 uti
750 4120 965 4209 perhibentur.
995 4120 1045 4186 isti
1059 4121 1250 4213 quippe'Za·
