2798 4764
303 366 502 438 suppletu.
516 367 607 425 escis
619 367 801 435 sensnum
815 366 964 432 nempp-
992 345 1084 431 md·
1144 345 1205 431 ult

261 519 327 606 (17)
349 523 426 587 ltem
452 523 491 585 de
516 522 648 605 singulis
671 522 784 587 carinis
808 518 961 594 oneratis,
989 540 1053 603 que
1077 520 1116 586 de
1138 519 1208 583 eliis

181 635 273 721 terris
296 635 504 710 descendunt,
531 636 647 707 iustum
668 645 698 699 et
722 635 846 716 solitum
868 633 1016 697 tributum
1041 633 1152 708 detur,
1171 639 1209 699 ut

181 767 277 829 suprn
299 748 416 811 dictum
437 754 539 822 esset,
563 748 736 811 secundnm
758 747 940 831 qualitatem
961 766 1068 811 rerum
1092 744 1210 809 delntn·

182 881 262 922 rutn.

266 969 334 1054 (18)
354 974 432 1036 ltem
448 973 487 1036 de
497 973 638 1056 quolibet
651 991 743 1036 curru
758 971 918 1050 insipienti,
933 970 1076 1053 siliginis,
1089 969 1211 1045 hordei,

183 1104 299 1159 avene,
320 1087 413 1168 brnsy
428 1085 479 1148 uel
493 1086 593 1148 eciam
614 1084 745 1165 piscium
760 1082 981 1166 paruulorum,
1002 1084 1055 1165 qui
1071 1082 1212 1163 quotidie

184 1196 301 1259 delecti
322 1206 557 1260 consueuerunt
576 1198 614 1259 ad
635 1196 755 1269 fucum,
777 1216 873 1257 unum
893 1196 1016 1277 pondus
1032 1195 1133 1268 datur,
1154 1213 1211 1258 ex·

185 1308 283 1394 ceptis
298 1309 398 1372 seruis
412 1309 505 1391 regis,
527 1310 580 1391 qui
595 1309 757 1381 dimidium
773 1309 923 1372 tributum
938 1307 1077 1370 sulunnt.

267 1408 333 1500 (19)
360 1421 438 1482 ltem
464 1419 503 1482 de
527 1419 657 1502 singulis
681 1418 833 1500 uzonibus
857 1420 1037 1483 recentibus
1059 1426 1090 1482 ct
1113 1419 1214 1496 sulcis,

187 1551 284 1594 unum
309 1532 450 1613 pondus3
471 1531 545 1594 item
568 1533 607 1595 de
629 1531 751 1595 duobus
771 1530 964 1595 sturionibns
984 1532 1065 1594 sicut
1085 1533 1126 1595 de
1146 1550 1211 1593 unu

186 1663 303 1716 uzone,
332 1643 408 1705 item
433 1643 472 1705 de
496 1643 635 1726 quolibet
660 1644 782 1705 niuacio
807 1662 973 1724 pannorum
1002 1644 1134 1725 piscium
1159 1641 1212 1714 uel

188 1755 356 1825 maiorum,
378 1753 430 1816 uel
452 1753 484 1815 in
507 1752 652 1826 uinariis,
675 1755 846 1837 uulgarilec
865 1755 963 1817 barlin
980 1755 1109 1828 uocatis,
1130 1753 1215 1818 soliti

185 1877 258 1929 sunt
272 1866 388 1949 portari
411 1867 587 1941 adfurum,
608 1867 672 1929 duo
686 1867 833 1930 meliores
850 1867 952 1949 pisces
967 1868 1079 1949 uiuary
1092 1865 1215 1950 persol-

187 1987 312 2041 uuntur.

267 2087 337 2171 (20)
360 2091 436 2152 ltem
458 2091 498 2152 de
521 2110 615 2153 curru
636 2109 724 2152 masa
746 2098 876 2164 uocate,
904 2090 1059 2154 salsorum
1079 2088 1215 2172 piscium

187 2201 361 2275 minorum,
382 2202 435 2264 uel
455 2201 610 2264 luciurum
630 2201 800 2275 maiorum,
822 2210 852 2264 et
867 2203 1072 2284 pasnrdurum
1086 2201 1214 2264 unciam

188 2314 272 2399 dent.

269 2423 341 2507 (21)
364 2427 442 2495 ltem
463 2427 503 2490 de
525 2445 611 2488 masa
632 2424 684 2489 uel
705 2424 887 2491 centenario
900 2426 1007 2508 knpci,
1028 2426 1108 2504 duos
1122 2425 1214 2490 irisa-

187 2538 277 2610 ticos,
291 2537 365 2600 item
381 2539 419 2599 de
434 2556 520 2600 mesa
534 2538 585 2601 uel
598 2537 778 2599 centenario
789 2538 907 2619 plumbi
921 2557 1017 2600 unum
1032 2538 1213 2612 frisnticum.

190 2649 229 2710 dc
244 2649 389 2711 omnibus
412 2657 517 2711 nutem
537 2647 663 2714 minutis
682 2647 759 2722 lori,
784 2648 865 2712 sicut
878 2650 918 2713 de
931 2650 1006 2725 line,
1028 2650 1067 2713 de
1081 2668 1213 2732 canapo,

188 2759 267 2834 ollis,
289 2760 438 2832 scutellis,
460 2759 597 2844 scyphis,
618 2769 650 2824 et
669 2760 735 2824 aliis
751 2762 842 2838 datur
855 2764 1028 2826 secundum
1043 2773 1213 2827 consuetu·

189 2872 293 2933 dinem
307 2873 521 2959 approbatum.

270 2981 340 3065 (ᾗ)
361 2985 438 3047 ltem
456 2984 640 3067 marcellsry
653 2985 783 3070 singulis
798 2987 908 3051 diebus
922 2988 1061 3051 carnium
1077 2988 1153 3051 dent
1166 2987 1215 3051 di·

188 3096 317 3157 midium
337 3094 523 3170 lrisntieum,
545 3099 684 3181 exceptis
699 3100 751 3180 qui
773 3118 884 3161 cnrnes
905 3099 1036 3161 boninus
1056 3098 1214 3172 uendunt,

189 3209 241 3288 qui
257 3208 417 3270 dimidium
433 3218 535 3271 cutem
551 3211 685 3281 bouum,
707 3230 786 3290 quos
801 3210 966 3282 occidunt,
988 3208 1125 3269 suluunt.

272 3318 342 3398 (23)
365 3320 440 3380 ltem
456 3320 480 3381 si
497 3319 609 3400 uliquis
625 3327 750 3380 centum
765 3328 853 3381 cutes
868 3327 967 3384 emtas
982 3319 1050 3381 siue
1065 3319 1096 3379 in
1110 3336 1212 3392 cumn,
1286 3375 1290 3382 .

189 3449 246 3492 seu
267 3431 391 3512 uestigio
405 3433 445 3493 de
462 3431 620 3512 Strigoniu
644 3430 779 3502 delerat,
800 3432 854 3492 dnt
868 3429 1007 3502 unciam,
1029 3429 1213 3491 tantundem

190 3541 282 3603 datur
296 3542 335 3604 de
351 3542 483 3623 pellibus
498 3541 632 3622 cuprinis
647 3549 678 3602 et
692 3541 805 3602 ouinis.

271 3652 342 3735 (bb)
364 3655 440 3716 ltem
466 3655 504 3715 de
526 3672 586 3714 unu
608 3672 695 3715 musa
714 3673 801 3727 cere,
823 3672 884 3736 qne
907 3652 1045 3715 continet
1064 3653 1214 3717 ducentes

188 3765 298 3847 uiginti
322 3783 444 3827 marcas
465 3765 497 3825 in
518 3764 675 3844 pondere,
715 3764 825 3846 uiginti
847 3765 973 3827 lnisutici
995 3765 1117 3838 dantur,
1145 3764 1214 3828 siue

190 3884 325 3954 quatuor
338 3877 492 3959 pondere.

273 3985 339 4068 (25)
369 3989 446 4051 ltem
467 3989 507 4051 de
531 3995 657 4051 centum
679 3987 786 4053 zuenis
805 3988 933 4063 salium,
962 3989 1002 4052 de
1023 4006 1214 4072 quocunque

189 4094 331 4159 locurum
354 4100 640 4183 quomodocunque
661 4099 853 4182 strigonium
879 4101 1071 4175 delerentur,
1098 4116 1215 4162 suenus

191 4205 265 4272 selis
279 4209 382 4272 catur.
