2798 4764
176 330 218 407 38
392 347 530 404 nnuman
552 352 652 403 cessa
672 351 882 402 massonus
909 331 987 420 (id).

177 521 324 595 potenter
339 519 371 574 et
384 510 515 593 pacifice
529 510 793 596 subiugauerunt,
815 519 846 572 et
861 510 1019 574 ciuitatem
1039 508 1203 592 spalaten·

177 635 244 688 cern
260 631 427 708 ceperunt,
449 631 590 687 ettotam
605 623 791 687 Crouaciam
812 623 870 685 sibi
884 623 1151 705 subiugauerunt,
1171 631 1205 687 st

176 734 251 799 inde
272 735 391 818 egressi
412 733 494 797 lilios
514 734 664 797 nobilium
686 736 719 796 in
742 734 867 797 obsides
890 740 1097 817 acceperunt,
1119 734 1203 797 etin

177 844 371 932 Hungariam
391 847 512 910 reuersi
531 855 604 910 sunt
624 846 663 909 nd
683 847 796 910 ducem
810 846 925 929 Arpad.
953 865 1087 929 quorum
1103 847 1204 910 eciam

178 959 261 1023 bella
282 967 315 1022 et
334 957 432 1021 loreia
447 977 573 1040 queque
594 958 677 1020 iacta
697 976 769 1031 sua,
798 959 824 1020 si
838 958 963 1040 scriptis
978 959 1133 1040 presentis
1148 976 1205 1040 pa·

178 1073 250 1156 gine
271 1091 336 1132 non
354 1070 467 1144 uultis,
496 1070 615 1133 credite
637 1070 754 1153 gasulis
777 1071 921 1132 cantibus
943 1069 1152 1132 ioculatorum
1173 1076 1206 1131 et

177 1183 264 1247 falsis
285 1183 398 1246 sabulis
419 1182 627 1256 rusticorum,
647 1183 701 1265 qui
716 1181 816 1244 lmcia
830 1181 913 1245 iacta
932 1192 963 1246 et
976 1182 1060 1244 bella
1075 1181 1205 1267 Hungu-

177 1287 422 1378 summusque
443 1296 475 1358 in
497 1293 685 1357 hodiernum
707 1295 790 1357 diem
810 1294 962 1356 obliuioni
981 1313 1044 1356 non
1068 1294 1206 1368 tradunt,

178 1409 235 1472 sad
250 1409 378 1491 quidam
393 1408 502 1471 dicunt
515 1426 571 1469 eos
589 1407 685 1470 iuisse
705 1426 807 1490 usque
830 1406 869 1468 nd
885 1405 1205 1488 Constantinopolim,

180 1529 213 1584 et
227 1528 350 1603 portam
366 1538 493 1584 auream
509 1518 795 1600 Constantinopolis
810 1519 997 1582 Botondium
1023 1538 1095 1581 cum
1117 1519 1206 1581 dola·

179 1632 237 1695 bro
257 1651 315 1693 suo
337 1632 500 1706 incidisse,
521 1634 578 1694 scd
594 1651 664 1714 ego,
685 1632 758 1714 quia
780 1633 811 1693 in
834 1632 919 1693 nullo
934 1632 1042 1695 codice
1057 1630 1207 1695 historio·

180 1743 370 1828 grupborum
386 1742 509 1817 inueni,
530 1744 590 1806 nisi
605 1764 643 1807 ex
657 1743 744 1806 falsis
759 1744 871 1807 subulis
884 1745 1074 1807 rusticorum
1089 1743 1207 1819 audiui,

179 1856 253 1920 ideo
268 1856 308 1919 ad
322 1875 454 1938 presens
470 1876 550 1939 opus
565 1856 705 1919 scribere
719 1875 782 1919 non
797 1857 958 1939 proposui.

263 2079 330 2163 (ta)
353 2082 399 2144 Dr
411 2083 514 2144 uuus
527 2082 664 2164 Zamae,
688 2082 803 2163 Pompo
817 2094 843 2144 ct
859 2081 959 2146 Ulcou.
996 2081 1113 2146 Bulsuu
1128 2080 1206 2145 Lelu

180 2201 212 2257 et
235 2194 359 2257 Botond
380 2193 452 2256 binc
475 2195 607 2277 egressi,
628 2194 741 2257 siluam
762 2212 823 2276 que
843 2193 957 2257 dicitur
976 2195 1130 2277 Peturgoz
1151 2193 1207 2257 de·

179 2306 379 2378 scandentes,
389 2304 475 2368 iuxta
488 2306 619 2368 fluuium
629 2304 729 2387 Colpe
743 2314 845 2396 castra
856 2305 963 2369 metati
975 2315 1057 2368 sunt.
1079 2315 1111 2368 et
1121 2314 1207 2369 tran·

179 2420 240 2483 sito
254 2420 351 2483 duuio
366 2419 419 2481 illo
431 2439 532 2502 usqne
544 2420 584 2482 ad
595 2420 725 2483 lluuium
736 2421 822 2482 Zona
832 2427 1056 2501 peruenerunt,
1078 2427 1110 2480 et
1121 2427 1206 2480 tran-

179 2531 240 2592 sito
262 2532 363 2604 Zona,
391 2538 528 2593 castrum
552 2531 672 2613 Zabrag
690 2539 854 2615 ceperunt
883 2538 914 2592 et
933 2529 1005 2592 binc
1028 2529 1205 2611 equitantes

181 2650 315 2704 castrum
327 2641 448 2721 Posaga
463 2649 494 2702 et
506 2651 642 2703 castrum
653 2642 751 2705 Ulcou
763 2653 925 2724 ceperunt.
948 2652 977 2706 et
991 2641 1064 2702 binc
1076 2640 1206 2723 egressi,

180 2751 357 2813 Danubium
372 2751 404 2811 in
420 2758 510 2832 portu
525 2751 616 2814 Greci
632 2753 916 2834 transnauigantes,
936 2753 968 2813 in
983 2753 1102 2815 curiam
1117 2753 1205 2816 ducis

180 2862 287 2944 Arpad
301 2868 524 2943 peruenerunt.
547 2881 682 2945 cumque
697 2863 774 2926 Lelu
790 2864 907 2926 Bulsuu
923 2873 954 2926 et
965 2864 1104 2939 Rotond,
1121 2872 1206 2928 cele·

179 2974 271 3055 rique
285 2973 398 3036 milites
413 2973 482 3035 sani
502 2981 533 3036 et
551 2970 725 3036 incolumes
743 2993 815 3036 cum
829 2993 944 3057 magna
962 2976 1095 3038 uictoria
1108 2977 1140 3038 in
1155 2994 1205 3040 sc·

181 3087 285 3149 cundo
300 3105 382 3148 anno
397 3086 437 3147 nd
453 3086 566 3148 ducem
580 3087 686 3167 Arpad
710 3087 830 3150 reuersi
852 3086 1001 3162 luissent,
1022 3088 1139 3151 iactum
1157 3096 1205 3152 est

182 3197 329 3280 gaudium
354 3215 502 3279 magnum
525 3217 583 3278 per
607 3204 705 3259 totam
731 3199 849 3261 curiam
875 3199 974 3272 ducis,
1005 3208 1037 3262 et
1062 3199 1206 3264 lecerunt

181 3308 363 3372 conuiuium
392 3327 558 3391 magnum,
590 3316 621 3372 et
646 3309 853 3392 epulabantur
875 3312 1015 3393 quotidie
1040 3312 1204 3395 splendide

181 3419 334 3504 Hungarii
356 3440 504 3484 unacum
519 3421 654 3485 diuersis
668 3423 863 3486 nacionibus.
894 3433 925 3487 et
938 3423 1042 3488 nicine
1056 3427 1204 3489 naciones

181 3532 345 3596 audientes
358 3532 498 3596 facinora
513 3533 595 3596 lacta
607 3552 733 3608 eorum,
755 3535 955 3598 confluebant
969 3537 1010 3598 ad
1024 3535 1136 3599 ducem
1146 3536 1204 3598 Ar-

179 3641 262 3722 pad,
283 3651 314 3704 et
328 3662 408 3724 pura
421 3643 484 3707 fide
499 3645 616 3707 subditi
630 3646 812 3710 seruiebant
825 3647 854 3710 ei
867 3648 926 3709 sub
940 3666 1054 3730 magna
1064 3665 1152 3720 cura,
1173 3652 1206 3710 st

180 3750 306 3834 plurimi
320 3753 461 3835 bospites
475 3753 548 3818 lacti
562 3764 634 3819 sunt
648 3756 823 3820 domestici.

265 3975 331 4059 (ll)
353 3977 397 4040 lle
414 3980 511 4042 issula
530 3978 673 4041 danubii.
724 3981 799 4043 Post
811 3979 872 4043 bec
885 3995 965 4042 uero
979 3997 1126 4063 egressus
1140 3976 1206 4044 dux

182 4088 287 4172 llrpcd
305 4090 346 4153 de
364 4091 504 4173 partibus
523 4090 584 4153 illis
604 4091 659 4154 ubi
678 4110 762 4156 nunc
784 4099 833 4157 ast
853 4100 989 4155 cubum
1012 4092 1153 4178 budrug,
1173 4100 1206 4158 et

183 4201 349 4269 descendit
367 4202 456 4268 iuxta
469 4201 648 4268 bmuoiun
668 4222 770 4292 usque
787 4205 830 4271 sd
842 4201 976 4269 uuum
988 4223 1153 4292 magnum,
1173 4213 1206 4273 st
