2798 4764
371 1060 626 1137 panisus!
651 1066 718 1140 111.
745 1065 902 1141 nudis

126 1218 328 1305 tuturis
340 1218 551 1306 tttsttlull
562 1223 749 1309 llltllllll
763 1225 916 1310 lllllil
931 1225 976 1318 ld
989 1225 1152 1312 soltus,

528 1383 749 1447 ncenxxnr.

444 1538 467 1589 li
486 1537 634 1591 membrana
649 1541 831 1609 protogrcpbs.

207 1847 382 1921 Ladislaus,
406 1847 456 1910 dei
480 1850 584 1930 gracia
608 1846 984 1930 Hungarie,1)almacie,
1007 1849 1152 1926 crescis,

124 1962 237 2034 llame,
258 1959 386 2032 Seruis,
412 1958 555 2033 Gallicis,
583 1959 789 2034 Lodomerie,
812 1958 961 2022 Cumanie
989 1960 1153 2043 bulgario-

125 2092 187 2154 que
201 2093 267 2134 rex.
288 2071 443 2133 uniuersis
460 2069 573 2133 Christi
587 2069 741 2143 fidelibus,
762 2078 826 2133 tam
842 2072 1041 2152 presentibus
1056 2077 1151 2154 quam

124 2182 246 2255 futuris,
260 2190 441 2263 presentem
457 2180 601 2262 paginam
614 2181 800 2261 inspecturis
815 2180 949 2244 salutem
964 2183 996 2243 iu
1012 2184 1151 2247 omnium

125 2294 292 2357 salinatore.

207 2405 331 2487 Regalis
350 2404 547 2467 sublimitatis
566 2401 769 2476 immensitas,
791 2402 880 2466 cuius
902 2411 951 2467 est
968 2405 999 2466 in
1014 2406 1152 2470 multitu·

125 2519 197 2580 dine
218 2517 429 2578 subiectorum
449 2515 591 2596 gloriari,
614 2523 764 2596 quantum
786 2524 910 2579 tenetur
924 2516 1081 2599 quoslibet
1103 2520 1152 2581 in-

124 2630 208 2692 colas
232 2628 320 2709 regni
345 2627 392 2688 sui
417 2626 449 2687 in
474 2628 538 2688 suis
563 2626 682 2688 iuribus
708 2645 916 2702 conseruare,
944 2638 1029 2693 tanto
1053 2633 1151 2714 magis

123 2741 282 2804 libertates
303 2737 461 2819 hospitum
485 2757 613 2800 suorum
633 2747 758 2800 tenetur
771 2759 899 2802 suorum
914 2741 1151 2823 priuilegiorum

124 2851 293 2913 munimine
322 2848 485 2921 roborare,
513 2856 549 2912 ut
573 2847 751 2913 hominibus
777 2857 862 2914 certa
890 2850 960 2935 lege
988 2853 1152 2932 gaudenti·

124 2964 192 3037 bus,
214 2963 316 3024 bonor
330 2960 435 3042 regius
451 2968 611 3042 augeatur.
638 2960 769 3043 proinde
784 2963 826 3024 ad
839 2963 1056 3026 uniuersorum
1072 2963 1152 3026 uoti·

125 3074 206 3138 ciam
228 3075 339 3136 harum
359 3071 442 3135 serie
458 3073 603 3135 uolumus
623 3074 807 3154 peruenire,
828 3075 913 3156 quod
933 3074 1072 3153 hospites
1094 3093 1153 3135 no·

125 3195 204 3249 stros
226 3187 265 3247 de
281 3184 391 3247 Latina
413 3185 489 3247 uilla
510 3186 542 3245 in
564 3183 693 3266 Scepes,
714 3185 800 3266 regie
822 3183 1020 3265 benignitatis
1042 3183 1151 3245 fanore

126 3296 272 3377 prosequi
293 3295 507 3368 intendentes,
536 3295 762 3377 cupientesque
782 3295 910 3357 eosdem
931 3294 962 3354 in
986 3292 1050 3355 suis
1071 3292 1152 3353 anti-

126 3406 195 3490 quis
220 3405 414 3467 libertatibus
439 3413 470 3468 et
493 3405 614 3466 iuribus
636 3405 796 3487 acquisitis
817 3405 1002 3485 indempnes
1023 3421 1151 3465 conser-

127 3538 217 3592 uare,
239 3519 450 3581 concessimus
466 3517 603 3590 eisdem,
623 3517 685 3577 imo
705 3515 1012 3598 apredecessoribus
1027 3514 1152 3589 nostris,

125 3631 251 3714 regibus
276 3628 438 3712 ilungarie
462 3625 633 3690 illustribus
663 3626 780 3689 dudum
808 3643 994 3687 concessum
1019 3624 1152 3687 innona-

124 3762 207 3806 mus:

207 3854 292 3937 quod
306 3854 339 3916 in
353 3851 497 3917 omnibus
513 3858 545 3912 et
558 3870 615 3932 per
630 3850 733 3913 omnia
752 3846 837 3911 illam
852 3857 884 3912 et
897 3851 1030 3913 eandem
1043 3849 1105 3934 ipsi
1119 3850 1153 3914 et

124 3986 233 4030 eorum
254 3984 455 4029 successores
474 3963 650 4027 libertatem
665 3969 696 4026 et
710 3961 876 4026 bonestam
891 3963 1153 4027 consuetudinem

123 4078 276 4152 babeant,
298 4076 564 4160 quemadmodum
580 4083 611 4138 et
629 4076 780 4139 hactenus
794 4076 983 4141 babuerunt.
1006 4092 1068 4160 qua
1081 4072 1152 4138 oni·

123 4192 211 4257 uersi
225 4190 278 4257 alii
293 4199 404 4256 omnes
420 4187 562 4276 hospites
582 4189 683 4254 nostri
697 4190 839 4255 Saxones
861 4191 901 4255 de
915 4189 1046 4272 Sospes,
1064 4186 1152 4250 ima
