2798 4764
218 312 280 384 ³22
384 333 574 386 nsrnrnnru
595 334 685 385 trois
706 294 914 387 nncmronmr
935 335 1026 388 brnen
1048 334 1081 386 rr.

218 495 336 570 soluat,
362 495 536 577 exquibus
558 495 618 558 due
641 504 746 577 partes
771 498 852 579 regi,
880 497 979 561 tercia
1000 497 1117 562 seniori
1137 519 1247 562 seruo·

217 630 298 672 rum.
319 629 375 671 rex
390 617 493 670 autem
509 627 548 669 ex
563 626 620 670 sua
635 617 723 688 parte
739 609 867 671 terciam
882 611 997 672 tribuat
1013 611 1128 674 comiti.

302 722 352 782 VI.
394 722 438 782 De
450 725 531 800 [orto
545 740 706 782 ceruorum.
752 721 784 781 Si
800 722 869 803 quis
885 742 1049 784 seruorum
1069 724 1166 785 semel
1181 724 1247 786 Iur-

218 843 282 898 tum
303 832 508 905 commiserit,
530 833 643 894 reddat
661 833 776 894 lurtum
792 842 823 895 et
839 844 1007 915 componat
1027 855 1137 897 nasum
1154 837 1246 918 quin·

217 965 279 1027 que
294 944 447 1015 iuuencis,
468 944 494 1004 si
509 951 621 1024 potest
643 944 691 1003 sin
707 952 825 1015 autem,
846 944 1057 1006 abscindatur.

298 1057 329 1118 Si
346 1054 484 1118 abscisso
499 1075 575 1117 naso
590 1054 702 1116 ilerum
718 1055 909 1118 commiserit
923 1056 1054 1128 lurtum,
1077 1066 1245 1139 componat

217 1187 309 1230 aures
324 1167 463 1248 quinque
479 1166 629 1238 iuuencis,
645 1166 669 1228 si
686 1175 798 1246 potest.
820 1168 867 1228 sin
883 1177 996 1238 autem,
1012 1167 1243 1230 abscindantur.

298 1280 330 1342 Si
345 1279 429 1340 idem
444 1276 542 1340 tercio
557 1277 673 1339 lurtum
688 1278 891 1352 commiserit,
914 1288 1017 1342 careat
1031 1280 1106 1341 uita.

297 1392 363 1453 VII.
404 1392 448 1452 De
466 1395 545 1469 forto
569 1392 736 1451 liberorum.
790 1390 820 1451 Si
843 1390 914 1471 quis
933 1389 1105 1454 liberorum
1127 1392 1242 1455 furtum

217 1505 424 1576 commiserit,
451 1502 510 1563 hac
532 1500 601 1583 lege
626 1522 818 1583 componere
844 1503 1051 1565 decreuimus.
1081 1504 1107 1567 si
1132 1507 1243 1579 semel,

215 1617 351 1680 redimat
374 1635 408 1676 se
434 1615 460 1675 si
487 1622 600 1695 potest.
631 1615 679 1675 sin
705 1622 809 1676 autem
834 1615 1053 1676 uenumdetur.
1085 1617 1110 1678 si
1138 1625 1241 1678 autem

216 1730 299 1792 idem
326 1727 534 1788 uenumdatus
558 1725 676 1786 lurtum
700 1725 905 1799 commiserit,
932 1726 1054 1807 legibus
1076 1747 1242 1790 seruorum

214 1838 383 1902 subiaceat.
419 1836 445 1898 si
459 1837 598 1898 secundo
613 1835 704 1898 simili
719 1836 781 1917 legi
795 1836 965 1900 subiaceat.
1001 1838 1027 1900 si
1044 1858 1120 1901 uero
1135 1841 1243 1914 tercio,

216 1950 382 2032 dispeudIo
398 1949 461 2011 nite
476 1949 673 2009 diiudicetur.

299 2062 377 2123 v111.
420 2061 463 2122 De
485 2062 693 2140 compoaiciooc
717 2063 802 2139 reolo.
846 2060 878 2122 Si
900 2059 969 2143 quis
996 2061 1143 2125 comitum
1169 2082 1242 2145 par·

215 2181 279 2236 tem
304 2172 387 2256 regis
407 2172 654 2244 defraudauerit,
685 2174 797 2235 reddat
821 2172 963 2235 fraudem
986 2182 1017 2235 et
1039 2172 1135 2255 duplo
1156 2194 1241 2236 com·

215 2294 321 2369 ponat

297 2398 350 2457 IX.
393 2398 436 2458 Dc
449 2399 557 2458 iniusto
572 2400 780 2477 appellarim.
815 2396 845 2458 Si
862 2396 932 2478 quis
948 2395 1079 2460 militum
1094 2399 1241 2461 iudicium

215 2528 235 2573 a
258 2529 316 2571 suo
337 2508 450 2570 comite
475 2517 560 2569 recte
583 2508 753 2569 iudIcutum
775 2527 943 2587 spernens,
973 2528 1081 2590 regem
1105 2509 1242 2589 appella-

215 2618 306 2691 uerit,
321 2619 450 2698 cupiens
466 2620 610 2680 comitem
627 2639 717 2679 suum
733 2618 868 2680 reddere
884 2617 1049 2692 iniustum,
1063 2619 1102 2681 sit
1118 2621 1242 2682 debitor

217 2728 326 2791 decem
341 2748 509 2809 pensarum
524 2749 581 2790 suo
598 2730 712 2791 comiti.

301 2841 340 2900 X.
384 2841 427 2901 Ile
450 2843 594 2901 ur'olmcia
618 2843 739 2901 conniis.
790 2841 820 2902 Si
847 2841 916 2922 quis
942 2843 1088 2904 comitum
1115 2845 1242 2905 inuenta

217 2950 322 3034 aliqua
340 2950 508 3014 occasione
524 2952 598 3033 quid
620 2952 733 3014 iniuste
756 2952 844 3015 militi
865 2952 1044 3028 abstulerit,
1064 2956 1189 3028 reddat,
1211 2965 1243 3018 et

215 3063 345 3145 insuper
360 3084 398 3125 ex
415 3063 542 3144 proprio
557 3071 685 3125 lantum.

300 3177 353 3236 XI.
396 3176 438 3236 oe
458 3178 602 3236 solucione
623 3177 781 3236 mendacii.
831 3176 862 3237 Si
888 3175 958 3258 quis
982 3186 1086 3239 autem
1111 3179 1240 3239 militum

214 3309 305 3353 snum
326 3297 530 3370 spontaneum
550 3288 666 3349 donum
682 3288 790 3349 dicens
804 3287 861 3349 sibi
886 3289 915 3348 ui
930 3288 1084 3361 ablatum,
1105 3290 1240 3350 mendax

216 3401 370 3474 extiterit,
393 3422 431 3462 ex
447 3401 507 3461 hoc
523 3409 643 3472 careat,
665 3407 696 3461 et
711 3400 839 3480 insuper
854 3399 1035 3460 tantundem
1051 3400 1162 3462 soluat.

299 3516 367 3575 xtt.
408 3514 452 3574 De
465 3515 573 3574 iudicio
587 3514 691 3592 qladii.
735 3513 766 3572 Si
782 3512 851 3592 quis
866 3510 970 3592 gladio
985 3512 1143 3573 bominem
1159 3514 1242 3573 occi-

216 3626 311 3698 derit,
334 3625 444 3686 eodem
461 3625 566 3706 gladio
580 3625 749 3706 iuguletur.

300 3737 379 3796 xlll.
421 3736 465 3795 Dc
492 3738 692 3797 debilitociom
719 3737 924 3795 membrorum.
976 3734 1008 3794 Si
1037 3733 1107 3815 quis
1136 3742 1240 3793 autem

215 3846 320 3930 gladio
334 3846 499 3927 euagiuato
513 3847 608 3909 alium
619 3846 791 3927 quemlibet
800 3844 1019 3918 debilitauerit,
1033 3844 1084 3907 uel
1096 3845 1127 3905 in
1140 3846 1243 3919 oculo,

216 3959 269 4023 uel
283 3960 313 4020 in
330 3960 427 4040 pede,
449 3959 500 4022 uel
516 3959 547 4020 in
562 3979 673 4034 manu,
696 3957 856 4022 consimile
872 3959 1020 4021 damnum
1038 3958 1086 4021 sui
1101 3958 1242 4039 corporis

216 4071 367 4160 paciatur.
