2798 4764
212 321 274 395 iit)
303 340 308 345 ·
377 337 630 393 suessonam
651 334 785 386 ramum
805 333 939 385 uranu
956 334 1075 387 meas.

213 514 276 578 que
287 493 395 556 hiania
409 492 531 567 dicitur,
552 491 605 554 uhi
617 490 785 554 Christiani
800 499 832 555 et
843 491 958 573 pagani
971 489 1090 552 mixtim
1100 498 1240 554 manent.

213 616 292 690 quot
314 613 387 668 sunt
410 604 484 668 uilio
507 612 555 668 tot
577 611 650 667 sunt
674 605 788 677 duces,
809 622 942 684 quorum
961 602 1065 666 nultus
1084 602 1125 665 ad
1143 601 1239 665 alium

212 716 309 781 hahet
322 715 524 779 subiectionis
538 722 729 795 respectum.
750 715 792 777 ihi
804 715 953 777 continuo
968 722 1016 777 est
1025 733 1139 796 guerra
1150 714 1239 777 ducis

213 836 322 893 contra
337 829 468 901 ducem,
490 828 563 890 uilte
579 835 689 890 contra
703 825 817 888 uillam.
849 834 989 908 tempore
1003 826 1115 889 arandi
1130 845 1240 888 omnes

213 940 305 1003 nnius
326 938 400 1001 uille
422 938 566 1001 homines
587 938 679 999 simul
700 938 740 999 ad
762 957 906 1019 campum
929 936 1067 1010 uadunt,
1094 937 1241 999 simulet

213 1070 322 1125 omnes
336 1057 473 1124 metunt,
494 1057 526 1112 et
539 1050 684 1131 contigno
705 1058 789 1114 terre
810 1049 917 1131 spacio
939 1048 999 1111 hec
1022 1056 1180 1111 exercent
1208 1057 1242 1112 et

212 1160 369 1244 quidquid
390 1167 477 1223 extra
497 1160 604 1222 uidam
628 1161 695 1223 sine
717 1160 749 1222 in
770 1160 862 1242 lignis
882 1161 1062 1242 aquirendis
1083 1159 1152 1223 siue
1173 1158 1240 1223 aliis

213 1275 318 1358 operis
339 1272 476 1346 hahent,
496 1274 618 1335 uadunt
638 1291 747 1337 omnes
761 1273 878 1354 pariter
893 1282 925 1335 et
946 1272 1067 1347 armati,
1090 1293 1150 1337 nec
1165 1293 1240 1355 pos·

212 1394 286 1450 sunt
307 1384 372 1447 ullo
393 1385 487 1447 modo
504 1384 596 1466 pauci
617 1405 675 1467 per
687 1392 786 1447 totam
805 1385 1009 1466 septimanam
1024 1386 1064 1449 de
1078 1385 1159 1448 uillis
1173 1386 1240 1449 suis

213 1516 401 1581 quacunque
425 1495 465 1558 dc
480 1512 576 1559 causa
597 1495 705 1578 egredi
723 1497 842 1577 absque
864 1496 1003 1578 periculo
1017 1517 1240 1578 personarum,

213 1615 346 1689 excepta
361 1607 429 1668 sola
443 1607 493 1669 die
509 1606 664 1668 dominica
678 1625 698 1667 a
712 1626 804 1680 mane
818 1626 919 1688 usque
934 1627 1116 1689 uesperum,
1132 1628 1192 1690 que
1206 1609 1240 1670 in

212 1728 297 1783 tanta
309 1719 482 1782 deuocione
496 1718 580 1799 apud
591 1737 646 1780 eos
658 1716 803 1790 hahetur,
817 1717 902 1799 quod
916 1727 990 1780 tunc
999 1719 1131 1800 quilibet
1139 1738 1239 1801 quan-

212 1839 405 1912 tumcuuque
433 1831 506 1892 mali
525 1829 651 1903 fecerit,
679 1829 731 1891 uei
750 1837 952 1911 quotcunque
972 1831 1069 1895 habet
1089 1832 1240 1894 aduersa·
1298 1887 1301 1891 .

212 1945 293 2018 rios,
315 1963 445 2006 securus
465 1949 569 2023 potest
586 1941 654 2003 siue
669 1940 771 2005 nudus
790 1941 857 2003 siue
872 1949 1022 2016 armatus,
1044 1943 1143 2005 eciam
1158 1942 1240 2006 inter

213 2054 284 2119 iilos
298 2073 433 2137 quorum
447 2060 593 2134 parentes
608 2051 740 2124 occidit,
762 2050 815 2113 uei
829 2051 942 2134 quihus
958 2052 1019 2114 alia
1038 2053 1121 2137 mala
1136 2052 1240 2118 intulit

215 2167 386 2232 ambulare.
406 2165 451 2227 itti
465 2164 518 2246 qni
533 2163 700 2226 christiano
715 2161 758 2224 ihi
772 2171 940 2226 censentur
954 2164 1094 2237 nomine,
1109 2163 1169 2227 hoc
1183 2165 1241 2228 oh·

212 2287 356 2352 seruant,
378 2277 463 2360 quod
482 2276 522 2340 de
540 2295 616 2338 uase
634 2275 687 2337 iilo
708 2293 767 2338 nec
786 2276 897 2339 hibunt
917 2295 976 2338 nec
998 2275 1182 2351 comedunt,
1207 2278 1240 2342 iu
1303 2248 1312 2262 ⁶

214 2411 277 2474 quo
293 2410 413 2453 murem
429 2388 508 2451 mori
525 2389 699 2470 continget,
715 2388 820 2451 uelde
836 2408 899 2469 quo
914 2388 999 2450 canis
1015 2390 1165 2463 comedit,
1180 2390 1242 2453 nisi

212 2502 306 2565 fuerit
329 2500 414 2582 prius
439 2521 458 2562 a
479 2520 537 2562 suo
562 2496 742 2582 presbytero
765 2501 982 2573 benedictum,
1015 2501 1122 2583 etqui
1149 2502 1240 2566 aliter

212 2613 287 2677 facit
308 2633 326 2673 a
346 2611 571 2674 christianitate
594 2611 728 2673 efficitur
750 2609 880 2674 alienus.
910 2612 935 2673 si
951 2611 1021 2692 quis
1036 2632 1145 2676 eorum
1159 2634 1239 2695 quo·

212 2743 335 2805 cunque
351 2742 424 2784 casu
439 2722 601 2784 hominem
621 2723 751 2793 occidit,
774 2742 830 2802 pro
846 2741 884 2785 eo
901 2743 960 2786 nec
975 2724 1158 2806 pecuniam,
1179 2744 1239 2787 nec

212 2833 464 2900 benedictionem
488 2830 616 2911 accipit,
642 2831 706 2892 imo
721 2832 803 2911 apud
822 2851 877 2893 eos
893 2831 1097 2895 homicidium
1119 2853 1176 2916 pro
1191 2833 1239 2895 ni·

211 2943 275 3008 hilo
299 2950 471 3024 reputatur.
494 2961 619 3004 crucem
638 2941 670 3001 in
691 2949 775 3003 tanta
795 2942 913 3005 hahent
930 2945 1131 3019 renerencia,
1153 2946 1239 3027 quod

211 3074 368 3138 pauperes
399 3053 467 3115 siue
491 3051 639 3134 indigene
663 3054 730 3116 sine
755 3054 895 3128 aduene,
926 3056 979 3137 qui
1008 3057 1239 3120 multitudinem

211 3185 320 3235 aecum
340 3166 459 3229 habere
481 3185 545 3227 non
563 3172 711 3247 possunt,
732 3166 757 3228 si
775 3185 900 3229 crucem
914 3167 1167 3250 qualemcunque
1186 3187 1239 3231 su·

212 3300 269 3363 per
282 3279 401 3342 hastam
418 3298 487 3339 cum
504 3275 619 3339 uexillo
633 3278 807 3360 posuerint,
821 3284 852 3341 et
866 3280 1018 3342 eleuatanr
1034 3280 1238 3363 portauerint,

212 3400 273 3457 tam
294 3392 376 3454 inter
393 3389 585 3454 Christianos
614 3410 705 3472 quam
729 3390 809 3453 inter
830 3409 969 3473 paganos
991 3393 1238 3472 omnitempore

212 3521 324 3582 secure
337 3502 498 3565 incedunt.

295 3614 341 3674 De
363 3615 433 3676 loco
455 3614 509 3676 illo
529 3613 643 3677 iratres
663 3614 845 3679 societatem
867 3614 987 3678 hahere
1007 3635 1072 3678 non
1094 3624 1239 3696 poterant

212 3723 422 3805 procedendi,
449 3733 578 3806 propter
598 3734 715 3789 metum
732 3729 950 3800 Teucrorum,
977 3725 1032 3807 qni
1054 3725 1237 3788 dicebantur

212 3853 283 3915 esse
297 3834 401 3895 uicini.
424 3844 552 3915 propter
566 3839 652 3916 quod
667 3838 790 3903 duobus
804 3856 843 3902 ex
857 3837 918 3899 iltis
930 3837 1172 3910 reuertentibus,
1186 3857 1238 3899 re-

211 3942 304 4027 liquis
320 3943 443 4007 duobus
458 3949 749 4024 perseuerantihus,
778 3948 811 4010 in
826 3947 938 4011 eadem
952 3953 1036 4009 terra
1056 3947 1089 4010 in
1106 3949 1237 4029 penuria

211 4056 348 4143 maxima
362 4075 418 4119 sex
433 4057 595 4120 mensibus
614 4067 688 4121 sunt
701 4059 829 4133 morati,
848 4059 931 4122 intra
945 4078 1025 4140 qnos
1043 4080 1103 4124 nec
1122 4080 1237 4143 panem

211 4188 273 4257 pec
286 4176 394 4256 potum
409 4176 514 4256 preter
528 4187 643 4269 aquam
654 4168 824 4237 habehant.
847 4169 913 4249 ,scd
927 4190 1007 4237 nnus
1021 4171 1118 4240 irater
1131 4192 1238 4241 sacer-
