2798 4764
213 322 277 407 ω
316 332 931 399 Μινηω-ιιιιιτωωυωιυι
944 274 1128 393 marm.
1158 322 1249 393 ΜΒ.

213 498 293 571 riam
313 505 479 583 presentes
498 499 606 563 literas
627 497 857 573 concessimus,
877 496 1011 579 duplicis
1032 496 1128 580 sigilli
1148 498 1250 561 nostri

213 610 386 675 munimine
399 610 574 675 roboratas.
595 590 704 674 (latum
718 628 802 674 anno
817 607 938 671 domini
950 606 1116 671 millesimo
1130 607 1249 670 ‹lucen-

214 721 327 787 tesimo
341 721 604 805 quinquagesimo
618 731 742 804 quarto,
761 722 861 785 tercio
875 720 1033 783 Kalendas
1044 719 1248 801 Septembris,

213 834 304 917 regni
318 842 423 899 autem
436 833 537 897 nostri
550 851 633 897 anno
648 833 773 897 decimo
786 852 883 896 nono.

518 1302 676 1380 BELAE
699 1302 766 1377 lv.
792 1300 950 1377 llliGlS

216 1422 735 1565 1‘1..mumrnunm
762 1460 968 1547 accrum
996 1461 1206 1547 mmsis.

233 1650 238 1657 ·
267 1662 270 1667 ·
642 1620 813 1685 MCCLlV.

469 1792 494 1845 ll
510 1788 693 1858 manuscriptis
708 1788 833 1857 Stephani
856 1788 990 1857 Kapriml.

219 2118 250 2133 κ·
300 2078 376 2143 liele
391 2078 442 2143 (lei
464 2076 760 2162 mecumgens,
780 2076 954 2150 llalmscie,
975 2076 1120 2151 Croacie,
1141 2076 1249 2152 name,

216 2190 348 2267 bornio,
375 2188 521 2265 Gallioie,
549 2188 739 2253 Lodnmeris
761 2187 978 2271 Cumanieque
1003 2208 1077 2263 rex,
1103 2189 1248 2252 omnibus

215 2302 334 2371 ilbristi
345 2302 511 2377 fidelibus,
539 2302 580 2367 au
594 2320 674 2385 quos
688 2320 822 2384 presens
835 2301 985 2384 scriptum
997 2301 1177 2383 perueniet,
1199 2320 1250 2363 ea·

217 2414 315 2479 luten
342 2414 375 2478 in
400 2414 541 2479 omnium
567 2412 737 2476 suluutore.
783 2412 850 2476 Etsi
875 2412 1015 2475 omnium
1042 2412 1248 2475 ecclesiarum

218 2526 308 2608 regni
332 2525 431 2590 nostri
453 2524 615 2588 libertates
640 2542 769 2587 seruare
792 2530 937 2588 tenemur
958 2542 1000 2588 ex
1023 2524 1129 2586 debito
1150 2523 1249 2586 nostri

216 2633 381 2716 regiminis
405 2633 556 2708 illibatas,
579 2633 726 2697 uberiore
751 2640 856 2696 tamen
881 2634 1003 2696 cautele
1029 2634 1166 2716 presidio
1188 2633 1250 2696 illis

216 2744 372 2810 debemus
387 2745 517 2818 adesse,
539 2763 606 2853 que¹
617 2752 649 2807 et
662 2744 866 2827 prerogatiua
884 2744 1035 2807 libertatis
1050 2751 1082 2807 et
1095 2743 1253 2806 excellen-

219 2853 267 2919 cia
289 2854 370 2917 tituli
389 2855 459 2937 plus
474 2856 589 2918 ceteris
605 2854 787 2938 gloriantur.
816 2855 949 2938 proinde
963 2855 1003 2918 ad
1017 2855 1250 2929 uniuersorum,

217 2974 284 3031 tam
305 2967 504 3047 presencium
522 2984 618 3049 quam
642 2974 839 3048 posterorum
864 2968 1012 3031 noticiam
1033 2966 1147 3031 barum
1169 2969 1251 3030 serie

217 3076 367 3141 uolumus
386 3075 569 3159 peruenire,
591 3078 677 3160 quod
698 3096 771 3141 curu
791 3079 942 3141 uniuerso
960 3079 1050 3161 regui
1064 3078 1198 3141 ecclesie
1212 3097 1251 3139 ex

217 3186 361 3273 generali
379 3187 561 3250 subustionc
576 3188 737 3252 Tartarice
760 3186 903 3251 nomenis
917 3188 999 3252 adeo
1013 3190 1196 3270 periissent,
1218 3198 1253 3252 ut

220 3318 304 3383 pene
327 3299 451 3380 penitus
474 3297 628 3374 desolate,
656 3307 688 3362 et
709 3300 815 3381 plures
838 3320 945 3363 earum
964 3300 1176 3383 suppeditate,
1201 3318 1252 3362 re·

217 3430 351 3494 surgere
363 3410 396 3472 in
408 3409 529 3473 iuribus
540 3410 748 3493 spiritualium
763 3419 796 3475 et
807 3412 1043 3494 temporalium,
1064 3412 1181 3494 quibus
1196 3411 1252 3474 sli-

220 3520 349 3603 quando
370 3520 479 3603 ganisa
493 3520 642 3594 fucrant,
658 3541 723 3583 nou
737 3520 896 3596 ualerent,
916 3540 975 3585 nos
989 3522 1069 3585 circa
1084 3523 1251 3586 Albensem

217 3631 387 3695 ecclesiam
408 3631 535 3704 intenti,
554 3633 814 3707 necimmerito,
834 3642 943 3716 utpote
963 3635 1016 3696 ubi
1034 3632 1148 3696 solium
1163 3634 1251 3715 regni

218 3747 256 3803 st
267 3758 385 3803 corona
398 3748 614 3816 conseruntur.
634 3748 667 3805 st
682 3742 737 3805 ubi
750 3762 843 3826 reges
856 3743 1020 3827 Hungarie
1033 3762 1125 3808 sacro
1140 3763 1252 3808 conse·

222 3850 375 3914 oracionis
388 3870 520 3915 munere
534 3860 760 3935 perunguntur,
780 3853 836 3917 ubi
851 3860 1032 3917 nostrornm
1049 3857 1149 3917 eciam
1163 3862 1252 3917 ante·

219 3962 385 4027 auorum
404 3978 494 4024 sacra
508 3979 642 4044 corpora
660 3961 879 4047 requiescunt,
898 3964 998 4046 ipsius
1012 3965 1179 4048 dispendio
1200 3984 1252 4029 ca·

217 4090 300 4139 nere
317 4081 473 4146 murus.
491 4092 533 4137 ue
554 4073 586 4135 iu
606 4074 813 4150 libertatibus,
833 4074 949 4158 quibus
968 4095 1009 4139 ex
1028 4077 1165 4161 antiquis
1179 4097 1252 4161 nro·

219 4185 401 4275 μὶιοηιι
413 4190 598 4253 mmmm
616 4185 897 4257 somtituoionibus
915 4185 1071 4255 hacteuus
1082 4185 1253 4255 inuiolabi-
