2798 4764
181 955 383 1039 uultum
408 955 640 1040 stututttl
665 955 743 1038 stu
764 954 1013 1039 uelutillut
1039 954 1156 1040 nutu.

155 1115 283 1166 Erudice
301 1116 435 1165 chartaceo
458 1114 546 1166 seculi
564 1115 622 1168 XV.
645 1114 806 1166 biblietlrecrc
829 1114 947 1180 palatine
967 1112 1180 1166 vindobonensia

238 1396 298 1470 (1)
320 1393 351 1454 Si
374 1395 443 1474 quis
465 1394 620 1476 presbiter
641 1394 783 1476 bigamus
804 1399 933 1475 propter
950 1412 1080 1454 uxorem
1102 1391 1182 1452 diui·

156 1527 229 1568 num
253 1507 389 1568 cilicium
411 1506 591 1588 reliquerit,
613 1508 696 1568 omni
720 1506 929 1569 ecclesiastica
946 1506 1095 1587 dignitate
1120 1503 1182 1587 pri·

157 1628 257 1693 uetur,
280 1628 310 1681 et
325 1620 406 1681 iuter
420 1619 516 1680 laicos
532 1620 708 1700 deputetur.

237 1735 303 1807 (2)
323 1735 491 1794 Decretum
512 1740 558 1794 est
574 1733 604 1793 in
620 1741 727 1795 sancta
748 1733 868 1815 syuodo
884 1732 923 1794 ab
939 1733 1083 1794 omnibus
1099 1731 1182 1813 epis-

157 1846 259 1926 copis,
285 1852 319 1906 ut
342 1843 477 1926 populus
502 1853 608 1906 sancte
634 1844 769 1907 ecclesie
792 1845 929 1906 decimas
955 1844 1093 1905 omnium
1119 1863 1181 1925 que

157 1958 333 2039 possident,
355 1959 438 2019 serui
460 1977 536 2019 uero
557 1957 690 2019 ecclesie
715 1956 904 2038 parochiano
928 1956 1102 2037 presbitero
1118 1962 1182 2017 tres

158 2070 303 2133 denarios
318 2069 509 2152 impendunt.

499 2304 542 2319 a..
555 2303 561 2308 .
574 2302 684 2317 -.η-α-
700 2301 841 2317 ——m

363 2453 746 2543 COLOMANNI
784 2452 978 2543 REGIS

229 2641 461 2726 llllllll'll'lll
488 2642 781 2726 tutusuutuu
824 2639 1110 2725 uersuuruuuu

361 2833 463 2877 meru
490 2834 524 2877 ru
550 2832 704 2879 cercuro
731 2833 976 2879 ccusructuusr.

615 2961 724 3023 uteru.

438 3101 478 3152 Ex
500 3101 564 3151 actis
582 3101 685 3152 concilii
702 3101 903 3152 uuasrutensts.

160 3365 311 3444 Resutacio
334 3367 504 3428 innectiture
527 3368 743 3448 episcoporum,
779 3388 866 3447 quam
888 3369 955 3447 serit
979 3387 1033 3429 rex
1059 3365 1186 3446 Unquric

508 3480 547 3539 ad
562 3481 733 3540 mandatum
744 3499 833 3560 pape.

240 3621 473 3683 Deuuuciamus
496 3620 586 3683 uobis
608 3629 696 3702 puter
711 3622 907 3694 uenerande,
929 3641 986 3684 nos
1001 3619 1062 3704 legi
1079 3622 1185 3686 diuiue

159 3733 311 3805 subditos,
333 3753 369 3794 ac
383 3734 556 3795 secuudum
573 3754 642 3796 eam
658 3735 747 3796 uobis
763 3735 884 3798 seruire
901 3744 1035 3818 paratos.
1057 3738 1187 3802 undeet

158 3846 376 3908 incestituram
398 3847 619 3929 episcoporum
642 3847 794 3910 hactenus
811 3868 829 3910 a
847 3849 1018 3913 maioribus
1036 3850 1187 3925 habitam,

160 3965 190 4019 et
211 3957 237 4020 si
260 3979 354 4040 quem
377 3959 410 4021 iu
430 3958 585 4023 electione
605 3960 785 4023 huiusmodi
805 3961 908 4023 minus
923 3963 1073 4025 canonice
1088 3970 1189 4025 retro·

160 4079 265 4133 actum
280 4080 345 4146 est,
367 4072 407 4135 dc
422 4080 540 4147 cetero,
561 4072 622 4135 deo
638 4071 764 4135 uolente
780 4074 972 4136 carebimus.
