2798 4764
219 318 281 385 l'lh
342 328 488 385 mmor
501 332 642 384 criscorr
655 334 729 382 vrrs
742 333 770 380 s.
786 333 940 382 scenam
951 332 1043 381 uois
1063 310 1123 400 (7).

218 489 341 564 colere,
375 489 494 554 monita
516 488 625 552 salutis
652 507 709 570 per
731 486 843 552 fideles
867 486 1050 552 sacerdotes
1076 487 1121 551 eis
1146 485 1249 550 distri·

217 600 346 668 busndo
373 598 534 683 compulit.
575 599 767 682 tandemque
788 599 932 663 hostibus
955 598 1065 674 uictis,
1096 605 1247 682 experte

218 714 308 788 cesis,
330 721 362 778 et
383 733 423 776 ex
442 720 532 795 porte
553 711 652 794 captis
675 718 706 776 et
727 711 871 793 alligatis,
891 711 956 775 dux
976 710 1078 774 uictor
1091 727 1160 775 cum
1180 709 1247 773 suis

218 826 350 889 uictoris
374 824 457 889 dona
486 823 670 907 reportauit.
712 831 906 906 quapropter
932 822 971 885 de
996 822 1247 906 possessionibus

218 952 328 1000 eorum
343 933 452 998 tamin
467 934 549 1017 agris
564 953 658 1016 quam
673 933 705 995 in
720 932 803 996 uillis
818 934 978 1016 sapienter
991 933 1160 1008 iudicauit,
1181 951 1247 995 non

217 1045 300 1111 sicut
312 1044 471 1128 quondam
487 1044 578 1119 Saul,
598 1044 653 1126 qui
675 1044 799 1107 deuicto
817 1042 968 1107 Amalech
990 1042 1030 1107 de
1049 1042 1158 1127 spoliis
1178 1043 1248 1107 eius

219 1156 347 1221 domino
361 1156 548 1240 prohibente
562 1156 693 1220 meliora
707 1155 857 1239 elegerat.
887 1157 943 1220 sed
959 1156 1109 1239 quoniam
1122 1156 1248 1219 Panno·

217 1268 271 1334 nia
285 1269 369 1333 beati
384 1267 541 1352 pontificis
556 1267 680 1332 Martini
694 1267 857 1332 natiuitate
871 1267 1032 1351 gloriatur,
1045 1267 1134 1333 cuius
1148 1267 1247 1331 eciam

218 1378 487 1465 patrocinantibus
510 1378 629 1443 meritis
652 1378 702 1441 uir
716 1377 839 1443 Christo
858 1377 974 1452 fidelis,
996 1377 1109 1441 utiam
1130 1377 1247 1442 dictum

218 1496 283 1566 est,
305 1490 344 1554 de
365 1489 507 1553 hostibus
528 1488 693 1553 uictoriam
714 1497 950 1572 reportauerat,
975 1487 1073 1575 nichil
1093 1510 1133 1554 ex
1152 1490 1247 1554 rebus

219 1620 331 1667 eornm
345 1602 385 1667 ad
399 1623 479 1685 opus
492 1602 541 1665 sui
554 1620 733 1677 reserusns,
746 1600 822 1665 inito
837 1620 908 1664 cum
922 1600 1091 1684 theophilis
1105 1600 1248 1675 consilio,

219 1711 307 1777 iuxta
320 1710 453 1775 fundum
466 1712 565 1775 sancti
579 1710 730 1794 presulis,
762 1711 795 1774 in
808 1709 880 1775 loco
895 1711 950 1795 qui
961 1731 1052 1776 sacer
1065 1731 1157 1776 mons
1171 1710 1248 1775 dici-

218 1830 279 1897 tur,
294 1822 346 1888 ubi
361 1830 489 1887 sanctus
503 1822 666 1897 Martinus,
680 1842 750 1886 cum
768 1822 872 1886 adbuc
886 1823 920 1885 in
933 1824 1094 1886 Pannonia
1107 1822 1248 1906 degeret,

220 1933 377 2001 oracionis
394 1932 453 1996 sibi
474 1933 578 1997 locum
598 1934 829 2017 assignauerat,
850 1935 910 1998 sub
923 1935 1012 1999 titulo
1026 1934 1126 2017 ipsius
1139 1952 1249 1997 meua-

219 2045 349 2111 sterium
374 2045 565 2110 constituere
591 2047 688 2127 cepit,
727 2046 976 2129 possessionibus
1001 2054 1034 2112 et
1056 2046 1248 2120 redditibus,

218 2136 403 2240 cunctisque
423 2155 768 2231 sufficieuciisditauit,
796 2164 828 2222 et
840 2157 939 2241 ipsius
952 2158 1101 2242 suffragio
1114 2158 1249 2221 domito·

219 2286 290 2333 rum
304 2266 568 2331 decimacionibus
588 2267 689 2332 simile
710 2267 786 2332 lecit
799 2269 980 2351 episcopiis,
1002 2269 1194 2333 constituens
1208 2288 1249 2331 ex

222 2378 369 2445 omnibus
384 2398 495 2443 eorum
509 2376 707 2442 facultatibus
722 2385 785 2442 tam
799 2379 904 2443 stricte
919 2379 1057 2444 decimas
1071 2379 1153 2455 dari,
1174 2388 1209 2444 ut
1222 2380 1249 2443 si

220 2492 273 2555 cui
294 2491 405 2554 decem
426 2490 543 2554 liberos
561 2489 680 2554 habere
704 2490 918 2574 contingeret,
950 2491 1103 2557 decimam
1126 2489 1249 2576 prolem

219 2601 319 2666 sancti
333 2601 459 2664 Martini
473 2601 607 2667 cenobio
620 2602 720 2665 daret

305 2821 352 2904 (7)
373 2823 510 2887 Deuictis
528 2843 605 2887 uero
619 2823 761 2888 hostibus
776 2823 891 2888 Christi
912 2823 1003 2889 miles
1021 2824 1136 2909 gaudio
1157 2825 1249 2909 spiri·

220 2935 299 3000 tnali
319 2936 469 3017 repletus,
490 2935 590 2999 tocius
609 2935 727 3019 ingenii
748 2936 913 3002 consilium
932 2936 1107 3023 euangelici
1122 2937 1249 3001 seminis

212 3042 366 3112 'decreuit
378 3046 448 3111 fore
462 3046 712 3130 receptaculum,
733 3049 914 3114 elemosinis
933 3056 965 3112 et
979 3049 1178 3113 oracionibus
1193 3069 1249 3113 ua·

220 3178 308 3235 cens,
328 3158 511 3243 frequenter
525 3161 703 3242 pauimento
719 3169 827 3225 sancte
842 3160 955 3223 domus
968 3159 1137 3235 adherens,
1158 3159 1250 3224 lacri-

221 3270 281 3336 mis
294 3270 402 3335 edusis
416 3270 643 3353 perlectionem
657 3269 811 3354 propositi
825 3272 874 3335 sni
888 3270 1008 3335 domini
1023 3271 1179 3334 commisit
1191 3291 1250 3335 uo·

220 3378 349 3458 lentati,
377 3383 482 3467 utqui
502 3384 571 3447 sinc
591 3384 661 3467 ipso
682 3382 777 3447 nichil
796 3403 890 3467 agere
914 3385 1051 3459 ualeret,
1077 3384 1249 3468 opitulante

215 3494 439 3578 'disposicionis
459 3496 557 3580 ipsius
580 3495 782 3578 explecione,
802 3494 921 3559 bonum
941 3495 1028 3580 quod
1047 3495 1250 3580 cogitauerat,

222 3622 294 3667 cum
315 3606 499 3688 lncepcione
521 3609 672 3670 uirtutum
692 3607 732 3671 sd
753 3604 849 3671 finem
871 3607 1048 3690 perducere
1068 3616 1184 3690 posset.
1209 3605 1249 3670 sd

221 3712 283 3776 hoc
298 3714 393 3798 igitur
406 3716 620 3799 incipiendum
636 3725 668 3780 et
682 3717 985 3799 consummandum,
1006 3718 1156 3800 quoniam
1170 3715 1250 3780 hde-

220 3822 298 3889 llum
320 3825 436 3889 Christi
460 3828 636 3891 consultum
658 3828 795 3893 habebat
815 3828 1046 3902 necessarium,
1073 3828 1198 3891 nunciis
1219 3836 1251 3892 et

221 3934 335 4001 litteris
355 3936 389 3999 in
403 3955 513 4003 omnes
527 3947 634 4022 parces
647 3960 740 4005 suum
754 3938 929 4024 diuulgauit
950 3937 1151 4003 desiderium.
1176 3939 1251 4007 inde

222 4047 313 4115 multi
325 4044 493 4132 presbiteri
507 4058 539 4114 et
549 4049 664 4127 clerici,
678 4050 806 4135 spiritus
815 4046 959 4135 paracliti
969 4048 1154 4116 uisitacioue
1165 4072 1252 4117 com·

214 4160 348 4251 puncti,
377 4158 496 4228 relictis
517 4159 646 4228 sedibus
670 4161 823 4249 propriis,
852 4158 1016 4249 clegerunt
1038 4182 1097 4250 pro
1122 4164 1251 4234 dominc
