2798 4764
234 338 297 417 tte
563 358 637 419 rara
657 357 835 418 ammaus
856 336 934 422 tto).

235 514 325 598 piens
341 513 507 578 heremum
520 512 631 594 peciit,
652 533 715 596 que
733 511 831 595 urdgo
843 509 919 577 Beel
932 518 1074 587 uocatur,
1095 512 1151 577 ubi
1163 515 1265 579 couti-

234 628 307 691 nuis
330 634 457 709 septem¹
477 625 567 688 annis
592 604 715 690 ieiumis
744 633 779 689 et
800 625 999 690 oracionibus
1026 633 1060 689 et
1086 625 1265 707 uigiliarum

235 739 397 804 exerciciis
412 738 552 814 deditus,
572 738 741 803 immobdis
760 738 929 813 remansit,
949 736 1099 801 edificans
1118 739 1178 802 sibi
1200 739 1265 803 cel·

234 850 313 922 lam,
332 851 365 914 in
379 868 443 933 qua
457 850 595 913 dictabat
607 848 724 923 libros,
743 869 824 933 quos
838 849 966 931 propria
980 868 1076 913 manu
1096 851 1264 916 scribebat.

234 963 372 1046 quadam
392 970 499 1026 autem
520 961 572 1024 die
594 960 669 1024 dum
691 961 837 1036 dictaret,
866 969 898 1024 et
921 982 977 1044 pre
998 962 1095 1025 nimia
1112 963 1264 1046 imagina-

192 1093 196 1103 ·
234 1076 327 1141 cisne
344 1075 425 1139 forte
446 1074 615 1138 dormitare
633 1073 783 1155 cepisset,
804 1074 892 1137 uenit
905 1093 1000 1137 cerua
1014 1093 1162 1139 unacum
1175 1075 1263 1158 pulle

233 1207 304 1263 suo,
326 1194 406 1251 etse
421 1185 510 1251 iuxta
523 1204 596 1249 eum
611 1184 644 1247 in
658 1193 742 1248 terra
756 1184 848 1261 ambo
863 1185 1090 1267 deposuerunt.
1116 1205 1192 1250 ecce
1206 1205 1264 1255 att*

233 1307 299 1365 tem
313 1318 426 1362 oerum
439 1297 566 1380 fugiens
579 1305 652 1361 ante
666 1297 774 1378 lupum
787 1296 910 1378 impetu
927 1315 1043 1378 magno
1058 1296 1151 1361 irruit
1166 1315 1265 1380 super

234 1428 308 1488 eos,
329 1410 414 1472 unde
428 1427 524 1473 cerua
538 1407 664 1490 fugiens
683 1407 786 1490 ipsum
802 1405 924 1489 pullum
937 1407 1022 1471 eirca
1036 1407 1172 1472 electum
1189 1406 1264 1472 reli·

234 1522 321 1603 quit,
341 1520 396 1603 qui
414 1518 513 1584 latere
534 1521 683 1603 cupiens,
704 1526 910 1583 atramentum
930 1519 998 1582 eius
1012 1539 1076 1602 quo
1090 1520 1263 1597 scribebat,

233 1631 268 1697 in
282 1638 399 1696 terram
413 1629 578 1695 subuertit.
599 1630 728 1693 domum
742 1637 847 1693 autem
861 1629 1040 1694 uenientem
1056 1629 1157 1711 pullus
1171 1650 1264 1697 secu-

231 1748 285 1807 <tus
300 1748 363 1816 est,
384 1759 532 1823 paneque
544 1740 690 1814 cubitus,
707 1740 841 1822 amplius
856 1741 950 1804 abeo
965 1761 1030 1806 non
1042 1743 1181 1809 recessit
1201 1742 1263 1807 alio

235 1859 341 1916 autem
355 1859 496 1932 tempore
515 1860 638 1917 sanetus
653 1850 833 1917 Gerbardus
854 1872 927 1915 cum
939 1861 1080 1935 portaret
1091 1854 1264 1931 sarcinam,

235 1972 307 2031 ante
327 1972 451 2046 portam
469 1961 578 2046 lupum
596 1962 753 2027 iacentem
766 1964 893 2045 reperit.
921 1985 1015 2047 quem
1030 1985 1102 2029 oum
1116 1966 1265 2030 uolnera-

234 2083 302 2141 tum
319 2095 389 2140 csse
410 2075 624 2159 conspiceret,
645 2084 766 2158 portam
787 2077 817 2141 ei
837 2078 999 2160 apperuit,
1020 2077 1176 2162 lupusque
1191 2097 1263 2142 eum

235 2187 427 2253 ecintrauit.
448 2206 521 2250 cum
541 2194 648 2252 autem
667 2189 822 2252 sarcinam
845 2189 1059 2270 deposuisset,
1080 2189 1173 2272 lupus
1188 2199 1260 2255 ante

233 2302 333 2385 pedes
347 2303 414 2366 eius
428 2300 461 2364 in
474 2307 592 2365 terram
605 2321 640 2364 se
654 2301 837 2384 prostrauit,
857 2320 918 2365 nec
928 2301 1016 2385 prius
1029 2302 1180 2377 surrexit,
1201 2303 1262 2368 nid

232 2414 400 2479 sanitatem
418 2412 584 2495 reciperet.
611 2413 725 2477 abillo
747 2423 853 2477 autem
874 2414 926 2477 die
947 2423 1010 2485 tam
1028 2413 1132 2497 pullus
1147 2434 1259 2490 cerne,

233 2544 329 2605 quam
349 2524 442 2606 lupus
462 2524 504 2585 ibi
523 2533 784 2605 permanserunt,
804 2533 836 2588 ct
856 2525 984 2590 exibant
1001 2545 1060 2608 per
1075 2535 1199 2607 portam
1221 2527 1261 2591 ad

231 2654 366 2717 pascua,
387 2644 419 2698 et
432 2636 652 2716 pascebantur,
673 2656 731 2699 nee
747 2637 931 2700 alterutrum
946 2638 1165 2701 molestabant.

316 2853 382 2940 (to)
403 2858 438 2920 la
452 2857 564 2920 diebus
577 2857 639 2921 illis
654 2866 720 2921 erat
730 2859 857 2943 quidam
872 2862 1017 2943 princeps
1030 2860 1063 2922 in
1076 2862 1155 2925 urbe
1165 2860 1261 2923 llori·

232 2989 310 3034 sena
323 2969 450 3033 nomine
463 2969 615 3044 Acbtum,
636 2980 748 3054 potens
763 2971 866 3035 ualde.
895 2973 950 3056 qui
969 2973 1144 3037 seeundum
1165 2973 1259 3041 ritum

233 3082 405 3146 Greeorum
424 3082 457 3144 in
471 3081 598 3146 ciuitate
611 3083 714 3147 lludin
733 3083 838 3150 luerat
851 3084 1037 3166 baptizatus.
1064 3086 1117 3168 qui
1131 3085 1260 3148 nimium

231 3193 424 3278 gloriabatur
438 3194 471 3256 iu
486 3192 602 3258 uirtute
618 3202 651 3258 et
664 3195 811 3278 potencia
825 3215 894 3261 sua.
913 3196 1050 3262 habebat
1063 3205 1168 3262 autem
1187 3215 1260 3280 tep-

209 3290 295 3374 ⁶tem
307 3326 441 3381 uxores,
462 3325 519 3388 pro
534 3325 573 3370 ec
589 3308 676 3389 quod
696 3307 730 3371 iu
744 3307 899 3390 religione
913 3309 1081 3374 christiana
1100 3309 1259 3391 perlectus

229 3439 294 3483 non
309 3421 421 3485 luerat
441 3419 508 3502 regi
523 3427 628 3484 autem
643 3420 803 3503 Stephano
817 3421 973 3487 bonorem
994 3422 1120 3485 minime
1137 3421 1259 3502 impen-

230 3530 340 3607 debat,
361 3531 524 3597 ocnlidens
543 3533 577 3596 in
598 3534 799 3597 multitudine
818 3535 950 3600 militum
972 3542 1005 3599 et
1017 3533 1167 3599 nobilium
1183 3550 1258 3597 ωο-

229 3658 316 3716 rum,
337 3663 434 3724 supra
448 3664 528 3725 quos
543 3646 716 3709 dominium
730 3647 908 3711 exercebat.
928 3664 1083 3728 equorum
1097 3642 1196 3704 eciam
1210 3641 1257 3702 in-

229 3752 420 3816 domitorum
432 3756 663 3820 multitudinem
677 3757 815 3821 habebat
827 3753 1096 3825 innumerabilem,
1115 3751 1257 3833 exeeptis

227 3861 295 3938 tte,
325 3882 406 3945 quos
428 3872 572 3946 pastores
599 3868 632 3930 in
659 3868 804 3932 domibus
827 3865 888 3929 sule
910 3863 1054 3930 custodia
1077 3864 1257 3927 seruabant.

228 3981 318 4038 erant
339 3974 371 4038 ei
389 3983 420 4038 et
443 3994 557 4056 pecora
575 3977 710 4053 infinita,
731 3995 794 4062 que
812 3977 919 4039 omnia
930 3975 1091 4042 habebant
1112 3985 1258 4059 pastores

151 4174 157 4181 1
226 4102 303 4151 euos
316 4087 493 4169 deputatos,
512 4088 643 4171 insuper
656 4088 773 4154 allodia
786 4100 819 4158 et
832 4088 946 4152 corias.
968 4096 1000 4154 et
1014 4090 1185 4173 usurpabat
1198 4090 1257 4155 sibi

228 4207 415 4295 potestatem
426 4218 526 4287 supr
538 4199 624 4269 sales
634 4200 721 4285 rcp'u
731 4201 965 4273 mmmm
975 4202 1011 4269 ia
1019 4203 1169 4282 limonio,
1179 4221 1256 4267 coa·
