2798 4764
231 351 272 420 bb
507 373 593 421 naon
615 375 660 420 ιιι.
682 374 772 420 neers
794 372 944 420 urnsnrss

211 551 297 604 rum,
325 530 358 592 in
383 529 501 592 oetauis
527 531 625 592 sancti
650 531 789 602 Martini,
816 531 987 593 eximentes
1014 532 1118 592 omnia
1139 531 1240 603 bona,

212 643 428 726 possessiones
446 652 476 704 et
489 643 621 724 populos
636 643 733 723 ipsius
750 641 881 704 ecclesie
897 663 915 703 a
930 650 1082 722 potestate
1102 645 1240 705 omnium

213 753 404 827 uillicorum,
436 753 466 815 in
490 754 634 816 omnibus
657 754 784 816 omnino
807 755 1002 816 comitatibus
1023 763 1053 817 et
1073 755 1241 835 prouinciis

214 867 314 928 tocius
329 867 417 948 regni
433 866 542 929 nostri.

296 974 343 1058 (5)
366 980 442 1040 ltem
458 999 554 1060 super
569 977 710 1042 libertate
728 978 915 1061 populorum
932 979 1064 1041 ecclesie
1080 980 1242 1061 Quinque-

214 1089 428 1163 ecclesiensis,
451 1098 541 1171 pront
566 1091 606 1152 ab
631 1092 698 1172 ipsa
723 1092 771 1152 sui
797 1089 984 1152 fundacione
1007 1092 1139 1153 eandem
1164 1092 1242 1152 obti-

213 1203 319 1266 nuisse
343 1204 551 1284 comperimus
570 1203 632 1264 boc
654 1203 869 1265 corrfirmando
893 1205 1059 1275 sancimus,
1081 1204 1168 1285 qnod
1188 1224 1243 1284 po-

214 1312 306 1398 pulos
331 1314 462 1377 ecclesie
488 1315 601 1395 ipsius,
634 1315 781 1377 uidelicet
808 1315 992 1395 iobagiones
1017 1313 1144 1386 liberos,
1175 1315 1242 1376 siue

216 1427 315 1489 eciam
335 1425 568 1489 condicionales
590 1426 770 1507 bospitesue
790 1427 929 1488 eiusdem
953 1426 1096 1499 ecclesie,
1117 1434 1150 1487 ut
1171 1434 1244 1487 sunt

217 1538 302 1601 ciues
317 1540 364 1600 sni
380 1538 752 1620 Quinqueecelesienscs,
773 1540 847 1602 item
864 1540 903 1601 de
918 1538 985 1601 aliis
1000 1539 1140 1621 populis,
1163 1558 1242 1620 quos

217 1648 251 1711 in
271 1648 402 1709 diuersis
423 1649 564 1729 partibus
588 1651 674 1731 regni
691 1652 785 1712 nostri
801 1651 918 1712 habere
935 1650 1116 1723 dinoscitur,
1139 1650 1244 1712 cuius-

218 1776 341 1839 cunque
366 1758 482 1821 snerint
504 1761 696 1822 condicionis
721 1770 752 1822 et
774 1770 887 1834 status,
916 1763 940 1822 sl
963 1781 1033 1823 cum
1055 1763 1129 1842 ipsis
1151 1760 1245 1823 fuerit

217 1870 384 1951 litigatum,
400 1871 439 1932 de
454 1871 550 1951 ipsius
566 1871 696 1933 ecclesie
712 1872 834 1953 populis
850 1882 957 1935 contra
973 1875 1099 1936 eosdem
1115 1874 1245 1934 iudicia-

216 1981 288 2045 liter
302 1983 437 2046 debeant
452 1992 548 2045 testes
564 1984 630 2046 dari
645 1984 695 2046 uel
711 1985 851 2065 produci.

299 2095 343 2177 (ot
367 2097 444 2159 ltem
468 2096 500 2157 in
525 2096 669 2159 omnibus
694 2096 874 2159 transitibus
899 2096 1067 2158 llrrniorum
1092 2095 1143 2157 uel
1165 2115 1244 2177 pou-

218 2209 317 2281 cium,
337 2208 516 2290 ubicunque
539 2228 556 2268 a
579 2216 685 2269 nostra
707 2208 810 2288 gracia
825 2227 1010 2268 concessum
1025 2228 1095 2270 esse
1111 2227 1245 2289 cognos-

218 2322 306 2395 citur,
327 2321 360 2383 in
383 2320 498 2383 diecesi
521 2340 577 2382 sna
598 2328 713 2381 cottam
736 2321 803 2401 ipse
819 2319 984 2399 episeopus
1005 2321 1115 2381 iustam
1138 2319 1244 2382 tributi

218 2434 370 2497 decimam
386 2439 607 2514 consequatur,
630 2431 714 2513 quod
735 2431 838 2512 ipsum
854 2451 923 2492 esse
939 2450 1103 2492 commune
1125 2429 1173 2491 ius
1188 2450 1245 2491 no·

218 2546 320 2608 nimus
336 2546 480 2606 omuibus
495 2542 727 2606 cathedralibus
743 2541 883 2606 ecclesiis
898 2543 987 2624 regni
1003 2543 1111 2604 nostri.

301 2654 349 2735 (7)
372 2657 517 2717 Similiter
533 2656 629 2718 eciam
646 2655 677 2717 in
695 2655 838 2716 omnibus
857 2653 934 2714 soris
950 2654 1077 2726 nostris,
1099 2663 1129 2716 et
1145 2655 1243 2716 eciam

218 2767 349 2830 aliorum
364 2766 521 2839 locorum,
543 2768 574 2828 in
590 2768 703 2850 quibus
719 2767 865 2828 tributum
883 2786 1000 2826 nouum
1015 2766 1065 2826 uel
1082 2765 1243 2847 antiquum

219 2882 337 2962 aregia
353 2879 593 2961 quibuscunque
616 2880 719 2961 gracia
741 2887 788 2939 est
810 2878 979 2950 indultum,
1001 2897 1095 2959 quam
1114 2879 1244 2958 quicun-

218 3013 280 3076 que
296 2993 418 3055 soluere
432 2993 652 3074 denegauerit,
674 2992 756 3054 illius
771 2990 977 3072 possessionis
993 3010 1104 3052 reuera
1120 2992 1243 3071 perieu-

218 3104 299 3179 lum,
321 3107 346 3167 si
363 3107 521 3188 probatur,
543 3106 688 3167 incurrat.

301 3217 344 3299 (8)
367 3220 444 3280 ltem
465 3219 495 3280 in
515 3217 659 3280 omnibus
676 3218 818 3278 censibus
834 3217 1011 3279 marturinis
1026 3225 1132 3278 nostre
1148 3217 1244 3278 maie-

218 3329 288 3394 stati
312 3329 362 3392 uel
383 3328 509 3392 banatui
530 3329 659 3403 debitis,
681 3329 748 3410 ipsa
763 3329 896 3390 ecclesia
916 3329 947 3389 in
962 3348 1018 3390 sua
1034 3328 1150 3390 diecesi
1165 3329 1244 3390 inte-

218 3463 289 3526 gras
316 3443 467 3524 percipiat
493 3443 646 3517 decimas,
677 3443 757 3504 sicut
783 3443 821 3503 ab
846 3441 975 3522 antiquo
998 3461 1122 3521 semper
1145 3440 1245 3503 extitit

218 3555 430 3618 obseruatum.
458 3576 516 3618 nec
538 3555 724 3617 collectores
745 3555 893 3616 dictarum
920 3555 1158 3616 marturinarum
1178 3553 1244 3613 siue

218 3664 344 3726 homine
365 3666 481 3727 domini
508 3667 646 3747 episcopi
672 3667 783 3728 alicubi
808 3667 839 3727 in
864 3668 1022 3747 prouincia
1046 3665 1245 3745 recipiantur,

218 3794 276 3836 nec
302 3776 407 3837 dicare
436 3787 634 3857 presumant,
670 3778 746 3839 alias
772 3779 899 3840 omnino
925 3779 1091 3857 episcopus
1117 3776 1244 3836 eosdem

218 3886 317 3968 possit
331 3890 613 3952 excommunicare.
635 3889 750 3971 passim
766 3888 881 3951 fuerint
895 3933 903 3948 .
915 3932 922 3948 .
935 3932 963 3948 ..
978 3905 1245 3968 unumquemque,

219 4005 251 4063 et
263 3999 393 4080 insuper
407 3999 555 4063 damnum
569 4021 625 4064 soe
640 4001 756 4064 illatum
773 3999 905 4063 ecclesie
925 3999 963 4062 ab
979 3999 1098 4062 eisdem
1117 3997 1246 4060 iudicia·

216 4110 289 4180 liter
303 4123 543 4196 consequuntur.

300 4222 344 4316 (9)
365 4227 441 4295 ltem
454 4223 645 4316 precipimus
660 4245 770 4298 omnes
784 4224 934 4296 officiales
948 4224 1099 4306 ecclesie,
1121 4224 1176 4319 qut
1191 4224 1245 4294 de·
