2798 4764
287 378 434 427 rranrrrrr
447 380 585 427 rnrscorr
599 382 672 428 vua
691 382 716 426 s.
729 381 881 430 srrruuu
901 382 992 431 mors
1013 338 1088 450 tto).
1139 364 1197 432 tra

169 554 231 616 que
252 533 459 614 precedebat,
488 553 571 616 pape
591 553 647 616 per
668 534 771 596 uisum
792 535 910 598 domiui
931 537 1064 600 nuncius
1086 536 1199 613 astitit,

171 645 221 707 cui
245 653 276 708 et
302 645 393 706 dixit:
417 645 550 708 crastina
575 646 626 707 die
652 646 752 727 prima
777 646 838 708 diei
863 646 940 708 bora
964 648 1071 730 ignote
1096 649 1198 731 gentis

171 756 302 817 nuncios
326 755 366 817 ad
388 763 418 818 te
439 764 589 819 uenturos
611 776 681 819 esse
697 758 897 839 cognoueris,
918 757 972 839 qui
986 778 1043 820 suo
1059 760 1129 822 duci
1145 780 1199 824 co·

170 884 280 928 ronam
303 885 321 927 a
343 871 374 927 te
396 865 515 946 regiam
538 866 609 931 curn
630 866 858 929 benedictionis
878 869 1048 950 apostolice
1068 890 1198 936 munere

170 976 364 1058 flagitabunt.
392 995 541 1037 coronam
561 996 637 1058 ergo
659 996 752 1058 quam
768 979 929 1059 preparari
945 978 1061 1052 iecisti,
1089 999 1199 1044 eorum

171 1086 259 1160 duci,
280 1094 376 1169 prout
398 1094 536 1167 peteret,
557 1106 648 1148 cures
669 1088 738 1150 sine
760 1088 963 1151 cunctacione
986 1088 1101 1171 largiri.
1134 1089 1200 1154 Sibi

172 1197 255 1259 euim
271 1215 341 1259 eam
357 1215 426 1258 cum
442 1197 530 1279 regni
546 1196 661 1278 gloria,
683 1217 740 1279 pro
762 1198 825 1261 uite
847 1218 903 1261 sue
919 1199 1037 1262 meritis
1052 1200 1128 1262 scito
1143 1198 1200 1262 de·

172 1308 250 1371 beri.
281 1308 367 1371 iuxta
390 1308 485 1390 igitur
509 1307 602 1370 huius
628 1308 757 1370 uisionis
781 1308 926 1383 modum,
953 1309 1127 1391 prescripta
1149 1328 1200 1373 se·

174 1419 298 1502 quentis
313 1419 376 1481 diei
389 1419 482 1491 hora,
504 1416 612 1499 presul
626 1419 770 1482 Ascricus
786 1420 826 1481 ad
841 1438 954 1501 papam
970 1421 1129 1501 peruenit,
1145 1420 1200 1503 qui

175 1528 311 1592 officium
325 1529 497 1591 iniunctum
513 1528 571 1590 sibi
584 1530 757 1611 prudenter
771 1550 941 1611 exequens,
956 1532 1094 1594 etsaucti
1110 1531 1199 1595 ducis

107 1728 112 1735 .
173 1653 262 1728 gesta
275 1644 427 1718 referens,
448 1645 558 1707 ordine
573 1645 612 1706 ab
624 1645 793 1726 apostolica
808 1645 894 1719 sede,
916 1664 977 1728 que
993 1647 1200 1728 premisimus,

172 1757 304 1838 insignia
325 1755 509 1837 postulauit,
538 1757 680 1819 indicans
694 1777 766 1820 eum
782 1757 909 1839 dignum
925 1757 993 1821 iore
1009 1756 1061 1820 tali
1076 1757 1199 1823 bonore

174 1877 205 1932 et
220 1869 380 1951 dignitate,
401 1867 453 1949 qui
469 1868 574 1950 piures
589 1877 698 1951 gentes
712 1889 770 1950 per
785 1870 835 1932 dci
850 1869 1039 1933 adiutorium
1052 1870 1111 1932 sibi
1126 1871 1200 1933 sub-

174 1979 328 2061 iugasset,
350 1987 383 2041 et
396 1977 508 2041 multos
524 1978 665 2041 infideles
679 2000 736 2061 per
749 1999 838 2042 suam
852 1979 1029 2061 potenciam
1045 1980 1084 2042 ad
1100 1980 1201 2043 domi·

174 2111 248 2152 num
272 2091 488 2152 conuertisset.
516 2090 630 2171 quibus
653 2091 781 2164 auditis,
813 2090 883 2154 alde
904 2090 1030 2173 gauisus
1052 2074 1222 2154 romanus

175 2202 329 2284 pontifex,
351 2211 462 2264 cuncta
477 2210 571 2283 prout
585 2201 709 2264 fueraut
731 2201 902 2283 postulata,
923 2202 1058 2283 benigne
1073 2220 1202 2265 conces-

172 2314 220 2376 sit,
251 2332 376 2376 crucem
398 2313 527 2394 insuper
549 2321 620 2374 ante
642 2314 707 2395 regi
725 2312 906 2387 terendam,
928 2312 1015 2374 uelut
1029 2313 1061 2373 in
1076 2312 1200 2394 siguum
1240 2323 1245 2337 '

173 2424 366 2506 apostolatus
381 2424 473 2486 misit
496 2442 566 2505 ego,
587 2423 743 2505 inquiens,
758 2444 826 2484 sum
842 2423 1041 2504 apostolicus,
1056 2423 1107 2485 ilie
1123 2441 1200 2486 uero

101 2604 103 2609 Α
173 2535 282 2598 merito
299 2535 413 2598 Christi
435 2534 613 2617 apostolus,
634 2553 802 2616 perquem
826 2542 945 2595 tantum
966 2533 1025 2595 sibi
1049 2530 1200 2615 populum

173 2648 313 2711 Christus
328 2646 491 2708 conuertit.
511 2653 704 2728 quapropter
720 2645 921 2728 disposicioui
936 2645 1092 2721 eiusdem,
1108 2652 1201 2727 prout

173 2759 279 2822 diuina
300 2758 403 2841 ipsum
425 2758 530 2841 gracia
548 2757 688 2833 instruit,
711 2758 858 2820 ccclesias
879 2758 930 2820 dei
951 2758 1044 2822 simul
1058 2779 1129 2820 cum
1143 2778 1201 2842 po-

174 2871 254 2954 pulis
279 2879 413 2952 utroque
439 2869 507 2933 iure
532 2868 731 2944 ordinandis,
763 2870 979 2952 relinquimus.
1028 2868 1201 2953 impetratis

174 3003 249 3066 ergo
264 2982 424 3057 omnibus,
444 2987 539 3064 prout
558 2981 667 3064 peciit,
688 2981 795 3063 presul
810 2981 955 3047 Ascricus
976 2981 1057 3044 letus
1071 2982 1112 3044 ad
1125 3002 1202 3065 pro·

173 3095 242 3178 pria
260 3094 430 3167 remeauit,
451 3112 558 3155 secum
580 3093 704 3167 ierens,
725 3102 854 3175 propter
876 3114 938 3175 que
959 3095 1120 3175 inceptum
1141 3070 1202 3159 iter

174 3223 325 3286 prospere
346 3211 522 3285 peregerat
550 3203 781 3266 benedictionis
803 3223 879 3286 ergo
900 3202 1072 3286 apostolice
1092 3202 1202 3267 litteris

177 3335 247 3378 cum
272 3334 388 3378 corona
408 3321 440 3377 et
460 3334 553 3378 cruce
573 3314 664 3377 simul
686 3314 803 3390 allatis,
825 3314 1002 3396 presulibus
1017 3335 1088 3376 cum
1107 3312 1203 3388 clero,

177 3426 341 3490 comitibus
355 3446 424 3488 cum
439 3426 567 3509 populo,
587 3426 697 3489 laudes
708 3446 862 3508 congruas
876 3424 1134 3499 adclamantibus,
1155 3424 1202 3489 di-

178 3539 277 3601 lectus
301 3536 361 3600 deo
385 3536 561 3620 Stephanus
586 3558 641 3600 rex
665 3536 859 3620 appellatus,
895 3537 1043 3599 unctione
1067 3536 1202 3602 crismali

177 3657 356 3730 perunctus,
377 3648 554 3712 diademate
575 3648 688 3731 regalis
702 3648 861 3731 diguitatis
875 3646 1010 3710 feliciter
1024 3655 1204 3715 coronatur.

259 3868 325 3954 (10)
346 3872 421 3936 Post
435 3881 598 3956 acceptum
613 3872 728 3956 regalis
743 3870 931 3937 excellencie
945 3872 1086 3954 siguum,
1103 3868 1203 3955 qualis

177 3984 241 4047 uite
255 3984 304 4047 uir
318 3991 351 4048 et
366 3983 568 4048 discrecionis
582 3984 693 4060 fuerit,
714 4003 786 4047 cum
800 3984 955 4068 episcopis
974 3993 1005 4049 et
1019 3972 1204 4066 primatibus

174 4078 337 4178 'llungnrie
352 4103 501 4159 statutum
517 4115 583 4160 ase
600 4096 758 4161 decretum
773 4094 973 4160 manifestum
987 4094 1070 4159 iacit.
1091 4094 1124 4157 in
1139 4111 1202 4176 quo

178 4208 297 4272 scilicet
311 4208 556 4290 uniuscuiusque
568 4207 660 4291 culpe
671 4202 862 4273 contrarium
876 4206 1006 4272 dictauit
1019 4205 1203 4271 antidotum.
