2798 4764
436 389 565 436 crorum
582 370 885 456 nouuuorurrtss).
1129 366 1182 440 td

228 546 300 624 Quo
315 553 465 609 coronato
481 547 544 609 dux
558 546 689 611 recessit
702 548 734 610 in
749 546 942 611 Corinthium
963 555 996 612 et
1011 548 1055 612 ihi
1070 555 1172 612 metus
1290 525 1294 543 ι

146 661 260 747 posuit
286 659 451 723 eratenim
471 659 644 721 timor'cius
665 660 881 742 superomnia
902 671 1049 724 montana
1062 660 1169 724 Corin*

144 773 210 837 thie
232 781 263 836 et
276 770 438 835 tiemonis
460 779 492 834 ct
504 772 648 846 itnstrie,
668 773 742 855 quin
764 793 822 855 per
836 773 991 835 Austrionr
1010 792 1083 836 curn
1101 774 1183 841 uic's,

145 885 224 949 toris
239 883 400 946 Potonium
415 883 561 946 reuersus
576 883 670 947 estin
683 883 843 947 ciuitatem
859 883 1052 947 Crscouinm.

226 998 302 1059 Post
316 996 395 1059 duos
415 1005 519 1058 autern
540 1013 639 1058 annos
659 997 826 1059 nunciatur
840 996 869 1058 ci
884 1013 968 1058 mors
982 996 1067 1058 Pctri
1085 998 1168 1081 rogis

145 1109 315 1193 Hungnric.
343 1110 396 1191 qui
415 1108 517 1170 ucioci
538 1127 632 1170 cursu
648 1109 736 1170 uouit
749 1108 951 1191 strigonium.
984 1116 1016 1171 et
1037 1116 1167 1189 accepto

147 1222 223 1287 ueta
235 1224 268 1286 iu
281 1221 391 1285 stoan
412 1221 570 1284 ciuitatem
585 1229 808 1303 peruenerunt.
836 1231 868 1285 et
882 1221 911 1284 ci
925 1222 1046 1305 regium
1062 1221 1168 1284 diudc·

147 1335 364 1418 incimposuit.
386 1342 511 1396 orantes
524 1333 683 1395 dominum
699 1353 770 1395 cnm
785 1333 929 1416 lacrymis
943 1342 977 1395 nt
989 1353 1061 1396 curn
1073 1332 1169 1395 iaciat

152 1465 275 1529 regnac
291 1447 323 1508 in
339 1464 438 1509 annos
453 1445 616 1528 plurimos,
630 1453 664 1508 ut
679 1454 770 1508 ornet
783 1445 815 1507 in
829 1445 899 1507 tiliis
915 1453 946 1508 et
960 1444 1091 1508 fiiiubus.
1113 1445 1167 1527 qui

153 1559 264 1641 accepit
278 1577 409 1621 uxorem
426 1559 464 1621 de
474 1560 616 1620 Romano
627 1558 768 1641 irnperio.
789 1567 860 1641 post
872 1559 1001 1640 nupcias
1014 1577 1092 1620 ucro
1104 1558 1166 1621 dux

147 1688 204 1752 per
216 1670 357 1732 nussiam
372 1668 533 1731 Poionium
547 1670 706 1753 ingressus
721 1678 778 1732 cst.

224 1782 301 1843 Post
320 1782 492 1844 discessum
518 1800 598 1844 uero
618 1781 768 1863 principis
784 1762 920 1844 'Poionic
942 1782 981 1844 dc
1004 1782 1170 1865 Hungurin

144 1913 224 1956 uxor
236 1893 321 1975 regis
335 1892 409 1956 Belc
429 1892 552 1974 peperit
563 1891 678 1965 fitium,
699 1893 750 1956 cui
765 1892 912 1974 imposuit
924 1913 1040 1957 nomon
1056 1894 1166 1958 diber-

143 2014 204 2068 tns.
242 2005 337 2068 ulium
359 2025 486 2087 quoqne
507 2005 632 2068 uocauit
652 2006 778 2069 nominc
797 2007 894 2069 iesse.
930 2007 1063 2069 tercium
1086 2026 1165 2070 uero

143 2120 267 2202 peperit
278 2127 312 2180 ct
325 2120 451 2180 uocauit
464 2138 538 2180 curo
552 2116 713 2180 Coioman.
740 2125 885 2201 qrrnrtum
900 2136 978 2180 uero
994 2120 1119 2200 peperit
1132 2125 1164 2183 ct

142 2229 292 2312 imposuit
305 2230 336 2292 ei
348 2249 464 2292 nomen
479 2229 635 2292 Salomon.
662 2231 805 2312 quintum
827 2249 905 2292 uero
922 2230 1046 2311 peperit
1064 2238 1096 2293 et
1109 2250 1167 2293 no·
1247 2284 1250 2290 .

143 2344 226 2406 cauit
240 2362 312 2405 eum
327 2343 513 2404 Ladisiaum.

224 2454 315 2516 Hunc
329 2463 433 2517 autern
449 2454 512 2515 dux
526 2454 636 2516 Russie
651 2452 814 2516 Mscisluus
829 2453 861 2514 in
876 2452 1003 2516 ciuitate
1013 2451 1119 2515 Halicz
1133 2454 1167 2517 in

142 2565 325 2648 adoptiuum
340 2564 437 2628 fitium
453 2567 583 2648 accepit,
601 2573 632 2628 ct
647 2565 676 2627 ei
691 2584 763 2626 cum
776 2563 839 2627 iiiia
854 2583 928 2636 sua,
942 2582 982 2626 co
995 2565 1081 2646 quod
1097 2566 1167 2627 uni·

142 2698 211 2741 cnm
227 2678 358 2741 haberet
373 2689 404 2742 et
418 2678 481 2741 fiiio
494 2686 632 2752 careret,
653 2676 769 2741 Gniicie
783 2697 914 2760 regnum
929 2688 1082 2759 perpetuo
1093 2698 1167 2761 pos-

142 2789 264 2853 sidendi
278 2791 422 2865 tradidit,
444 2799 477 2853 et
488 2791 663 2852 iuramento
677 2789 848 2851 roborauit.

224 2901 281 2962 iiis
295 2904 337 2964 itu
352 2903 433 2964 sicut
449 2903 527 2965 deus
549 2903 701 2983 disposuit
720 2902 855 2985 peractis
877 2902 999 2984 nupciis
1013 2899 1165 2977 Ladisiai,

141 3023 233 3097 puter
247 3034 302 3076 rcr
316 3013 391 3076 Boiu
411 3015 526 3078 decidit
544 3015 576 3076 in
598 3015 712 3076 lectum
728 3022 760 3075 et
779 3021 919 3076 mortuns
934 3022 992 3076 est.
1022 3015 1166 3097 posthoc

140 3126 267 3209 eiigitur
281 3127 425 3190 tibertus
446 3128 551 3190 senior
569 3126 651 3190 tilius
671 3127 703 3188 in
723 3146 822 3210 regno
838 3135 869 3189 et
891 3134 1069 3189 coronatur.
1102 3147 1165 3209 quo

138 3247 290 3321 regnante
314 3239 377 3301 duo
397 3238 509 3301 tratres
525 3238 674 3304 Coiomnn
698 3248 730 3302 et
744 3240 828 3302 Iesse
851 3239 965 3301 mortui
985 3246 1066 3301 sunt.
1096 3240 1163 3320 ipse

139 3369 218 3413 uero
236 3350 261 3410 V
276 3370 358 3412 anuo
373 3351 439 3413 sine
455 3351 560 3414 liberis
576 3359 716 3415 mortuus
732 3360 789 3414 est.

223 3464 382 3526 Remnnsit
405 3471 509 3526 autem
533 3465 596 3526 dux
617 3461 778 3526 Ladisisus
801 3464 833 3524 in
855 3461 981 3525 Guiicio.
1017 3461 1166 3526 Salomon

139 3593 217 3637 ucro
233 3574 330 3638 irater
344 3576 412 3638 cius
427 3574 625 3638 Scieuoniam
639 3575 800 3657 regnabat.
822 3572 928 3637 habito
942 3593 1020 3637 uero
1031 3575 1163 3637 consilio

138 3687 280 3769 episcopi
294 3707 366 3749 cum
379 3687 585 3769 principibus,
600 3686 651 3750 dei
666 3686 852 3768 disponente
868 3686 1040 3755 clemencia
1052 3688 1164 3751 Russie

138 3799 297 3862 ciuitatem
320 3799 466 3862 ficticium
495 3806 761 3882 propersuerunt,
791 3808 823 3863 et
844 3798 967 3863 beatum
989 3799 1164 3881 principem

138 3910 319 3975 Ludisiaum
331 3912 364 3975 in
377 3931 484 3995 regern
495 3911 655 3994 ilungurie
671 3919 869 3995 acceperunt,
883 3912 1052 3999 Salomone
1067 3911 1163 3974 fratrc

138 4024 294 4088 cinaeum
314 4024 540 4089 consentiente.
571 4024 713 4087 diuinum
739 4023 878 4087 officium
904 4023 1086 4087 sonantibus
1113 4041 1164 4083 or·

136 4137 226 4221 genis
242 4138 488 4213 decoruucrunt,
516 4146 548 4202 ct
568 4137 613 4200 sic
633 4137 667 4200 in
681 4137 733 4202 dei
746 4137 872 4200 laudem
887 4145 983 4200 toturn
1004 4136 1087 4198 diem
1108 4134 1163 4196 dc·

134 4250 304 4321 duxerunt.
892 4348 912 4413 6
