2798 4764
201 336 264 409 tta
378 338 512 403 'sim
532 352 678 401 mrsu
703 352 872 401 nrcmrau
890 355 914 400 r.
956 336 1046 402 lin

199 509 371 595 profugus,
391 509 521 591 suisque
538 507 651 571 saciari
671 527 736 571 non
754 506 961 583 ualeam-sed
982 529 1108 591 semper
1128 507 1230 572 aliena

201 621 395 685 medicans.
414 621 441 683 si
455 627 562 683 autem
575 618 671 683 luerit
683 621 723 683 de
738 620 896 683 nobilibus
910 620 1087 703 ilungarie,
1109 630 1142 684 ct
1154 623 1233 684 cita-

173 742 253 803 .tus
276 732 372 796 luerit
399 732 440 795 ab
468 731 618 815 episcopo
642 733 682 796 ad
709 733 794 815 regis
820 734 1033 815 presenciam,
1064 743 1231 816 antequam

201 844 351 927 episcopo
375 845 563 929 repondeat,
591 844 820 927 quinquaginta
845 864 966 908 marcas
987 844 1064 908 fisco
1087 846 1175 927 regio
1200 853 1233 909 ct

201 954 280 1021 abes
299 958 525 1041 quinquaginta
545 956 705 1039 episcopo,
726 976 802 1040 repe
824 958 937 1020 eodem
959 956 1075 1019 sorcius
1094 957 1233 1038 compel-

201 1068 306 1143 lante,
325 1067 494 1149 persoluat.

286 1180 324 1245 lit
337 1180 431 1263 igitur
444 1179 505 1243 bec
520 1179 641 1253 omnia,
664 1199 726 1262 que
747 1178 870 1243 anobis
890 1186 922 1242 ct
943 1180 982 1242 ab
1000 1180 1147 1244 omnibus
1162 1199 1234 1262 prc-

203 1290 423 1355 decessoribus
445 1291 559 1355 nustris
580 1299 653 1353 sunt
666 1290 780 1354 collata
800 1299 834 1354 ct
853 1308 1019 1364 concessa,
1040 1292 1155 1355 nostris
1176 1310 1234 1353 no-

203 1408 404 1482 ttmrumqne
422 1420 640 1464 successorum
660 1401 857 1484 temporibus
875 1401 1133 1483 irrefragabiliter
1146 1401 1234 1465 salua

203 1528 330 1594 semper
339 1523 370 1575 et
384 1511 574 1576 inconcussa
586 1513 619 1573 in
634 1523 822 1595 perpetuum
838 1514 958 1595 possint
973 1531 1179 1594 permanere,
1192 1515 1235 1575 si-

204 1620 271 1707 ptttt
288 1623 407 1698 nostri,
426 1623 576 1687 uidelicet
590 1644 685 1688 auree
699 1623 784 1688 bn'lls
799 1625 970 1687 monimine
986 1622 1118 1688 fecimus
1138 1627 1235 1688 robo-

35 1704 40 1711 Ι
62 1812 67 1821 ⁸
204 1735 278 1799 rari.
297 1736 411 1798 ilatum
422 1754 479 1818 per
489 1755 599 1799 manns
611 1736 744 1819 Ugolini,
759 1736 830 1800 aule
845 1737 933 1821 regie
948 1737 1137 1811 cancellarii,
1151 1757 1234 1800 anno

205 1846 245 1911 ab
256 1844 479 1910 incarnacione
493 1847 613 1910 domini
626 1847 807 1912 MCCXVll.

229 2238 233 2243 ’
286 2294 520 2370 ananum
544 2296 592 2370 u.
620 2294 777 2371 nucis
803 2294 1095 2372 oucnnrnss
1120 2299 1150 2372 1.

632 2448 815 2514 ltccxxtt.
888 2446 891 2451 ’

450 2608 473 2660 Ε
491 2608 638 2660 membrana
651 2606 772 2659 trbclnrii
786 2608 991 2673 strigoniensis.

289 2853 326 2917 lo
340 2852 466 2915 nomine
480 2875 506 2915 s.
518 2853 675 2916 Trinitatis
693 2862 724 2917 st
739 2854 901 2917 indiuiduo
917 2856 1054 2919 unitatis.
1085 2856 1237 2929 Andreas,

208 2964 260 3031 dci
284 2965 388 3048 gracia
410 2965 562 3049 Uogaric,
588 2965 763 3038 Dalmacis,
792 2966 936 3040 cinaeis,
967 2969 1081 3041 Rome,
1109 2970 1237 3041 Seruis,

208 3076 337 3145 Gallicis
352 3079 604 3161 Lodomsriequc
626 3098 682 3141 rex
701 3079 734 3141 in
754 3087 951 3160 perpetuum.
972 3080 1128 3155 Quoniam
1144 3080 1238 3142 liber-

207 3198 256 3255 Η
275 3200 337 3255 tam
357 3192 509 3255 nobilium
530 3190 621 3273 regni
641 3191 755 3263 nostri,
777 3210 871 3273 quarn
887 3191 986 3254 eciam
1001 3192 1133 3254 aliorum
1149 3191 1238 3255 insti-

207 3310 276 3369 sou
288 3322 308 3367 a
321 3314 429 3370 sancto
443 3303 603 3385 Stephano
616 3322 712 3385 rope,
733 3323 792 3385 pcr
807 3302 983 3385 aliquorum
999 3324 1109 3387 regum
1128 3315 1240 3386 poten·

207 3416 301 3491 ciam,
323 3416 544 3481 ulciscencium
567 3416 738 3498 aliquando
758 3415 838 3480 iram
860 3417 1037 3499 propriam,
1071 3416 1239 3499 aliquando

208 3529 308 3593 mam
334 3529 568 3594 atteodcncium
597 3527 728 3591 consilia
754 3527 833 3590 lalsa
856 3528 1020 3591 bominum
1045 3529 1239 3610 iniquorum,

207 3639 262 3707 uel
278 3626 472 3703 sectancium
492 3641 619 3721 propria
640 3639 743 3716 lucra,
772 3641 902 3705 luerunt
922 3641 954 3703 io
978 3658 1072 3722 quam
1097 3638 1239 3721 plurimis

209 3752 350 3835 partibus
368 3751 536 3815 diminuta:
558 3753 715 3817 multoties
736 3753 796 3834 ipsi
815 3752 938 3816 nobiles
951 3751 1066 3822 nostri,
1087 3751 1240 3812 serenita-

208 3872 273 3929 lcm
292 3870 432 3927 noemam
453 3871 486 3927 ct
508 3865 769 3946 predecessorum
788 3872 967 3928 nostronsm
984 3880 1097 3944 regum
1111 3880 1240 3924 suorum

208 3993 303 4045 mus
324 3974 471 4058 precibus
490 3984 523 4040 et
542 3977 705 4041 instanciis
725 3975 831 4041 multis
851 3974 1059 4058 pulsauerunt
1080 3994 1177 4057 super
1191 3994 1241 4039 rc-

209 4086 404 4153 iccmacione
418 4089 506 4173 regni
528 4089 638 4155 nostri
666 4089 730 4153 Nos
747 4087 844 4172 igitur
855 4104 968 4150 eorum
986 4084 1136 4168 peticioni
1154 4087 1244 4150 satis·

107 4224 114 4237 ·
208 4196 316 4275 ltus·
335 4200 500 4293 cupientes
518 4199 554 4271 t·
568 4198 731 4283 mnne,
750 4198 800 4267 uti
816 4206 970 4279 macnus,
988 4199 1153 4292 puerum
1169 4198 1247 4293 quia
