2798 4764
217 322 278 392 3118
320 338 561 400 9911911999
582 337 1137 397 119111199911999199199111191911.
1156 324 1246 389 1191.

217 500 315 581 ipsius
340 499 472 561 ecclesie
499 497 859 580 Quinqueecclesieusis,
887 498 955 559 siue
981 497 1110 561 licencia
1135 508 1167 561 91
1192 521 1246 562 911-

217 632 328 693 919999
345 612 547 690 permissione
563 611 660 691 ipsius
677 609 824 691 episcopi.

300 720 365 802 (17)
388 723 452 783 Nec
468 721 567 783 eciam
584 721 650 801 ipse
666 740 772 783 comes
788 720 945 783 Palatinus
965 721 1016 782 uel
1032 742 1137 783 comes
1154 742 1246 803 9919-

221 831 349 894 chianus
366 840 418 894 aut
433 831 612 914 quicunque
633 833 746 904 iudex,
768 832 807 894 de
823 842 928 894 nostra
943 834 1042 894 eciam
1057 832 1155 895 191919
1171 834 1245 894 1919·

217 964 280 1020 9119,
303 944 353 1006 991
369 945 546 1006 9199991999
562 965 618 1006 999
635 945 768 1006 91991199
785 945 973 1016 eorundem,
992 944 1090 1024 possit
1105 946 1244 1007 residere

218 1057 473 1131 adiudicandum
496 1056 526 1117 in
542 1057 644 1139 aliqua
661 1056 733 1118 uilla
748 1057 895 1130 ecclesie,
918 1057 984 1118 siue
1000 1056 1039 1117 sit
1055 1056 1128 1119 uilla
1143 1057 1245 1118 sorum

217 1171 338 1232 habens
351 1171 400 1231 uel
413 1170 481 1232 soro
494 1190 614 1232 careus.
641 1170 875 1252 qualescunque
894 1169 953 1230 hoc
971 1170 1246 1230 9991191199199199

217 1281 302 1343 idem
318 1283 482 1362 episcopus
499 1282 597 1362 possit
618 1293 719 1344 911919
739 1281 980 1344 999199199119991
1003 1301 1057 1361 991
1071 1300 1245 1341 censuram.

219 1393 365 1453 damnum
382 1393 583 1455 nihilomiuus
598 1395 623 1456 si
639 1395 724 1476 quod
748 1393 851 1456 taliter
866 1391 996 1455 ecclesia
1014 1391 1191 1473 pertulerit,
1213 1392 1244 1451 19

219 1505 307 1586 regio
330 1506 471 1566 examine
496 1504 632 1567 iudicare
655 1515 831 1567 censeatur.
863 1513 893 1565 91
916 1503 1116 1565 nihilomiuus
1139 1520 1245 1563 comes

219 1613 377 1676 Palatinus
393 1625 559 1694 componat
575 1615 663 1697 regio
677 1615 753 1677 fisco
770 1615 879 1696 uiginti
895 1634 1012 1676 1991999
1028 1615 1106 1676 9911.
1139 1633 1245 1674 991999

220 1736 324 1789 autem
339 1725 539 1807 prouincialis
554 1727 602 1787 sui
616 1727 744 1788 honoris
767 1728 947 1808 priuacione
968 1726 1126 1799 multetur,
1148 1726 1172 1787 si
1189 1745 1245 1807 991

219 1855 253 1898 99
274 1836 325 1898 uel
345 1855 419 1898 suos
441 1836 539 1896 nostri
553 1837 644 1898 huius
666 1837 802 1900 mandati
818 1857 890 1900 suas
910 1858 966 1919 per
981 1837 1171 1918 petulancias
1192 1858 1245 1898 ex-

218 1947 336 2010 titerint
354 1956 611 2029 transgressores.

301 2057 366 2139 (18)
388 2059 464 2122 Item
486 2060 696 2122 concessimus
720 2061 824 2123 eidem
848 2061 1002 2134 ecclesie,
1030 2062 1116 2142 quod
1141 2069 1246 2141 preter

218 2178 355 2234 nostram
378 2172 573 2233 maiestatem
594 2181 625 2233 et
644 2172 803 2234 carissime
825 2172 978 2234 consortis
997 2180 1120 2245 nostre,
1141 2171 1245 2234 nullus

219 2283 346 2345 omnino
362 2283 514 2344 baronum
530 2293 725 2356 nostrorum,
747 2304 933 2366 quacunque
956 2284 1129 2365 prefulgeat
1144 2283 1246 2365 ‹ligni-

217 2401 299 2472 1919,
320 2416 415 2478 99991
430 2397 519 2457 bouis
535 2406 565 2458 91
580 2396 830 2475 possessionibus
846 2394 977 2458 ecclesie
994 2397 1179 2457 descensum
1199 2394 1244 2455 19-

217 2522 289 2568 9919
304 2506 416 2567 9911991
430 2527 485 2568 999
501 2516 673 2586 9199119191,
688 2527 769 2586 9999
784 2506 1121 2568 excommunicacionis
1137 2526 1155 2567 a
1172 2527 1244 2586 919-

218 2614 282 2677 1919
304 2617 451 2689 ecclesie,
473 2626 504 2677 91
520 2638 537 2678 9
553 2626 659 2678 999119
682 2618 843 2679 9191991919
860 2618 1161 2678 11999919191991991
1178 2616 1245 2677 9911

220 2725 315 2786 1119119
328 2725 503 2804 plectendo,
515 2727 607 2788 huius
620 2735 724 2788 nostre
736 2728 911 2789 serenitatis
922 2729 1057 2789 mandati
1070 2738 1244 2808 transgres-

219 2855 317 2897 sores.
348 2857 408 2915 que
431 2858 513 2917 pena
533 2858 550 2899 a
572 2838 787 2920 talibusexigi
810 2839 913 2900 ualeat
933 2840 963 2900 19
987 2840 1085 2900 999111
1101 2839 1244 2900 9911911119

218 2947 386 3021 auditorio,
407 2958 558 3010 eteorum
573 2949 746 3011 uenerabili
768 2961 854 3032 putre
869 2951 1088 3031 Strigouiensis
1110 2950 1242 3011 ecclesie

219 3058 465 3139 archiepiscopo,
484 3070 576 3140 prout
590 3061 733 3123 maluerit
749 3061 886 3142 prelatus
898 3061 1244 3143 Quinqueccclesieusis

219 3168 365 3243 ecclesie,
386 3169 600 3233 iurisdictione
624 3171 720 3252 ipsius
738 3183 844 3235 sancte
862 3174 1083 3255 Strigouiensis
1106 3173 1189 3235 sedis
1213 3173 1243 3233 in

218 3281 363 3356 omnibus
389 3280 491 3343 taliter
516 3283 721 3356 excedentes,
751 3284 790 3346 ‹le
815 3304 1001 3366 quacunque
1030 3286 1120 3366 regui
1147 3285 1243 3346 nostri

218 3402 306 3476 parto
323 3393 453 3466 1991191,
476 3395 630 3475 presentis
646 3396 758 3476 pagine
775 3405 941 3479 prorogata
955 3397 1086 3459 indultu.
