2798 4764
349 337 472 386 ananim
492 336 658 383 arcuaruu
679 336 856 382 coconrnm
880 334 981 383 nsum.
1120 316 1181 383 359

153 512 295 567 causam,
324 492 350 555 si
372 493 446 573 quid
467 492 499 552 in
522 492 701 565 errabundo
724 491 858 573 uestigia
876 490 1005 553 liberius
1029 497 1181 572 euagatus

153 625 242 669 meus
258 604 434 667 deuiauerit
449 603 601 678 calamus,
624 623 682 665 nec
698 604 823 684 ambigo
839 622 932 684 qnam
948 602 1045 665 sacilis
1060 612 1136 683 aput
1149 609 1180 666 te

153 716 192 778 sit
207 716 299 778 nenie
314 715 413 788 locus,
428 735 489 796 que
506 735 556 776 res
572 715 690 796 pigram
706 715 805 776 eciam
821 715 942 794 inpellit
955 714 1046 776 buius
1059 712 1182 777 consilii

154 847 284 888 moram.
314 827 370 888 sed
393 835 466 888 sunt
486 826 618 887 sortasse
640 826 797 899 nonnulli,
820 827 955 908 quisine
971 826 1104 887 racionis
1121 827 1182 888 cir·

155 939 404 1018 crrmspcctione‚
433 938 516 999 idem
541 938 623 999 unde
647 957 750 998 sermo
773 947 833 1011 cst,
855 939 1020 999 concilium
1040 937 1182 1006 cnrsolli·

154 1072 229 1114 num
245 1057 429 1111 autumnent
450 1069 520 1111 esse
542 1051 751 1131 snperlluunr,
773 1051 874 1112 minus
894 1051 1024 1131 prouide
1039 1071 1183 1113 asseren-

154 1172 211 1237 teS,
243 1161 379 1243 antiquis
401 1162 509 1243 pocius
532 1161 671 1242 priorum
693 1161 900 1223 insistendum
926 1183 995 1223 esse
1022 1161 1181 1224 relatibus.

156 1294 290 1357 qnorum
320 1273 459 1355 prosectu
484 1293 578 1353 qnam
600 1273 732 1347 friuola,
767 1293 925 1355 quamque
947 1275 986 1335 sit
1007 1274 1182 1336 inconsulta

155 1386 325 1458 conlectio,
348 1405 411 1446 nun
432 1393 479 1447 est
499 1404 729 1466 superuacuum
751 1384 910 1468 paulisper
932 1384 1183 1447 commemorari.

156 1499 228 1580 quia
243 1498 286 1560 hii
302 1497 390 1580 regni
401 1498 594 1559 detractores
610 1498 709 1579 magis
726 1498 852 1579 proprio
866 1498 1032 1561 consulunt
1043 1497 1183 1571 arbitrio,

157 1631 251 1692 qnam
276 1610 483 1671 communiter
509 1610 597 1691 regni
627 1611 787 1690 prouectui
817 1611 1075 1672 administranda.
1109 1629 1182 1672 nam

156 1725 225 1806 quis
242 1724 379 1804 ambigat
393 1743 411 1785 a
426 1730 533 1786 sancto
550 1731 635 1804 patre
652 1733 759 1785 nostru
775 1724 950 1805 Stcpbanu,
980 1724 1049 1785 uiro
1064 1725 1182 1805 quippe

156 1834 328 1918 apostolico
343 1834 444 1918 legem
460 1833 576 1916 populo
589 1845 695 1898 nostru
712 1837 816 1898 datam
831 1837 863 1898 in
876 1835 1062 1917 quibnsdam
1079 1845 1184 1899 anste-

155 1947 287 2019 riorem,
308 1948 340 2007 in
352 1948 539 2030 quibusdam
555 1967 631 2008 uero
648 1947 917 2019 tollerabiliorem,
939 1948 972 2009 in
986 1947 1045 2008 biis
1057 1967 1182 2030 quoque

155 2060 307 2123 intensius
326 2059 556 2133 uindicantem,
582 2069 674 2141 atquc
697 2060 729 2121 in
749 2061 815 2121 aliis
838 2059 997 2121 remissius
1017 2061 1184 2141 indulgen·

158 2182 236 2246 tem,
258 2192 317 2235 nec
332 2193 523 2254 quemquam
545 2182 650 2234 tamen
671 2175 790 2255 absque
811 2171 972 2254 discipline
987 2174 1120 2234 uerbere
1136 2172 1183 2233 di-

156 2286 344 2358 mittentem,
377 2304 448 2346 cum
474 2285 755 2366 predestinacionis
782 2294 905 2367 tempus
935 2284 1054 2345 nullum
1080 2283 1183 2345 adbuc

156 2417 268 2459 uerum
284 2397 467 2459 adduxisset
480 2396 554 2458 fidei
569 2416 764 2478 sponsorem.
787 2415 845 2457 nec
859 2396 920 2457 hoc
935 2395 1063 2476 quidem
1078 2402 1185 2477 preter

156 2510 262 2571 diuino
288 2509 537 2590 dispensacionls
562 2517 740 2589 respectum
767 2509 853 2570 credi
878 2507 999 2589 nephas
1022 2514 1079 2568 est.
1110 2526 1183 2568 nans

157 2642 227 2683 cum
246 2630 387 2703 tempore
410 2621 543 2701 predicti
567 2621 662 2702 patris
683 2620 864 2682 uniuersum
885 2638 1016 2701 regnum
1031 2618 1099 2680 eius
1113 2618 1185 2679 bar·

156 2734 270 2796 baricis
286 2735 420 2797 seruiret
434 2735 465 2794 in
480 2731 621 2806 cultibus,
637 2752 673 2794 ac
687 2732 773 2794 rudis
789 2739 976 2812 coactusque
993 2729 1186 2794 Christianus

158 2852 267 2905 contra
282 2843 557 2906 commonitorium
579 2853 685 2906 sancte
700 2843 775 2906 fidei
796 2842 955 2905 stimulum
970 2842 1073 2905 adhuc
1087 2841 1185 2905 recal-

159 2952 300 3024 citraret,
322 2952 424 3013 adbuc
444 2960 553 3014 contra
573 2953 792 3033 penitencialia
813 2953 930 3016 ultricis
948 2955 1035 3036 nirge
1049 2956 1185 3018 uerbera

160 3064 370 3136 remorderet,
392 3083 488 3144 opere
513 3065 664 3145 precipuo
684 3064 759 3138 fuit,
780 3074 814 3126 ut
832 3075 938 3128 sancte
953 3067 1115 3148 discipline
1131 3087 1184 3130 co·

160 3177 240 3238 actio
262 3175 439 3237 infidelibus
456 3177 582 3257 quidem
605 3178 644 3239 ad
667 3178 908 3240 conuersiunem
929 3178 1016 3251 srdci,
1038 3179 1093 3240 scd
1108 3198 1184 3240 con·

159 3288 259 3349 uersis
274 3288 364 3350 fieret
379 3290 418 3350 ad
434 3288 585 3349 iusticiam
601 3289 751 3369 penitudo
767 3289 894 3367 peccati.
919 3297 950 3349 at
965 3288 1185 3349 christianissi-

159 3421 227 3462 mus
247 3420 304 3462 rcx
322 3408 429 3462 noster
445 3401 694 3472 ConlumbanuS,
717 3398 893 3462 columbine
916 3399 1018 3480 gracia
1038 3399 1185 3480 simplici·

160 3513 229 3573 tatis
251 3532 321 3573 cnm
345 3513 429 3573 umrri
456 3512 605 3573 uirtutum
628 3511 821 3573 discrucione
842 3509 994 3590 preditus,
1015 3520 1184 3593 postquam

158 3623 238 3685 uidit
261 3622 398 3684 adultam
422 3622 517 3684 srdcm
541 3622 672 3703 perlecti
701 3621 861 3704 religionis
885 3622 982 3699 robur
1006 3625 1185 3705 accepisse,

159 3734 267 3816 legalis
283 3735 440 3796 uinculum
456 3734 589 3796 cathene
605 3735 753 3815 cogitauit
768 3733 926 3807 relaxare,
948 3736 1120 3816 prudenter
1136 3744 1186 3801 ut·

159 3858 232 3929 pote
255 3847 464 3929 perpendens,
486 3848 648 3929 indignum
664 3867 749 3920 csse,
772 3847 799 3909 si
813 3846 874 3907 iam
890 3856 1096 3929 spontaneum
1111 3848 1186 3913 fidei

159 3959 289 4023 militem
312 3959 421 4042 legalis
437 3981 517 4041 pene
533 3960 625 4022 timor
639 3967 816 4041 torqueret,
837 3981 931 4042 quem
946 3981 1005 4023 nec
1018 3959 1087 4043 ipsa
1102 3981 1186 4026 mors

160 4073 198 4134 ab
221 4073 327 4155 agnite
350 4072 411 4135 iam
435 4073 631 4135 consessione
653 4073 793 4135 ueritatis
819 4074 999 4156 abstergere
1024 4075 1187 4155 potuisset.

159 4184 211 4248 bic
236 4186 382 4249 nimirum
403 4205 475 4249 cum
499 4186 622 4250 uideret
646 4194 777 4270 propter
796 4185 901 4250 ciuilia
918 4186 1002 4250 bella
1023 4205 1124 4270 usque
1145 4185 1186 4249 ad
