2798 4764
184 422 187 429 Α
241 414 245 421 .
279 364 422 425 uantur
442 374 487 425 nt.
507 372 597 425 naurs
619 374 761 427 curruum
782 373 980 429 crassorum
1014 330 1104 429 sm.
1145 358 1209 431 567

155 574 158 579 -
180 532 230 595 nt
262 532 409 598 preterea
424 535 454 597 in
472 556 570 610 rrpno
585 545 617 598 rt
632 536 722 600 terris
736 545 844 600 nostro
854 536 994 600 dominio
1006 539 1155 603 subiectis
1169 541 1208 603 ab

260 647 405 709 omnibns
426 649 608 710 insolenciis
631 660 661 712 et
680 649 857 712 homicidiis
879 649 1040 722 iaciendis,
1061 671 1097 712 ac
1112 653 1209 715 inter·

260 757 396 821 iecfiono
408 759 655 822 Christianorum
671 769 702 822 et
716 761 890 822 eorundem
906 761 1091 842 sanguinem
1107 765 1209 824 etiun-

153 922 158 929 .
261 869 367 932 dendo
382 871 543 933 retrahant
557 872 680 951 penitus
694 893 806 934 munus
819 891 904 945 suas,
923 882 956 934 ot
970 873 1000 934 in
1017 880 1107 935 antea
1122 873 1209 935 uuiio

153 1016 156 1021 ·
261 1002 398 1063 unquam
420 992 561 1065 tempora
583 984 715 1057 sacient,
747 1005 805 1047 nec
826 984 990 1066 pacientur
1011 984 1080 1046 sieri
1100 985 1209 1048 huius-

262 1095 346 1156 modi
362 1095 559 1176 aiiquatonus
575 1115 632 1176 per
649 1117 724 1158 suos
739 1094 873 1158 famulos
888 1106 918 1160 et
933 1096 1101 1160 subiectus

179 1205 231 1269 tv,
262 1206 373 1269 Preter
388 1207 448 1268 hec
462 1208 555 1269 iidem
573 1217 792 1288 procuratores
807 1208 1016 1272 Cumanorum
1033 1209 1137 1273 eidem
1153 1211 1209 1273 rio·

264 1317 348 1378 mino
370 1317 473 1397 legato
488 1317 646 1381 humiliter
667 1319 903 1399 supplicarunt,
925 1322 1009 1402 quod
1026 1321 1092 1402 ipse
1108 1322 1210 1385 domi-

179 1466 182 1471 ·
264 1446 322 1490 nus
337 1429 456 1509 legatus
473 1439 619 1510 procuret
634 1431 779 1493 ordinare
795 1432 994 1513 inquisitores
1010 1433 1132 1515 aliquos
1146 1432 1208 1494 tide

266 1540 388 1621 dignos,
410 1543 463 1623 qni
479 1542 685 1624 persingulas
701 1545 927 1623 generacioues
942 1562 1052 1606 eurum
1068 1554 1100 1607 et
1113 1565 1209 1626 gene-

263 1652 426 1715 racionum
448 1655 564 1735 gradus
586 1654 643 1716 sibi
666 1654 800 1717 inuicem
824 1674 1012 1737 quacunque
1038 1655 1120 1718 tinea
1140 1656 1210 1718 atti·

263 1774 388 1838 nentcs,
410 1775 441 1828 et
455 1787 512 1848 per
527 1787 637 1829 omnes
658 1767 736 1829 aiios
749 1767 909 1831 subiectos
925 1786 1034 1830 eorum
1050 1767 1210 1848 inquirant

263 1884 295 1939 et
315 1878 413 1939 sciant
432 1897 527 1960 super
549 1879 709 1960 premissis
733 1879 877 1942 omuibus
898 1887 929 1942 ct
948 1880 1078 1963 siugulis
1093 1881 1210 1943 uerita-

262 1996 343 2062 tem,
364 2010 457 2071 qrranr
482 1990 610 2052 domino
632 1991 735 2073 iegato
758 1999 791 2054 et
813 1992 903 2053 nohis
923 1991 1043 2054 referre
1066 2000 1098 2055 et
1112 2012 1210 2073 expo·

262 2121 339 2163 nere
354 2110 532 2175 teneantur,
546 2113 580 2165 ut
593 2104 619 2165 is
633 2105 686 2185 qui
702 2104 734 2165 in
749 2103 855 2185 aiiquo
871 2104 1094 2183 premissorum
1109 2113 1210 2166 trans-

263 2233 388 2293 gressor
409 2213 554 2275 inucotus
576 2213 686 2287 fuerit,
716 2234 828 2296 penum
848 2214 1094 2278 ecclesiasticam
1114 2233 1209 2296 quarn

264 2334 402 2388 meretur
421 2327 461 2387 ub
486 2327 598 2388 eudem
625 2326 798 2388 uenerabili
826 2334 913 2406 patre
937 2334 968 2388 et
987 2325 1120 2388 ecclesia
1143 2327 1209 2407 ipsa

264 2439 409 2519 recipiat,
431 2447 462 2501 et
485 2459 541 2518 per
556 2458 613 2499 uos
628 2436 811 2518 temporalis
832 2437 969 2499 uindicte
985 2437 1121 2499 debitam
1138 2456 1211 2499 sen·

263 2550 324 2612 ciat
339 2549 506 2612 ulcionem.

213 2658 233 2721 '.
264 2659 409 2723 Ceterum
435 2660 584 2741 sepedicti
609 2669 828 2743 procuratores
850 2660 977 2724 nomine
1000 2662 1210 2724 Cuurnnorum

265 2773 479 2854 procuratorio
499 2790 555 2852 pro
570 2793 604 2834 se
620 2781 651 2834 ct
672 2793 729 2855 pro
744 2773 864 2836 eisdem
879 2772 1027 2835 Cumanis
1048 2773 1212 2835 renuncia·

265 2893 379 2945 uerunt
396 2892 428 2946 et
442 2884 671 2948 abdicauerunt
682 2886 790 2947 omnia
803 2885 994 2949 monasteria
1009 2891 1041 2947 et
1054 2884 1213 2957 ecclesias,

264 3003 297 3055 et
317 2995 535 3075 possessiones
562 2997 837 3069 monasteriorum,
864 2996 1070 3059 ecclesiarum
1092 3002 1124 3058 et
1148 3014 1213 3056 om·

267 3105 353 3167 nium
380 3106 529 3168 nobilium
552 3118 584 3170 ct
602 3118 779 3172 ceterorum
803 3108 1070 3178 Christianarum,
1099 3126 1162 3186 que
1182 3113 1213 3168 et

265 3234 343 3298 quas
366 3217 517 3280 hactenus
539 3220 652 3281 iniuste
673 3228 705 3280 et
727 3219 829 3280 minus
847 3219 953 3280 debite
968 3223 1162 3296 occuparunt
1176 3233 1212 3275 nc

264 3332 365 3391 eciam
389 3338 570 3402 tenuerunt,
599 3339 776 3393 asserentes
798 3330 926 3392 cosdem
948 3329 1104 3389 Cumanas
1126 3336 1212 3390 etse

266 3462 337 3505 esse
348 3450 473 3523 paratos
484 3441 524 3502 ad
535 3441 719 3503 remittendo
730 3448 762 3502 et
775 3439 969 3502 restituenda
985 3438 1069 3498 iuxta
1082 3437 1212 3500 manda-

266 3560 331 3615 tum
354 3553 495 3615 eiusdem
521 3551 639 3613 domini
660 3552 753 3633 iegati
777 3550 881 3613 omnia
903 3559 935 3613 ct
956 3547 1080 3630 singula
1101 3567 1212 3630 supra-

267 3665 360 3727 dicta.

267 3891 477 3956 Promittimus
492 3893 589 3953 eciam
604 3893 663 3954 sub
675 3886 843 3973 spunsione
857 3889 931 3953 fidei
947 3898 979 3953 ct
993 3888 1114 3971 prestiti
1127 3886 1213 3950 iura·

148 4050 153 4057 -
186 4005 282 4066 menti
299 4024 335 4068 ae
350 4004 597 4087 obtigacionibos
612 4003 810 4086 supradictis,
830 4003 917 4086 quod
932 4010 966 4065 ut
979 4001 1131 4084 premissa
1145 4016 1213 4061 om-

186 4115 238 4178 nia
257 4125 289 4179 et
303 4126 491 4200 quecunque
510 4116 571 4178 ntia
592 4135 650 4198 pro
670 4114 878 4198 ampiiarioae
895 4112 971 4177 fidei
984 4111 1160 4175 Christiano
1181 4115 1214 4170 ct

185 4226 396 4293 cacierimticc
419 4225 590 4305 libertatis,
618 4245 656 4293 ac
677 4223 902 4293 coturnoso
926 4221 1041 4309 regalis
1066 4220 1153 4295 sotii,
1181 4223 1214 4288 cr
