2798 4764
318 346 352 408 rr.
365 348 492 397 rossan
512 347 636 397 caman
654 345 843 397 arsemina
866 321 1041 418 (ld-ulli
1132 331 1195 401 H

166 512 252 578 rent,
274 513 306 567 et
323 502 461 587 linguam
479 502 603 568 iaceret
619 503 679 567 sibi
700 513 825 578 notam,
847 512 878 568 et
892 522 963 569 cum
976 506 1140 572 introitum
1155 506 1195 575 ll·

166 615 268 678 lorum
282 615 480 697 perciperet,
500 636 638 697 pugnam
658 616 813 698 inciperet
833 624 943 681 contra
955 638 1082 702 regem,
1102 626 1136 683 el
1150 618 1195 687 tlt

166 725 287 789 lucilius
308 725 353 788 illi
373 733 497 807 portam
519 735 649 807 possent
668 728 828 802 obtinere,
855 736 887 792 et
900 728 941 791 ad
954 728 1053 810 ipsius
1066 730 1196 795 llutben

167 837 317 903 auxilium
331 838 499 912 festinare,
519 847 552 902 et
565 839 609 902 ita
622 839 722 903 cicius
742 840 879 922 aliquam
898 848 1018 923 partem
1032 841 1195 924 llunqarie

168 949 354 1022 deuastare,
382 951 551 1031 gaudendo
574 959 605 1012 et
628 951 801 1013 mordendo
824 972 949 1034 regem,
970 972 1030 1034 pru
1049 973 1089 1016 eu
1108 954 1196 1034 quod

168 1059 322 1123 Comanm
341 1060 571 1134 introduxerat,
595 1070 630 1123 ut
647 1062 792 1142 superius
815 1071 864 1125 est
885 1080 1080 1143 expressum.
1109 1072 1141 1127 ct
1161 1062 1196 1127 in

167 1169 228 1234 bae
242 1170 390 1253 opinione
405 1172 627 1254 quamplurimi
641 1174 884 1238 concordabant.

252 1391 318 1476 (15)
340 1395 383 1457 Dc
398 1397 518 1457 consilio
532 1397 607 1476 repis
621 1407 725 1459 contro
737 1397 887 1460 Tartaron
925 1398 1005 1461 Cum
1018 1419 1095 1482 ergo
1109 1408 1197 1481 post·

169 1507 295 1569 modum
311 1527 423 1569 uersus
438 1508 712 1589 quadragesimam
727 1518 876 1591 pergeret
891 1510 952 1575 iter
966 1532 1072 1585 snum,
1094 1511 1195 1595 maqia

169 1637 206 1681 ac
217 1618 314 1699 magis
326 1617 409 1681 lama
418 1618 597 1681 huiusmodi
609 1620 841 1694 crebrescente,
849 1641 907 1683 rex
917 1622 957 1683 ad
968 1623 1127 1704 quandam
1136 1621 1213 1691 ult.

169 1728 247 1803 lam,
263 1750 324 1811 que
339 1730 427 1791 Buda
442 1730 563 1805 dicitur,
582 1752 678 1812 super
692 1731 761 1813 ripa
774 1732 909 1795 Danubii
924 1734 1072 1815 positam,
1086 1734 1118 1797 in
1132 1752 1197 1816 qua

168 1849 379 1905 consueuerat
392 1843 663 1924 quadragesimam
678 1844 852 1917 celebrare,
874 1863 930 1927 pro
945 1865 996 1919 eo,
1011 1845 1097 1926 quod
1113 1844 1198 1909 dice·

169 1952 261 2015 batur
271 1951 361 2015 locus
373 1953 579 2027 communior,
594 1955 784 2036 properauit.
805 1965 836 2017 et
846 1954 1103 2037 archiepiscopis,
1114 1953 1199 2036 epia-

169 2065 256 2145 copis
268 2072 301 2126 et
315 2064 384 2126 aliis
399 2063 488 2146 regni
504 2063 674 2129 maioribus
690 2067 889 2140 conuocatis,
909 2066 1105 2131 deliberabat
1117 2064 1197 2129 assi·

87 2184 98 2195 ”
169 2176 248 2249 due,
268 2176 404 2258 qualiter
416 2185 524 2259 posset
542 2178 581 2240 de
605 2186 689 2241 tanto
705 2178 838 2261 negocio
855 2179 1042 2259 prouidere,
1062 2196 1197 2241 monens

170 2295 201 2351 et
219 2287 352 2350 hortans
373 2307 426 2351 eos
451 2288 576 2370 sepius,
597 2292 682 2371 quod
697 2289 831 2371 quilibet
843 2289 975 2353 baberet
987 2308 1062 2351 suos
1076 2287 1197 2369 slipen·

170 2397 287 2461 diarios
308 2398 423 2462 milites
444 2409 638 2482 preparatus.
666 2400 794 2463 llutben
814 2420 906 2471 uero,
933 2397 1072 2481 quicum
1087 2418 1197 2475 uxore,

168 2509 257 2595 liliis,
276 2510 416 2584 filiabus,
439 2521 470 2576 et
485 2512 672 2597 quibusdam
686 2512 750 2575 suis
764 2510 952 2586 maioribus,
972 2520 1121 2593 tanquam
1142 2531 1198 2575 su·

170 2632 297 2705 spectus
312 2633 344 2687 et
357 2623 486 2687 sceleris
497 2623 652 2697 conscius,
663 2643 769 2706 arege
779 2624 904 2687 fuerant
914 2623 1098 2697 conuocati3
1112 2641 1198 2685 cona·

170 2734 257 2796 muni
272 2735 445 2798 deliberato
459 2734 608 2807 consilio,
631 2734 798 2808 curialiter,
826 2755 866 2798 ne
883 2743 1011 2815 possent
1024 2753 1137 2811 manua
1147 2733 1198 2816 lp·

170 2865 277 2907 sorum
292 2847 447 2926 elingere,
468 2846 610 2908 custodie
629 2846 756 2910 fuerunt
771 2845 948 2928 mancipati.

252 3065 315 3151 (16)
340 3068 420 3144 Quid
436 3071 535 3148 feccrit
555 3089 611 3130 ree
631 3070 721 3142 Belo,
753 3090 819 3133 cam
834 3090 889 3152 per
906 3070 1078 3132 Palatinum
1096 3071 1131 3131 da
1148 3071 1197 3133 is·

84 3212 87 3217 ·
171 3180 261 3240 troila
276 3179 469 3241 Tortororum
483 3182 735 3261 certificatuafuit.
771 3180 860 3242 circa
874 3199 951 3243 uero
966 3178 1105 3243 medium
1118 3196 1198 3260 qua·

172 3290 347 3371 dragesime
378 3292 465 3355 uenit
489 3293 529 3354 ad
551 3313 659 3373 regem
682 3292 862 3355 cursitando
883 3312 964 3355 unus
987 3292 1027 3355 de
1047 3288 1197 3363 militibus

172 3401 318 3477 Palatini,
341 3424 380 3466 ex
404 3414 492 3486 parte
514 3403 612 3485 ipsius
635 3404 795 3476 reserens,
824 3402 990 3486 quodiam
1010 3402 1050 3464 nd
1073 3410 1198 3483 portam
1233 3392 1239 3403 ’

172 3514 285 3577 llnscie
299 3523 524 3596 peruenerant,
545 3525 577 3577 et
586 3515 751 3596 indagines
766 3515 985 3586 destruebant,
1006 3521 1038 3577 et
1050 3532 1115 3575 non
1129 3531 1198 3577 cra·

172 3624 287 3688 debant
298 3627 383 3708 quod
394 3626 551 3690 Palatinus
561 3635 670 3709 posset
681 3626 727 3688 eis
736 3624 900 3698 resistere,
919 3623 980 3686 nisi
994 3644 1052 3688 rex
1061 3623 1200 3689 mitteret

172 3736 202 3797 ei
216 3736 366 3800 auxilium
379 3736 540 3800 festinum.
568 3759 625 3801 rex
638 3737 742 3802 adbuc
757 3736 954 3810 incredulus,
973 3755 1081 3801 secum
1095 3754 1199 3815 maras

171 3856 219 3910 tos
241 3847 354 3911 milites
374 3869 439 3912 non
457 3849 604 3913 babebat.
639 3858 670 3911 et
690 3849 764 3912 dum
784 3847 818 3912 in
838 3847 997 3913 ansietate
1017 3846 1200 3919 brriusmodl

172 3970 386 4040 permaneret,
403 3970 517 4042 quarto
529 3961 580 4024 die
593 3970 718 4042 postea,
739 3959 826 4022 uenit
837 3961 921 4023 idem
931 3959 1028 4033 solus,
1042 3959 1096 4042 qui
1106 3966 1199 4023 nocte

172 4071 286 4153 dieque
313 4073 536 4148 cursitanerat,
565 4071 723 4135 Palatinus
748 4071 872 4136 dicens:
899 4073 985 4155 quod
1010 4070 1199 4135 duodecimo

172 4182 224 4247 die
245 4183 382 4250 intrante
403 4185 540 4263 Merme,
559 4183 706 4269 inportu
724 4203 931 4269 conpressum
949 4183 1106 4251 babuerat
1126 4198 1200 4255 cun
