2798 4764
168 331 465 400 mutauere
478 334 654 383 ruiturum
665 334 820 389 remmam
829 332 1002 393 ww.
1014 313 1113 389 :aaut
1131 311 1194 390 581

170 493 204 555 in
215 492 336 556 eisdem
349 492 440 556 sedet
454 500 485 555 ct
499 492 683 575 gratulatur,
699 492 835 555 seriatim
850 490 1053 555 rescribendo
1063 491 1103 554 ad
1115 500 1197 557 etar-

170 623 244 667 nanu
264 604 310 666 rei
325 603 507 667 memorium
528 603 749 677 inuiolabiliter
764 612 870 671 nostro
884 602 1085 685 dignaremur
1099 602 1197 686 prim-

171 716 253 800 legio
268 715 465 791 confirmare,
482 725 514 781 et
526 716 669 800 prodicta
683 716 848 799 priuilegia
863 736 919 798 per
931 715 994 779 hoc
1008 724 1197 787 restaurare.

170 830 284 912 quibus
312 829 423 893 auditis
452 838 483 893 et
511 830 593 893 clare
619 829 805 904 intellectis,
839 829 975 894 manime
1004 831 1079 912 quia
1115 830 1197 902 iusta

172 951 278 1017 eraut,
299 963 361 1026 que
388 963 444 1023 per
468 943 570 1025 ipsum
594 943 789 1024 petebantur,
811 951 844 1007 et
865 943 938 1025 quia
961 942 1062 1006 oolam
1085 961 1145 1006 nor
1165 950 1197 1006 at

173 1065 297 1117 nostros
311 1074 511 1118 successores
526 1054 673 1137 tangebat
692 1075 787 1136 snper
803 1074 911 1117 omnes
928 1053 1075 1118 ecclesius
1091 1054 1198 1119 catho-

165 1167 277 1231 -dralcs
290 1167 516 1249 specialissimo
531 1165 599 1229 iure
617 1174 811 1247 patronatus,
832 1165 871 1228 de
886 1185 1044 1230 consensu
1058 1165 1197 1228 omnium

173 1277 322 1343 nobilium
343 1277 507 1340 nobiscum
527 1277 559 1338 in
583 1284 692 1339 nostra
711 1277 960 1359 congregacione
987 1276 1197 1341 assidouoium

174 1389 391 1462 decreuimus,
427 1389 512 1471 quod
541 1387 629 1450 XXV
656 1389 797 1451 seniores
826 1389 976 1451 nobilium
1006 1389 1045 1452 do
1081 1390 1198 1455 diecesi

173 1502 317 1585 Agricnsi
336 1501 537 1584 eligerentur,
564 1501 617 1582 qui
639 1507 721 1563 tacto
742 1499 868 1565 uiuifice
890 1502 992 1563 crucis
1012 1501 1108 1585 liguo,
1136 1503 1197 1567 sub

172 1615 249 1678 fidei
270 1612 438 1696 religione,
459 1632 568 1675 omnes
591 1611 751 1675 libertates
773 1611 906 1675 ecclesie
924 1613 1084 1696 agriensis
1106 1614 1197 1683 nobie

174 1724 384 1809 publicarent,
407 1732 439 1786 et
462 1723 631 1805 publicatas
652 1724 685 1786 in
706 1723 837 1786 sormam
859 1724 1017 1807 priuilegii
1035 1725 1136 1789 nostri
1156 1726 1198 1791 ad

174 1846 315 1901 eternam
329 1837 374 1900 rei
390 1834 572 1897 memoriam
587 1835 688 1917 redigi
703 1835 888 1898 laceremus.

255 1949 370 2012 Electis
385 1968 459 2029 ergo
474 1947 550 2029 ipsis
564 1948 731 2021 nobilibus,
746 1947 895 2037 uidelicet
908 1949 1020 2013 Ireneo
1035 1983 1076 1997 -
1091 1951 1130 2014 tle
1145 1970 1200 2034 ga-

174 2080 250 2123 nere
271 2061 370 2133 Acus,
392 2059 466 2122 item
486 2059 706 2122 malachiano
728 2060 768 2122 do
789 2060 912 2133 Debro,
933 2060 1007 2123 item
1026 2062 1200 2137 (lethardo,

175 2170 283 2234 Paullo
297 2170 426 2244 comite,
446 2168 511 2232 filio
535 2168 713 2251 Compoldi,
734 2171 920 2233 Leustaolrio
941 2171 1065 2252 lluguo,
1087 2170 1199 2236 comite

176 2282 321 2355 Nicoluo,
342 2282 435 2343 Petro
451 2289 482 2341 et
496 2280 631 2362 Georgio
653 2280 809 2343 nobilibus
825 2282 863 2344 de
878 2301 995 2363 genero
1011 2282 1104 2358 Alba,
1124 2283 1200 2351 itam

176 2393 256 2459 Gula
271 2403 303 2457 at
316 2394 411 2456 Serus
426 2394 464 2455 de
480 2413 598 2475 genere
612 2392 764 2474 Bartyan,
787 2392 891 2455 Uecbe
910 2402 942 2456 et
954 2393 1105 2469 Pioruslo,
1126 2396 1201 2463 item

176 2505 396 2569 bartholomeo
418 2514 449 2568 et
464 2506 486 2566 F
489 2504 620 2568 eliciano
643 2505 808 2569 comitibus
826 2505 865 2568 de
880 2505 1002 2588 Boragb
1018 2516 1050 2571 et
1064 2508 1201 2592 Ugooaa,

174 2617 250 2681 item
270 2618 383 2682 comite
408 2615 614 2679 aladarioue
632 2616 749 2691 sarad,
770 2617 845 2679 item
866 2617 907 2680 ll.
921 2618 1015 2680 lacon
1031 2638 1145 2703 magno
1160 2621 1201 2686 de

176 2729 415 2813 Nagy-Mibtrly,
435 2729 510 2791 item
526 2727 692 2792 comitibus
707 2729 806 2803 Hute,
826 2730 1000 2796 Laurencio
1021 2740 1054 2795 et
1067 2732 1201 2799 Omodlo

176 2842 216 2907 de
232 2862 348 2926 genere
360 2841 554 2916 Guthlrelecl,
575 2841 651 2905 item
665 2842 815 2924 magistro
829 2843 936 2926 Bagou
952 2853 984 2909 et
997 2844 1111 2909 comite
1125 2844 1203 2913 Gu-

175 2955 277 3020 hardo
303 2955 343 3017 de
368 2974 485 3036 genero
502 2953 625 3027 chaat,
654 2963 684 3017 et
705 2955 819 3018 comite
842 2956 998 3019 Abraham
1024 2958 1062 3020 de
1078 2956 1203 3033 Cboltb,

178 3068 217 3131 de
240 3067 387 3129 comitatu
409 3066 448 3127 de
470 3064 606 3139 Zarand,
627 3066 701 3128 item
725 3067 838 3129 comite
860 3067 1005 3131 Ladislao
1028 3069 1067 3130 de
1088 3069 1203 3143 nabot,

178 3182 252 3242 item
275 3178 446 3240 Benedicto
467 3179 507 3240 de
528 3178 603 3240 laun
624 3179 664 3241 de
687 3198 802 3259 genere
818 3179 932 3251 Cutha,
954 3179 1028 3242 item
1050 3178 1202 3241 Michaele

178 3290 244 3351 filio
259 3289 338 3351 Ubul
359 3289 398 3351 de
414 3288 683 3371 Nagy-Sennien,
705 3296 851 3370 presente
867 3287 1001 3351 discreto
1015 3287 1087 3350 uiro
1101 3289 1203 3351 Bono·

179 3401 261 3464 dicto
279 3402 439 3486 preposito
455 3400 620 3463 Orodieusi
641 3399 902 3463 uicerancellario
924 3408 1031 3462 nostro
1045 3397 1158 3461 dilecto
1172 3406 1204 3462 et

178 3513 283 3588 bdeli,
300 3523 382 3578 tacto
400 3511 524 3576 uiuifice
547 3511 648 3573 crucis
672 3511 769 3593 ligno,
789 3513 973 3574 iurauerunt
991 3513 1022 3573 io
1037 3510 1120 3573 huno
1136 3531 1204 3575 mo·

179 3626 264 3702 dum,
276 3635 371 3708 prout
384 3627 468 3687 idem
485 3623 760 3687 uicecaucellurius
776 3632 882 3684 noster
896 3631 925 3684 ct
941 3622 1061 3686 nobiles
1075 3622 1116 3685 ad
1131 3642 1204 3706 pro·

178 3739 295 3804 dictum
323 3738 533 3801 iuramentum
558 3735 648 3799 electi
673 3735 871 3799 concorditer
895 3735 1086 3810 retulerunt,
1116 3735 1205 3818 qood

176 3852 309 3916 ecclesia
319 3849 480 3933 Agriensis
494 3847 608 3912 talibus
622 3848 817 3912 libertatibus
828 3854 860 3909 et
873 3846 1045 3931 priuilegio
1058 3847 1205 3914 armatis

176 3966 305 4048 regibus
320 3962 491 4026 exstitisset
507 3963 668 4027 decorata:

261 4079 319 4152 (1)
339 4076 475 4158 primum
496 4076 582 4160 quod
603 4082 737 4139 uacante
749 4073 986 4158 sedoAgriousi
1007 4071 1112 4136 nullm
1125 4071 1205 4137 aliu

179 4188 280 4283 pouit
296 4185 370 4273 eligi
387 4185 421 4252 ln
435 4186 634 4278 syncopam,
653 4185 714 4255 nisi
725 4184 842 4253 nobilio
854 4204 972 4274 genero
986 4193 1018 4251 ot
1030 4183 1107 4250 ioris
1119 4178 1206 4271 oui-
