2798 4764
404 360 543 410 arromr
564 359 664 411 onera
685 365 894 413 uoucsrororr
916 345 992 434 (51).
1170 351 1228 416 tr.

181 516 216 581 iu
231 533 289 579 ore
308 513 402 598 gladii
417 534 546 592 eorum,
573 536 769 602 regnumque
783 519 1014 584 Pannoniorum
1029 540 1213 603 occupasse,

181 637 215 693 et
228 629 375 691 inimicos
389 647 499 691 eorum
515 636 586 692 ante
603 630 716 693 faciem
731 631 862 714 fugisse.
885 640 959 695 tunc
974 634 1036 695 (lux
1046 634 1212 696 lienumo·

179 749 255 805 rout
265 741 395 804 dimissa
409 740 607 804 multitudine
622 742 753 804 militum
768 744 801 805 in
812 751 916 806 castro
928 744 1042 826 Bybor,
1056 747 1125 828 lpse
1140 765 1211 810 cnm

180 872 281 917 uxore
305 861 339 916 et
361 850 427 915 filie
449 873 506 916 sue
528 853 651 937 fugiens
672 873 691 916 a
714 854 794 918 faeie
819 874 948 929 eorum,
975 858 1008 917 in
1031 859 1209 922 nemoribus

181 965 286 1050 Ygfon
301 964 443 1028 babitare
459 966 554 1047 cepit.
579 966 706 1029 Usubuu
723 976 753 1030 et
764 967 861 1030 Ueluc
876 968 1042 1051 omnisque
1054 971 1209 1032 exercitus

183 1096 296 1142 corum
310 1077 365 1139 leti
381 1085 490 1139 contra
506 1086 642 1140 castrum
654 1078 759 1160 Bybor
774 1080 916 1162 equitare
932 1088 1102 1162 ceperunt,
1115 1089 1147 1143 et
1160 1100 1213 1144 ca·

180 1198 246 1254 stra
267 1189 377 1253 metati
395 1197 468 1251 sunt
488 1190 572 1252 iuxta
592 1190 723 1253 fluuium
743 1191 867 1255 Iouras.
901 1193 1000 1255 tercio
1015 1203 1119 1256 autem
1144 1193 1213 1270 die,

183 1301 333 1365 ordinatis
354 1300 560 1374 exercitibus,
590 1303 629 1363 ad
653 1311 789 1364 castrum
811 1302 954 1366 Bellurad
978 1305 1098 1387 egressi
1123 1313 1214 1380 sunt,

187 1413 266 1476 deut
278 1432 296 1476 e
308 1430 468 1475 conuerso
484 1413 598 1475 milites
613 1415 795 1497 congregati
813 1435 853 1477 ex
867 1416 1001 1479 diuersis
1016 1417 1212 1493 nacionibus,

192 1530 296 1587 contre
307 1523 437 1587 Usubuu
460 1532 491 1588 et
509 1544 583 1587 suos
605 1525 720 1588 milites
734 1509 875 1609 pugnare
891 1537 1053 1610 ceperunt.
1080 1528 1162 1613 Sycli
1177 1537 1210 1594 ct

188 1636 336 1720 ilungarii
357 1638 472 1700 ictibus
494 1639 676 1721 sagittarum
691 1638 804 1702 multos
819 1639 963 1702 homines
976 1639 1212 1717 interfecerunt,

186 1748 313 1811 Usubuu
328 1756 361 1811 et
375 1747 472 1810 Ueluc
491 1770 550 1832 per
563 1748 690 1813 balistas
705 1759 831 1812 centum
846 1751 958 1835 uiginti
972 1751 1112 1833 quinque
1130 1752 1212 1816 mili-

184 1869 232 1924 tes
247 1861 448 1934 occiderunt,
470 1870 501 1923 et
523 1870 695 1945 pugnatum
714 1871 761 1926 est
784 1865 934 1927 intereos
950 1864 1117 1928 duodecim
1132 1865 1211 1938 (lies,

184 1980 216 2036 ct
231 1973 274 2037 tle
287 1973 438 2037 militibus
453 1973 580 2036 Usubuu
595 1975 705 2057 uiginti
720 1975 871 2058 Hungarii
887 1983 918 2037 et
932 1975 1112 2058 quindecim
1126 1975 1209 2058 Sycli

181 2085 341 2149 interfecti
363 2093 446 2148 sunt.
477 2087 575 2148 tercio
596 2095 700 2148 autem
723 2087 789 2160 die,
811 2107 882 2149 cnm
903 2086 1055 2169 Hungarii
1078 2095 1111 2149 et
1130 2087 1211 2170 Syrli

181 2197 300 2260 fossata
324 2199 418 2259 castri
442 2194 672 2279 impleuissent,
703 2208 733 2262 et
758 2199 858 2262 scalas
881 2198 920 2261 ad
941 2218 1065 2261 murum
1087 2218 1208 2280 ponere

180 2308 315 2382 uellent,
328 2307 442 2372 milites
457 2310 545 2373 ducis
556 2310 778 2373 Menumorout
791 2311 935 2374 uidentes
948 2310 1111 2373 audaciam
1124 2309 1213 2372 llun·
1268 2364 1274 2375 .

182 2438 349 2504 garorum,
364 2430 516 2502 ceperunt
526 2441 639 2504 rogare
650 2430 721 2503 post
732 2422 810 2483 duos
823 2420 980 2503 principes
993 2421 1167 2494 exereitus,
1182 2428 1215 2485 et

183 2542 294 2616 aperto
321 2540 441 2606 castro,
468 2534 559 2596 nudis
583 2534 736 2615 pedibus,
764 2532 977 2616 supplicantes
1002 2541 1075 2595 autc
1099 2532 1213 2596 faciem

184 2644 314 2707 Usubuu
330 2651 362 2706 et
375 2644 470 2707 lleluo
486 2656 661 2719 uenerunt,
682 2646 793 2728 quibus
810 2645 938 2708 Usubuu
953 2654 984 2709 ct
998 2644 1093 2708 Ueluc
1107 2654 1214 2708 custo·

187 2757 270 2820 (liam
284 2765 449 2841 ponentes,
462 2758 521 2839 ipsi
535 2758 567 2820 in
583 2769 719 2822 castrum
730 2758 835 2841 Bybor
849 2759 1057 2832 intrauerunt,
1072 2766 1103 2821 et
1115 2757 1214 2822 multa

187 2867 268 2931 bona
282 2868 408 2931 illorum
422 2869 554 2932 militum
570 2869 645 2932 inibi
659 2869 860 2932 inuenerunt.
884 2869 952 2930 Hoc
964 2889 1036 2931 cum
1049 2869 1214 2931 lienumo·

187 2986 258 3042 rout
276 2999 335 3063 per
355 2981 487 3042 nuncios
512 2979 588 3063 fuga
609 2971 713 3063 lapsbs
736 2980 925 3053 audiuisset,
951 2980 1042 3043 irruit
1062 2981 1094 3043 in
1113 2980 1214 3042 maxi·

189 3109 271 3154 mum
287 3093 447 3166 timorem,
469 3101 501 3155 et
514 3093 596 3155 misit
615 3093 747 3156 nuncios
770 3111 844 3156 suos
866 3112 938 3156 cum
955 3093 1088 3156 diuersis
1102 3112 1214 3155 mune-

187 3205 272 3268 ribus
293 3205 333 3268 ad
347 3205 476 3268 Usubuu
490 3215 522 3269 et
536 3204 648 3279 Uoluc,
679 3214 711 3268 et
725 3206 846 3287 rogauit
861 3225 927 3278 eos,
956 3214 991 3268 ut
1005 3206 1065 3286 ipsi
1080 3206 1149 3287 paci
1164 3205 1211 3266 fa·

187 3326 299 3382 nentes
322 3318 443 3401 legatos
465 3337 539 3380 suos
562 3319 603 3380 ad
625 3318 738 3380 ducem
760 3318 865 3400 Arpad
891 3318 987 3380 eundi
1009 3317 1213 3388 dimitterent,

188 3430 240 3516 qui
259 3431 449 3494 nunciarent
470 3431 518 3492 ci:
545 3431 631 3513 quod
653 3430 890 3503 Menumorout,
919 3430 972 3512 qui
995 3430 1067 3492 duci
1088 3431 1212 3510 Arpad,

187 3543 289 3625 primo
304 3561 363 3626 per
378 3540 499 3624 legatos
515 3542 669 3623 proprios,
690 3539 851 3623 bulgarico
866 3541 962 3603 corde
976 3541 1111 3623 superbe
1125 3560 1214 3606 man·-

188 3655 302 3730 tlrntlo,
322 3663 440 3718 terram
455 3672 525 3716 cum
540 3653 658 3737 pugillo
672 3672 707 3715 se
723 3653 867 3715 daturum
880 3653 1029 3735 negabat,
1045 3653 1142 3717 modo
1155 3666 1214 3735 pe‘r

186 3770 315 3832 eosdem
338 3767 470 3830 nuncios
490 3768 592 3831 uictus
616 3775 647 3829 ct
666 3774 852 3848 prostratus,
883 3774 983 3829 totum
1003 3785 1151 3850 regnum,
1180 3774 1212 3830 et

186 3881 273 3945 Zultc
299 3879 364 3942 filio
384 3880 490 3963 Arperl
517 3879 613 3943 filiam
637 3898 725 3942 suam
749 3879 824 3944 (lare
848 3897 913 3942 non
937 3879 1105 3943 dubitaret.
1135 3887 1212 3942 tunc

184 3993 315 4058 Usubuu
330 4000 362 4055 et
376 3992 471 4055 Ueluc
492 3990 655 4056 consilium
670 3991 738 4055 eius
750 3990 975 4066 laudauernnt,
996 3999 1029 4054 et
1042 4008 1113 4054 curn
1126 3989 1213 4074 lege·

184 4109 224 4171 tis
241 4107 307 4170 suis
327 4107 459 4170 nuncios
478 4106 648 4178 misemnt,
670 4105 723 4188 qui
738 4104 899 4168 dominum
920 4123 1011 4166 suum
1026 4104 1137 4166 ducem
1152 4104 1211 4164 Ar·

183 4218 317 4305 prolium
337 4228 434 4285 causa
452 4219 541 4303 paris
560 4224 722 4303 rogarent.
754 4217 808 4303 qui
822 4234 894 4281 cram
905 4215 1041 4281 mentam
1056 4212 1152 4300 Sepol
1164 4213 1213 4278 in-
