2798 4764
220 338 283 409 tao
303 328 704 409 mcnrr.‘rsssscosnrno
716 358 903 407 roroaosmr
916 356 1135 407 orsrrsrsrorr.
1157 336 1249 405 tata.

219 536 286 581 mon
305 517 437 591 habam,
464 517 522 579 sert
543 535 615 579 cum
634 515 748 581 exierit
765 515 806 577 de
824 522 926 577 castro
950 513 1035 576 uices
1054 534 1127 577 snas
1149 515 1248 597 possit

220 624 310 691 citeri
329 627 524 690 committere
544 647 645 709 nsque
665 627 705 689 ad
728 625 944 691 reuersionam
965 645 1067 688 suam.
1095 645 1159 687 non
1174 643 1249 687 rau·

221 756 289 801 sam
316 757 379 820 qna
407 738 446 801 ad
471 738 718 800 destructionem
746 736 839 811 uitio,
868 735 921 800 uel
943 738 984 801 art
1008 736 1249 819 productionem

220 846 383 922 libertatis,
398 848 483 911 aiiud
497 869 536 912 ex
550 849 626 929 ipsis
637 867 752 930 urgere
767 847 868 928 possit
881 854 914 911 et
925 846 1065 911 iudicare
1079 854 1249 928 presumat,

219 960 278 1023 aad
292 959 398 1021 comiti
412 968 554 1023 reseruet
567 959 780 1021 indicandum.

304 1068 349 1151 (6)
373 1072 450 1135 Item
479 1071 682 1153 prohibemus
710 1090 751 1132 ne
780 1071 904 1134 curiatis
931 1090 1039 1132 comes
1066 1070 1248 1131 occasiones

218 1180 362 1245 incrrndi
376 1200 524 1264 querens,
542 1181 665 1263 atiqnos
680 1181 768 1244 citari
782 1181 894 1254 iaciat,
914 1182 968 1264 qui
984 1201 1046 1243 non
1061 1180 1178 1243 habent
1192 1180 1248 1242 art·

220 1292 392 1365 namrios,
412 1292 603 1373 imponendo
616 1291 678 1353 iliis
692 1292 778 1375 quod
793 1310 884 1355 suurn
897 1291 1085 1353 maleficium
1099 1292 1249 1362 celarent,

218 1404 276 1469 aci
298 1423 369 1467 cnm
398 1411 486 1483 parte
510 1404 644 1467 aduersa
670 1410 777 1484 preter
800 1403 897 1484 ipsius
921 1403 1151 1466 conscienciam
1180 1420 1248 1463 rem

222 1516 465 1597 composuerint

240 1668 252 1677 --
304 1624 355 1707 (¹1)
374 1626 457 1689 ltern'
462 1624 627 1689 statuimus
641 1645 682 1688 na
693 1623 819 1688 curialis
829 1644 936 1688 comes
949 1645 1040 1688 suum
1055 1623 1248 1687 seruientem

223 1744 369 1819 agentem
383 1736 522 1798 iudicare
540 1744 719 1817 presumat,
738 1736 795 1798 seri
810 1736 915 1799 comiti
928 1744 1096 1797 conseruet
1108 1734 1249 1796 iudican-

205 1826 316 1919 tium,
337 1854 369 1908 et
390 1864 497 1909 comes
517 1864 583 1907 non
603 1845 720 1909 indicet
739 1864 806 1920 eos,
826 1846 885 1909 nisi
908 1846 940 1908 in
958 1846 1122 1928 presencia
1142 1845 1249 1907 iobba·

221 1954 352 2041 donam
366 1958 470 2021 castri.

236 2106 258 2125 .·
307 2065 354 2151 (8)
374 2071 452 2133 Item
474 2070 638 2133 statuimus
657 2088 699 2133 ne
717 2070 757 2133 ad
773 2068 967 2151 presenciam
982 2069 1096 2132 iudicis
1109 2068 1249 2132 extranei

219 2180 305 2247 noui
327 2182 446 2263 possint
465 2190 570 2263 preter
583 2199 676 2245 snum
689 2182 833 2244 comitem
854 2180 907 2243 uel
926 2180 1076 2244 curialem
1094 2181 1249 2243 comitem.

222 2292 281 2357 seri
302 2293 329 2355 si
352 2292 413 2374 ipsi
438 2293 470 2354 in
495 2292 673 2356 exhibenda
699 2290 820 2355 iusticia
843 2289 1037 2374 negligentes
1062 2289 1251 2364 exstiterint,

224 2422 329 2467 coram
343 2404 498 2485 superiori
519 2404 756 2467 conueniantur.

306 2514 358 2595 (9)
379 2513 513 2577 Bitotnm
529 2515 657 2577 omnino
671 2514 844 2579 abolemus.

307 2622 373 2705 (10)
404 2626 479 2686 item
493 2626 657 2688 statuimus
672 2634 706 2687 ut
719 2626 745 2687 si
762 2634 825 2688 tota
841 2625 913 2688 uilia
929 2626 962 2687 in
976 2626 1091 2688 iudicio
1106 2646 1251 2688 remane-

222 2734 270 2799 bit
282 2736 363 2797 iuter
377 2736 513 2798 iudicem
527 2744 560 2800 et
579 2735 764 2817 pristaidum
786 2755 923 2799 necnon
940 2747 1059 2817 partem
1075 2737 1250 2808 aduersam,

223 2843 349 2909 soiuarrt
370 2848 480 2937 decem
501 2866 615 2929 pensas
636 2865 695 2929 pro
717 2845 843 2908 iudicio.
865 2865 936 2909 cum
959 2866 1037 2909 uero
1061 2846 1171 2928 aliquis
1187 2847 1251 2907 sin·

224 2956 373 3041 puiariter
384 2959 583 3031 remanserit,
597 2957 699 3021 sotuat
712 2965 838 3020 centum
853 2957 1000 3021 denarios
1013 2957 1158 3022 similiter
1169 2958 1251 3020 inter

224 3084 345 3131 omnes.

308 3177 375 3260 (11)
396 3182 472 3243 ltem
489 3180 663 3253 statuimus,
679 3178 704 3241 si
720 3179 790 3263 quis
805 3200 845 3242 ex
858 3179 934 3261 ipsis
948 3180 1076 3243 fratrem
1091 3160 1248 3243 uterinum

224 3290 345 3357 habens
365 3292 433 3353 siue
455 3290 573 3354 herede
599 3290 784 3365 decesserit,
815 3312 879 3353 non
901 3292 1023 3375 dicatur
1042 3293 1110 3354 sine
1131 3291 1249 3353 herede

226 3403 416 3477 decessisse,
442 3403 498 3465 sed
524 3404 621 3466 trater
645 3403 713 3465 eius
736 3402 879 3465 uterinus
905 3421 962 3482 pro
987 3401 1052 3464 titio
1077 3445 1249 3464 ........

225 3532 436 3576 successores.
464 3513 490 3575 si
510 3532 589 3575 uero
612 3513 736 3576 tratrem
752 3513 909 3575 uterinum
924 3532 986 3576 non
1001 3512 1162 3585 habuerit,
1183 3531 1249 3573 rne-

226 3623 326 3687 dietas
346 3624 500 3685 bonorum
521 3624 702 3686 decedentis
724 3625 763 3686 ad
786 3643 915 3687 uxorem
937 3633 968 3687 et
982 3624 1076 3685 titiam
1095 3624 1146 3685 uel
1160 3621 1248 3695 filias,

225 3732 427 3806 aihabuerit,
448 3732 585 3815 iegitime
605 3733 804 3807 denotantur,
824 3734 1024 3796 medietatem
1044 3752 1121 3796 uero
1143 3752 1249 3795 comos

224 3843 364 3924 recipiat.
395 3843 422 3905 si
436 3887 445 3904 .
458 3886 468 3905 .
482 3886 491 3904 .
505 3888 513 3905 .
529 3844 652 3924 penitus
671 3843 760 3926 prote
782 3845 932 3918 caruerit,
953 3844 1049 3907 tercia
1062 3864 1135 3926 pars
1149 3843 1249 3905 bono·

220 3972 296 4017 rum
317 3954 500 4020 decedentis
515 3956 557 4019 sit
575 3956 701 4031 uxoris,
720 3956 784 4018 dna
798 3964 902 4037 partes
923 3962 1027 4018 autem
1042 3955 1083 4018 ad
1104 3955 1249 4019 comitem

224 4067 420 4153 pertineant,
440 4067 521 4131 sicut
533 4068 647 4131 iustum
662 4076 696 4131 et
709 4077 893 4131 consuetum
909 4075 968 4131 est.

307 4173 373 4263 (12)
393 4178 471 4243 ttenr
484 4178 666 4257 statuimus,
683 4186 719 4246 ut
735 4196 808 4245 cara
824 4177 1000 4245 iuramenta
1019 4179 1061 4245 ad
1082 4179 1249 4267 purgacio-
