2798 4764
100 336 104 347 ·
212 321 276 391 Old
554 339 627 385 vira
647 337 674 385 s.
689 338 823 385 anunm
843 315 900 405 (7).
1173 362 1207 402 γ.

215 492 328 578 pheta,
349 501 383 558 ut
403 491 507 576 possis
527 492 561 556 in
580 500 693 561 uentre
716 494 776 557 ceti
799 494 897 557 tribue
915 493 1026 556 diebus
1047 511 1245 574 permanere.

215 607 310 690 igitur
331 607 454 690 placeat
474 605 531 669 tibi
552 605 718 668 eonsilium
740 624 862 680 meum,
887 616 921 670 ut
939 612 1105 668 conuertas
1123 614 1246 668 mentes

214 718 406 792 infidelium,
428 718 469 780 ad
482 716 679 781 liberandum
701 716 822 779 animas
837 735 855 779 a
870 716 1057 779 demonibus
1072 717 1247 797 qiossessas,

215 838 396 911 sanctorum
418 826 632 910 apostolorum
650 826 802 890 inritando
821 827 975 910 exempla.
1002 827 1087 909 quod
1101 827 1161 890 bac
1176 826 1246 891 uice

214 940 305 1026 plebs
322 941 519 1023 Ungarorum
542 939 677 1002 maxime
701 938 850 1020 requirit,
881 958 985 1021 neque
1009 938 1044 1000 in
1065 939 1184 1001 mundo
1206 939 1247 1002 ad

215 1051 384 1117 lucrandas
404 1051 522 1114 animas
544 1049 672 1112 domino
694 1048 797 1112 locum
820 1051 860 1112 ad
880 1068 1012 1132 presens
1031 1051 1174 1114 inuenire
1191 1071 1248 1133 po-

216 1163 292 1229 teris
313 1161 485 1244 apciorem.
515 1181 576 1244 ego
595 1169 700 1224 autem
714 1168 842 1243 paratus
855 1181 925 1224 sum
939 1162 1099 1226 caritatem
1113 1169 1199 1224 tuam
1214 1161 1248 1224 iu

217 1274 364 1339 omnibus
392 1272 553 1337 adiuuare.
595 1272 679 1335 unde
704 1272 871 1335 subridens
896 1271 1041 1337 dominus
1066 1271 1247 1335 Gerbardus

218 1385 390 1449 mirabatur
412 1383 446 1446 in
466 1382 571 1447 uerbis
593 1382 674 1457 suis,
692 1383 770 1465 quia
786 1403 948 1465 nunquam
969 1383 1031 1446 tale
1048 1383 1124 1466 quid
1138 1402 1248 1446 ascen·

219 1498 309 1561 derat
328 1498 362 1559 in
383 1516 437 1558 cor
452 1497 520 1559 eius
537 1495 570 1558 in
593 1495 812 1578 predicacione
835 1503 866 1558 et
885 1494 1093 1559 conuersione
1107 1495 1248 1577 Ungaro·

218 1627 305 1683 rum,
327 1627 385 1690 pro
407 1607 520 1688 quibus
541 1608 609 1689 ipse
623 1605 739 1669 llasioa
758 1615 823 1670 tum
845 1605 977 1669 sollicite
999 1605 1146 1669 laborare
1168 1607 1248 1670 nite-

218 1721 321 1784 batur.
350 1718 588 1801 diffininitergo
603 1719 687 1799 apud
701 1739 736 1781 se
752 1718 895 1782 dominus
910 1718 1091 1782 Gerbardus
1106 1718 1249 1801 acquies-

219 1851 293 1903 cere
307 1831 445 1895 consiliis
460 1831 582 1895 abbatis
597 1830 722 1894 llasine.

302 2048 347 2134 (7)
368 2052 585 2116 descedentes
599 2073 675 2135 ergo
690 2052 782 2117 simul
796 2072 911 2118 nauem
925 2062 1080 2118 uenerunt
1095 2055 1250 2129 Zadriam,

219 2165 275 2231 ubi
288 2164 439 2228 ordinatis
453 2165 550 2227 uictui
570 2164 770 2238 necessariis,
791 2163 942 2248 librisque
956 2163 1053 2227 asinis
1071 2166 1136 2227 suis
1149 2165 1250 2246 impo-

220 2275 298 2350 silis,
319 2284 458 2339 assumto
472 2295 580 2338 seeum
595 2276 732 2358 quodam
748 2276 898 2351 duetore,
920 2276 1012 2340 Croto
1028 2277 1173 2363 nomine,
1195 2277 1250 2358 qui

220 2391 289 2454 uias
302 2411 339 2452 ac
355 2388 482 2453 semitas
496 2387 620 2451 illarum
636 2388 775 2471 parcium
790 2396 943 2464 nouerat,
965 2409 1045 2471 quos
1060 2389 1100 2451 ad
1116 2409 1250 2471 precep-

219 2510 286 2566 tum
306 2502 424 2564 domini
442 2500 492 2564 sui
513 2521 613 2583 usque
634 2500 667 2577 iu
681 2501 784 2582 Engat
805 2499 873 2562 sine
896 2499 1069 2563 offensione
1091 2500 1251 2574 conduxit,

218 2612 358 2693 indeque
380 2609 535 2673 associato
556 2612 747 2673 conductore
766 2610 828 2674 alio
851 2612 1012 2685 ordinato,
1034 2611 1135 2674 dietus
1155 2610 1250 2674 Croto

220 2721 370 2785 tendebat
391 2742 503 2783 uorsus
523 2721 677 2785 orientem
698 2720 830 2802 ingredi.
855 2722 984 2785 tandem
999 2719 1251 2803 Quinqueecele-

220 2833 283 2895 sias
304 2833 345 2895 ad
366 2831 527 2895 domiuum
541 2833 685 2894 Maurum
707 2832 889 2914 episcopum
910 2840 1143 2921 peruenerunt,
1163 2851 1251 2894 oum-

221 2964 284 3028 quo
311 2944 355 3006 ibi
377 2962 498 3006 moram
523 2943 665 3007 lacerent
688 2943 838 3029 episcopo
865 2964 921 3009 eos
944 2946 1113 3020 retinente,
1138 2945 1252 3008 accidit

221 3056 383 3121 dominum
403 3054 602 3118 Anastasium
616 3055 857 3119 Waradiensem
885 3057 1031 3121 abbatem
1056 3057 1118 3137 illis
1140 3057 1250 3121 diebus
1288 3071 1299 3089 ·
1326 3038 1332 3045 ¹

222 3167 523 3253 Quinqneecclesias
543 3168 726 3251 peruenire,
746 3169 800 3250 qui
819 3169 859 3231 ab
881 3170 996 3232 eodem
1017 3170 1167 3251 episcopo
1181 3189 1250 3231 sus·

221 3289 331 3364 ceptus
351 3289 408 3346 est.
439 3300 574 3362 cumque
592 3278 677 3344 idem
692 3280 788 3342 abbas
801 3281 984 3346 Anastasius
1008 3279 1248 3364 tamegregium

222 3391 370 3458 clericum
383 3391 567 3476 religiosum
580 3393 782 3475 cognouisset
795 3393 950 3477 episeopo
963 3400 1110 3457 narrante
1126 3394 1165 3455 de
1178 3392 1250 3455 l'ta-

222 3503 265 3568 lia
286 3506 469 3580 aduenisse,
488 3505 578 3570 uenit
601 3505 640 3572 ad
664 3524 737 3569 eum
761 3504 930 3581 lesbuans,
960 3506 1015 3568 ubi
1037 3505 1199 3568 habitabat
1217 3505 1250 3565 in

222 3616 359 3695 quadam
374 3618 468 3679 domo
482 3618 662 3700 separatim,
675 3637 810 3700 cumque
825 3626 933 3680 mutuo
946 3617 1163 3698 loquerentur,
1177 3632 1250 3695 cog·

222 3724 311 3786 uouit
324 3744 396 3787 eum
411 3727 522 3788 tamin
537 3729 645 3792 uerbis
663 3727 797 3791 discrete
813 3727 958 3809 prolatis,
978 3745 1075 3809 quam
1093 3724 1127 3785 in
1140 3723 1249 3786 babitu

221 3834 361 3915 corporis
374 3834 536 3899 bominem
551 3839 646 3903 deum
660 3845 854 3904 metuentem
867 3856 949 3902 esse.
975 3836 1034 3919 bys
1049 3835 1183 3918 peractis
1199 3837 1250 3899 die

220 3946 365 4029 sequenti
380 3946 508 4010 Maurus
531 3949 782 4034 episcopocum
798 3968 871 4014 com
886 3947 1013 4012 domino
1028 3948 1141 4013 abbate
1162 3951 1252 4013 uoni-

223 4067 311 4123 outes
325 4059 367 4122 ad
380 4058 509 4121 domum
530 4060 585 4123 ubi
604 4060 831 4144 hospitabatur,
851 4060 1047 4145 prebuerunt
1061 4061 1090 4125 ei
1105 4065 1252 4127 consola·

222 4168 347 4239 cionem
366 4168 504 4236 frausne
516 4171 666 4243 mritetis·
692 4172 776 4245 inter
787 4181 897 4247 mutos
909 4178 1017 4238 eutem
1030 4173 1188 4260 colloquia
1207 4151 1252 4239 alt

752 4324 765 4362 b
