2798 4764
214 335 276 399 572
364 351 624 401 cossmrorrorurs
645 351 781 399 sr'uonos
803 353 957 400 nuoessrs.
1001 335 1090 400 1979.

215 515 292 571 nent
312 509 515 590 patronatus,
529 509 651 570 iusticia
670 528 705 569 ac
723 508 792 570 iure
814 507 907 589 plene
928 507 1062 570 seruatis
1081 526 1118 568 ac
1136 505 1243 577 saluis,

217 638 278 701 que
293 619 338 680 eis
353 639 371 679 a
385 619 482 680 sacris
496 620 668 681 canonibus
687 620 902 680 conceduntur
916 628 1009 700 atque
1024 626 1200 680 seruentur.

298 727 363 810 (16)
385 730 461 791 Cum
487 731 527 790 ad
550 730 704 792 beneficia
727 730 937 792 ecclesiastica
962 750 1068 791 curem
1090 729 1245 790 habencia

217 842 390 903 animarum
410 860 564 902 annexam
587 841 665 902 tales
680 842 770 922 queri
792 843 928 904 debeant
942 851 974 904 et
988 841 1122 913 admitti,
1144 841 1243 921 quiin

216 953 293 1034 ipsis
315 952 475 1014 beneficiis
497 953 596 1015 uelint
617 964 648 1016 et
670 953 797 1015 ualeant
812 954 970 1026 residere,
993 961 1024 1014 et
1037 952 1244 1034 personaliter

200 1085 276 1147 'per
295 1085 329 1126 se
352 1066 436 1145 ipsos
458 1072 489 1125 et
507 1085 569 1126 non
590 1084 646 1145 per
661 1064 737 1126 alios
755 1065 931 1137 deseruire,
954 1065 1135 1125 ordinamus
1150 1072 1244 1144 atque

217 1175 418 1257 precipimus,
434 1183 468 1237 ut
482 1194 590 1238 omnes
605 1185 636 1238 et
650 1174 764 1257 singuli
779 1173 920 1256 plebani,
942 1183 1081 1237 rectores
1096 1182 1128 1236 et
1141 1173 1246 1254 capel-

217 1287 280 1348 lani
301 1287 502 1348 ecclesiarum
526 1287 750 1367 parochialium
776 1287 875 1350 tocius
892 1287 1062 1369 legacionis
1080 1286 1170 1347 nobis
1192 1304 1245 1369 co·

218 1399 313 1460 misse
327 1399 359 1459 in
374 1398 449 1478 ipsis
464 1398 645 1460 deseruiant
660 1417 762 1478 perse
777 1398 873 1477 ipsos,
903 1405 935 1459 et
951 1417 1015 1458 non
1031 1395 1244 1477 persicarios,

218 1509 420 1590 perhibentes
435 1528 474 1570 ne
489 1508 584 1590 aliqui
600 1507 708 1571 talium
719 1507 923 1570 ecclesiarum
938 1517 1076 1570 rectores
1087 1508 1126 1570 de
1138 1516 1245 1568 cetero

218 1618 337 1699 absque
353 1620 592 1680 diecesanorum
606 1638 778 1691 consensu,
799 1620 913 1699 quibus
934 1618 1067 1680 ecclesie
1089 1617 1156 1699 ipse
1171 1617 1246 1679 sub·

219 1737 304 1801 sunt,
326 1729 450 1809 aliquos
471 1729 634 1791 instituant
648 1729 792 1803 uicarius,
815 1729 864 1790 uel
878 1730 1035 1792 institutos
1049 1730 1081 1790 in
1097 1730 1141 1791 eis
1157 1736 1247 1791 tene·

220 1848 274 1902 ant
288 1840 339 1901 uel
354 1840 537 1901 sustineant.
566 1841 666 1921 etqui
681 1850 790 1904 contra
806 1840 939 1903 iecerint
951 1840 1105 1902 fructibus
1125 1850 1157 1902 et
1173 1861 1247 1921 pro·

218 1952 366 2016 uentibus
387 1950 470 2014 illius
490 1952 622 2014 ecclesie
644 1972 702 2034 per
724 1972 839 2014 annum
862 1951 924 2014 sint
943 1953 1012 2033 ipso
1033 1953 1100 2014 iure
1115 1952 1247 2033 priuati,

219 2062 357 2145 dictique
372 2062 492 2124 tructus
511 2064 549 2125 de
565 2064 714 2126 mandato
729 2064 886 2125 diecesani
902 2062 1044 2142 episcopi
1063 2062 1095 2123 in
1113 2062 1201 2124 libris
1215 2070 1248 2124 et

220 2159 420 2238 ornamenlls‘
434 2173 652 2236 ecclesiasticis
672 2176 713 2236 ad
731 2194 808 2255 opus
823 2174 963 2236 eiusdem
979 2173 1111 2236 ecclesie
1126 2173 1248 2236 irreuo·

220 2287 362 2351 rabiliter
383 2265 609 2368 expendantur.
640 2306 698 2349 nec
719 2296 812 2349 antea
837 2287 1012 2367 percipiant
1033 2287 1072 2349 de
1094 2285 1248 2348 fructibus

220 2399 425 2462 ecclesiarum
446 2398 603 2479 ipsarum,
633 2417 728 2479 quam
751 2396 945 2460 sufficienter
970 2397 1129 2469 cauerint,
1160 2397 1248 2477 quod

219 2510 400 2572 huiusmodi
415 2508 676 2571 constitucionem
691 2508 912 2570 inuiolabiliter
926 2508 1146 2568 obseruabunt.
1177 2508 1248 2570 illos

221 2630 324 2683 autern
346 2621 398 2701 qui
422 2628 529 2681 contra
545 2629 686 2680 tenorem
706 2618 942 2681 constitucionis
966 2618 1119 2698 presentis
1141 2618 1250 2680 hrrius-

220 2732 306 2792 modi
329 2729 508 2810 receperint
530 2730 681 2800 uicarios,
711 2749 839 2789 suorum
866 2728 1095 2790 ordinariorum
1121 2730 1249 2792 arbitrio

220 2841 425 2922 relinquimus
445 2840 630 2919 puniendus
663 2882 667 2891 1

304 2950 369 3031 (17)
392 2950 653 3022 Coniuraciones,
681 2948 917 3031 colligaciones,
946 2961 977 3014 et
998 2951 1251 3032 conspiraciones

220 3064 303 3126 inter
324 3080 475 3144 personas
498 3061 726 3122 ecclesiasticas
745 3081 935 3161 quocunque
956 3064 1049 3123 modo
1064 3062 1174 3124 fraude
1197 3062 1251 3125 uel

220 3174 348 3258 ingenio
363 3174 489 3235 omnino
505 3174 545 3234 de
563 3181 670 3235 cetero
692 3172 759 3234 fieri
782 3172 993 3253 prohibemus,
1014 3173 1175 3252 saetasque
1192 3192 1251 3234 nec

220 3306 284 3349 non
307 3287 494 3358 iuramenta,
522 3283 761 3365 promissiones,
788 3284 998 3364 obligaciones
1021 3292 1052 3345 et
1073 3283 1133 3344 alia
1154 3303 1252 3363 super

222 3400 370 3483 predictis
393 3398 538 3479 prestita,
560 3396 612 3459 uel
626 3417 689 3478 que
710 3398 749 3457 de
773 3405 878 3459 cetero
893 3416 989 3474 super
1003 3395 1051 3456 his
1067 3394 1134 3457 fieri
1151 3394 1252 3457 conti·

223 3511 317 3594 gerit,
339 3508 391 3572 uel
411 3509 543 3590 prestari
564 3519 618 3569 aut
639 3527 746 3570 earum
766 3509 933 3569 occasione
955 3506 1078 3587 penitus
1100 3507 1252 3587 reproba-

223 3642 309 3694 mus,
331 3619 531 3682 dissoluimus
554 3628 648 3700 atque
671 3638 844 3691 cassamus,
867 3626 898 3679 et
920 3638 975 3680 eus
996 3619 1050 3699 qui
1071 3617 1252 3679 huiusmodi

222 3730 457 3812 promissiones,
479 3728 699 3809 obligacioues,
720 3739 774 3791 aut
797 3731 894 3792 eciam
919 3730 1094 3791 iuramenta
1114 3729 1173 3789 sub
1195 3727 1253 3789 ali-

223 3842 337 3924 quibus
353 3842 453 3901 eciem
468 3840 655 3920 pecuniariis
671 3840 721 3903 uel
737 3842 805 3903 aliis
820 3842 910 3922 penis
923 3841 1067 3903 fecerunt
1082 3848 1135 3900 aut
1150 3839 1252 3901 eciem

222 3953 443 4034 prestiterunt,
465 3952 606 4032 protinus
622 3951 821 4014 absoluentes
835 3952 919 4032 ipsos
935 3952 1144 4023 decernimus,
1166 3949 1254 4012 etad

225 4061 484 4127 obseruacionem
508 4062 763 4124 coniuracionum
786 4070 817 4126 et
837 4062 1106 4142 conspiracionem
1129 4070 1160 4123 et
1174 4059 1254 4122 obli·

225 4175 391 4269 qecionum
416 4173 571 4266 ipsarum,
603 4172 653 4239 uel
677 4173 869 4240 solucionem
895 4172 1070 4265 aliquarum
1098 4190 1254 4263 penarum
