2798 4764
348 382 391 432 rr
411 383 613 431 conocnrsrur
638 383 909 430 ancnrarrscoros.
952 367 1041 432 1212
1148 367 1210 432 bd?

264 538 311 622 (1)Ι
333 542 436 604 Prima
447 542 614 602 coronacio
629 562 738 621 regum
749 542 882 623 Ungarie
898 542 1076 622 specialiter
1090 551 1211 625 spectat

184 654 224 716 ad
239 654 337 715 solam
353 653 597 735 strigoniensem
613 653 788 715 ecclesiam.
814 664 1032 715 uerunrtamen
1051 655 1075 714 si
1092 656 1211 736 strigo·

180 767 299 828 niensis
320 785 383 826 non
409 774 515 845 posset
537 766 587 826 uel
611 766 769 827 maliciose
793 766 890 827 nollet
911 786 1018 844 regem
1041 786 1210 840 coronare,

182 877 234 939 uel
258 877 480 957 strigoniensis
506 876 640 937 ecclesia
665 883 806 947 uacaret,
836 886 965 937 coronet
985 897 1093 956 regem
1117 876 1210 938 Colo-

183 988 299 1060 censis,
322 986 441 1047 nullum
457 1008 496 1048 ex
511 986 563 1048 tali
579 987 788 1048 coronacione
812 988 860 1049 ius
880 988 937 1048 sibi
960 988 1156 1049 uendicaudo
1177 989 1210 1048 in

184 1100 282 1180 prima
302 1099 521 1165 coronacione.
551 1099 692 1161 secunda
713 1100 880 1159 coronario
901 1100 930 1159 ei
950 1100 1098 1180 deinceps
1113 1119 1211 1180 equa-

182 1211 251 1273 liter
266 1210 421 1291 pertineat
435 1210 475 1272 ad
492 1219 668 1292 utrumque.

264 1320 310 1400 (2)
331 1323 376 1382 De
402 1330 559 1402 prouentu
584 1330 709 1383 monete
734 1321 855 1383 decima
876 1324 1030 1404 pertineat
1050 1324 1090 1384 ad
1110 1323 1210 1384 eccle-

182 1433 260 1495 siam
274 1432 534 1512 strigoniensem,
557 1433 735 1514 ubicunque
755 1433 787 1493 in
805 1454 902 1515 regno
915 1434 1047 1515 ngarie
1067 1435 1209 1495 cudatur.

183 1545 268 1626 quod
293 1545 318 1605 si
344 1545 414 1606 cudi
439 1544 568 1607 desierit
594 1544 748 1626 generalis
783 1555 908 1606 moneta
933 1547 1032 1606 tocius
1057 1546 1209 1628 Ungarie,

184 1656 336 1737 quidquid
351 1655 420 1717 loco
435 1656 590 1738 generalis
614 1666 738 1719 monete
759 1659 959 1730 successerit,
982 1658 1209 1760 decimamoha·

182 1767 256 1829 beat
269 1767 492 1848 strigoniensis
508 1767 649 1829 ecclesia.

265 1876 313 1958 (3)
335 1879 556 1959 strigoniensis
571 1879 827 1961 archiepiscopus
841 1882 1004 1943 renunciat
1018 1881 1103 1942 omui
1118 1883 1209 1943 iuris·

184 1990 310 2052 dictioni
327 2000 358 2051 et
372 1991 431 2052 iuri
446 1991 612 2071 spirituali,
632 1993 714 2073 quod
731 1993 865 2054 habebat
878 1992 931 2054 uel
947 1993 1063 2056 babere
1079 1995 1209 2056 uideba-

184 2111 232 2163 tur
248 2104 279 2164 in
295 2102 456 2182 prouincia
471 2102 651 2176 Colocensi,
674 2113 780 2185 preter
795 2105 947 2166 decimam
962 2114 1103 2177 ruonete,
1125 2108 1149 2166 si
1166 2106 1208 2166 ibi

184 2213 380 2295 contingeret
397 2212 549 2274 fabricari.

264 2324 314 2407 lb)
336 2326 486 2386 ludiciuur
502 2325 683 2387 officialium
699 2327 810 2388 domus
832 2328 917 2409 regie
933 2327 1064 2409 quilibet
1084 2330 1208 2409 episco-

181 2461 240 2523 pus
258 2439 372 2502 babeat
392 2441 422 2500 in
441 2460 499 2500 suu
521 2440 678 2520 parochia.
707 2440 862 2501 exhibicio
877 2449 1142 2501 sacramentorum
1158 2460 1208 2502 re-

182 2554 272 2634 gibus
295 2561 326 2614 et
341 2573 448 2614 eorum
468 2551 590 2624 liberis,
613 2561 673 2613 tam
690 2552 729 2612 ad
745 2552 829 2631 ipsos
844 2551 1096 2631 archiepiscopos
1112 2571 1206 2633 (quam

183 2664 221 2726 ad
237 2663 314 2725 alios
329 2663 495 2744 episcopos
511 2665 541 2724 in
556 2664 619 2724 suis
635 2663 789 2744 parochiis
804 2664 959 2744 pertineat
975 2682 1030 2743 pro
1047 2662 1208 2727 uoluntate

181 2775 274 2857 regis.

263 2884 310 2967 (5)
333 2888 368 2948 lu
384 2889 528 2950 omnibus
544 2889 613 2950 aliis
627 2889 751 2970 utrique
767 2889 899 2951 ecclesie
915 2888 983 2950 iura
1003 2908 1059 2950 sua
1081 2908 1207 2951 conser-

181 3008 294 3061 uentur
310 2998 398 3060 illesa
413 3009 444 3060 et
458 3000 701 3063 consuetudines
717 3002 856 3083 antique.
877 3001 977 3083 siqua
992 3010 1095 3062 autern
1109 2999 1207 3080 priui-

181 3111 262 3194 legia
284 3112 335 3173 uel
357 3112 524 3193 rescripta,
547 3115 799 3195 quandocunque
821 3114 942 3194 prolata
962 3112 1079 3173 suerint
1101 3121 1208 3174 contra

182 3223 263 3284 banc
289 3225 438 3297 sormam,
461 3224 544 3285 uires
567 3245 630 3285 non
655 3225 806 3298 babeant,
828 3224 914 3286 salua
929 3223 961 3283 iu
976 3223 1118 3283 omnibus
1134 3241 1207 3282 auc-

183 3338 304 3399 toritate
329 3337 508 3417 apostolica.
539 3337 651 3418 quodsi
668 3357 747 3417 papa
764 3356 826 3396 non
843 3333 1080 3415 approbauerit,
1102 3353 1152 3392 res
1168 3331 1207 3392 sit

183 3448 213 3507 in
229 3467 267 3507 eo
283 3455 363 3509 statu
380 3449 410 3507 in
427 3467 489 3527 quo
505 3467 589 3507 nunc
605 3455 662 3508 est.

264 3561 449 3620 luraueruut
471 3560 563 3620 arnbo
588 3558 811 3639 archicpiscopi
838 3565 995 3619 eteorum
1019 3555 1208 3636 suffraganei

183 3674 236 3754 qui
253 3682 416 3752 presentes
436 3680 539 3744 erant,
560 3691 620 3733 nec
641 3691 704 3731 non
719 3680 749 3732 ct
764 3670 941 3752 prepositus
957 3668 1208 3749 Quinqueeccle-

182 3784 312 3857 sicnsis,
337 3784 389 3865 qui
407 3784 474 3844 uice
491 3783 606 3843 domini
622 3784 669 3844 sui
685 3783 824 3863 episcopi
840 3782 1003 3852 intererat,
1025 3799 1084 3841 nec
1100 3800 1162 3841 nou
1177 3788 1209 3841 et

181 3903 403 3976 procuratores
420 3895 625 3977 capitulorum
648 3896 811 3977 utriusque
826 3894 976 3966 ecclesie,
998 3893 1082 3975 quod
1097 3912 1208 3953 secun-

183 4009 256 4070 dum
283 4008 411 4070 sormam
441 4009 644 4089 prescriptam
674 4009 756 4068 bona
780 4006 843 4069 fide
869 4026 979 4089 pacem
1005 4004 1208 4089 prescriptam

182 4120 396 4185 obseruabuut
411 4127 442 4185 et
456 4121 523 4184 sine
539 4119 650 4184 fraude
662 4120 701 4183 de
717 4117 957 4184 confirmacione
972 4116 1166 4183 laborabunt.
