2798 4764
305 357 330 405 s.
344 324 488 405 mmscu
507 357 598 403 ancre
622 357 787 403 necunrmr
808 358 830 402 r.
859 357 943 404 arro
960 357 1061 405 neu.
1135 340 1197 409 Μ

249 512 293 594 (2)
316 515 361 575 De
380 514 426 574 bic
448 514 498 593 qui
512 514 654 575 ocultum
673 515 820 575 inlocum
840 513 1067 591 rubrooouereut
1080 512 1195 574 uxorio.-

168 628 199 690 si
214 628 283 710 quis
300 634 404 688 autem
422 626 575 706 presbiter
590 625 733 689 ancillam
749 646 838 687 suam
853 624 959 687 uxoris
975 625 1005 684 in
1020 623 1124 685 locum
1137 623 1200 686 sibi

168 739 353 811 sociauerit,
374 738 508 810 uendat,
532 738 602 799 etsi
619 737 768 811 noluerit,
791 736 1001 799 uenumdetur
1022 742 1143 808 tamen,
1164 742 1198 799 et

169 852 307 934 precium
324 852 390 912 eins
407 849 446 911 ad
462 849 643 930 episcopum
660 850 873 912 transferatur.

249 959 293 1042 (3)
316 962 360 1022 De
373 963 558 1039 indulpeuciu
571 963 794 1040 presbiterorum
808 961 849 1021 ed
863 971 983 1038 tenipus.
1013 957 1196 1018 Presbitcris

168 1081 271 1135 autem
287 1072 341 1152 qui
356 1072 455 1152 prima
474 1080 505 1134 et
525 1071 665 1152 legitima
680 1071 798 1133 duxere
814 1070 975 1150 coniugia,
998 1067 1198 1149 indulgencia

168 1184 208 1245 ad
223 1192 347 1263 tempus
358 1182 459 1255 datur,
475 1190 602 1262 propter
617 1181 776 1242 uinculum
791 1182 877 1262 pacis
890 1188 920 1242 et
935 1179 1086 1241 unitatem
1097 1178 1198 1242 sancti

168 1293 308 1376 spiritus,
335 1313 500 1374 quousque
523 1292 612 1353 nobis
634 1293 665 1353 in
687 1291 748 1354 hoc
771 1291 888 1355 domini
910 1290 1073 1373 apostolici
1095 1299 1198 1371 pater-

170 1407 249 1468 nitas
266 1404 457 1467 consilietur.

252 1513 297 1595 (l)
319 1517 363 1576 De
377 1535 514 1577 concrum
528 1517 726 1596 episcoporum
745 1519 906 1578 uolentibus
926 1518 1061 1596 reparari
1080 1519 1117 1578 ob
1137 1517 1198 1579 illi·

171 1631 226 1689 eito
250 1630 396 1705 eooiupio.
440 1628 472 1688 Si
487 1627 556 1708 quis
572 1636 676 1690 autem
693 1626 860 1709 episcopus
875 1637 928 1689 aut
943 1628 1197 1710 archiepiscopus

170 1740 208 1801 ab
232 1739 345 1800 illicitis
370 1738 522 1820 coniugiis
546 1740 683 1820 separari
707 1740 900 1812 nolentibus,
931 1750 984 1802 aut
1007 1760 1197 1803 consensum

170 1848 346 1931 prebuerit,
375 1858 427 1910 aut
451 1849 616 1913 ecclesiam
641 1851 778 1922 dederit,
811 1861 865 1914 aut
887 1851 1019 1934 aliquid,
1049 1853 1134 1933 quod
1158 1852 1197 1915 ad

170 1961 311 2021 ordinem
331 1960 468 2040 pertinet
489 1979 584 2042 agere
610 1962 802 2041 permiserit,
832 1982 850 2023 a
872 1983 946 2043 rege
973 1971 1004 2025 et
1027 1961 1199 2043 episcopis,

170 2073 341 2133 secundum
353 2072 439 2151 quud
454 2070 642 2132 racionabile
658 2071 782 2134 uidetur
793 2072 849 2145 eis,
865 2073 1060 2135 diiudicetur.
1082 2075 1107 2134 si
1120 2093 1198 2135 uero

170 2183 422 2264 archipresbiter,
445 2191 477 2243 et
492 2204 548 2261 per
563 2183 727 2245 consilium
742 2184 824 2245 illius
839 2184 872 2244 in
887 2184 939 2245 tali
954 2184 1036 2245 nicio
1052 2205 1198 2264 perman·

170 2294 260 2365 serit,
282 2292 397 2355 iudicio
414 2293 552 2373 episcopi
567 2294 742 2356 uoluntario
758 2295 942 2356 subiacebit.

253 2401 296 2484 (ὅ)
318 2406 361 2466 De
375 2406 439 2465 dote
452 2408 635 2466 ecclesiarum
653 2427 713 2468 ooo
726 2409 852 2487 expleta.
896 2405 1082 2487 Quicunque
1098 2404 1199 2471 eccle·

170 2516 247 2577 siam
267 2517 328 2578 deo
352 2515 560 2589 edificauerit,
585 2525 616 2579 et
636 2517 741 2578 dotem
761 2516 983 2588 nominauerit,
1004 2517 1198 2581 nominatam

172 2648 233 2690 non
256 2628 392 2702 dederit,
419 2629 457 2690 ad
480 2628 555 2689 illud
577 2628 766 2710 explendum
788 2627 968 2690 transmisso
991 2627 1104 2689 nuncio
1127 2647 1198 2710 pre-

171 2738 275 2800 ualeat
297 2739 474 2819 episcopale
497 2740 654 2801 iudicium.
692 2740 742 2801 cui
764 2739 791 2800 si
812 2739 881 2820 quis
905 2741 1145 2814 contradixerit,
1166 2748 1201 2805 et·

171 2850 415 2911 contradicendo
437 2851 667 2924 uerberauerit,
688 2851 754 2932 ipsc
775 2851 870 2934 regali
888 2851 1002 2914 iudicio
1017 2852 1199 2916 subiacebit.

255 2963 302 3039 (6)
336 2962 379 3022 De
395 2964 563 3042 perdicione
586 2982 684 3024 rerum
707 2966 964 3026 ecclesiasticorum
986 2966 1020 3026 ob
1042 2966 1198 3028 sucerdotis

171 3077 329 3136 moenum.
374 3074 405 3136 Si
428 3075 498 3154 quis
520 3075 767 3154 presbiterorum
789 3095 839 3137 res
859 3074 993 3137 ecclesie
1015 3077 1055 3138 ad
1070 3075 1199 3157 propria

171 3184 241 3248 loca
255 3186 379 3248 duxerit
395 3195 425 3248 et
439 3185 482 3246 ibi
498 3185 691 3259 uendiderit,
713 3193 766 3246 aut
786 3205 842 3265 per
856 3186 1007 3247 incuriam
1023 3206 1110 3248 suam
1127 3205 1198 3266 per·

173 3299 300 3371 diderit,
323 3297 485 3379 tripliciter
501 3297 632 3361 ecclesie
648 3298 800 3359 restituat.

257 3407 302 3488 (7)
324 3411 367 3471 De
382 3412 597 3471 restauracione
617 3411 811 3470 desolaturum
825 3410 1009 3471 ecclesiarum
1019 3420 1139 3489 propter
1154 3429 1198 3471 re-

173 3524 325 3583 diciouem.
357 3521 513 3582 Ecclesias
531 3529 658 3600 propter
670 3520 861 3582 sedicionem
877 3519 1033 3583 desolatas
1049 3529 1102 3583 aut
1115 3540 1200 3583 corn·

172 3633 290 3705 bustas,
311 3633 395 3694 iussu
411 3632 496 3712 regis
512 3630 692 3711 parochiani
706 3630 881 3693 restituant.
911 3630 1024 3693 calices
1038 3632 1090 3694 uel
1104 3630 1200 3695 uesti-

173 3753 277 3806 menta
292 3765 332 3806 ex
345 3751 470 3823 sumptu
486 3742 569 3823 regis
584 3742 707 3803 dentur.
732 3739 828 3803 libros
844 3742 1010 3824 episcopus
1025 3743 1200 3824 prouideat.

254 3853 298 3936 (8)
319 3855 364 3917 De
378 3857 557 3917 derolmiooe
567 3866 689 3935 propter
702 3864 882 3916 uetustatem.
925 3854 1083 3918 Ecclesiae
1094 3875 1133 3918 ex
1144 3873 1200 3919 ue·

172 3975 286 4031 tustate
302 3968 457 4030 desolatas
474 3968 639 4049 episcopus
657 3965 830 4029 reedificet.

255 4077 299 4160 (9)
321 4080 608 4159 conquererentur
623 4099 692 4159 quoe
707 4079 870 4142 lrmuelitcr
883 4082 1042 4162 appellunt.
1085 4081 1131 4143 De
1145 4097 1202 4142 ne-

173 4191 384 4275 gociatoribus
399 4212 478 4275 quos
494 4190 654 4274 appellunt
666 4190 858 4266 bmaelites,
885 4192 913 4255 si
927 4201 1000 4274 post
1012 4190 1201 4274 baptismum
