2798 4764
277 374 429 446 crurum
442 396 472 442 r.
492 396 583 444 anon
603 393 753 444 smmis
773 388 929 443 aaronem.
969 374 1061 443 isli.
1121 368 1187 444 Μ

155 573 259 629 mare,
280 554 488 616 concedentes
511 555 630 617 eisdem
651 553 735 616 bunc
755 560 868 615 statum
892 561 922 615 et
937 552 1071 635 graciam
1089 551 1183 617 liber·

153 667 242 730 tatist

235 779 292 854 (l)
313 779 398 860 quod
414 777 504 840 nobis
519 779 645 841 racione
666 777 795 860 terragii
809 774 940 858 singulis
955 776 1044 838 annis
1058 783 1183 841 treesn·

153 900 200 955 tas
220 902 341 952 marcas
363 889 417 951 lini
439 891 578 973 argenti,
609 910 679 952 curn
704 890 845 971 pondere
869 889 1023 965 budensi,
1044 889 1077 950 in
1098 889 1185 953 festo

153 1004 184 1064 b.
197 1002 321 1064 Martini
337 1001 526 1066 confessoris
541 1000 666 1063 soluere
682 1010 857 1074 teneantur,
879 1001 993 1083 quibus
1012 1001 1121 1065 solutis
1140 1002 1180 1065 ab

154 1112 298 1175 omnibus
318 1111 534 1174 exactionibus
563 1118 596 1174 et
620 1111 774 1185 collectis,
805 1113 882 1174 dicis
908 1120 939 1175 et
963 1112 1180 1195 uectigalibus,

154 1243 216 1307 que
230 1225 264 1286 in
277 1242 377 1306 reguo
392 1230 500 1285 nostro
515 1222 598 1305 exigi
620 1223 803 1305 contigerit,
824 1223 887 1286 sint
903 1223 994 1286 liberi
1008 1225 1133 1306 penitus
1148 1230 1181 1290 et

154 1335 277 1399 exemti.

236 1447 293 1522 (2)
314 1446 429 1509 deinde
442 1466 514 1508 cum
525 1465 583 1508 nos
594 1447 625 1507 in
637 1465 734 1528 regno
745 1455 865 1520 nostro,
879 1447 930 1510 uel
945 1455 1033 1511 extra
1047 1468 1179 1533 regnum

153 1557 349 1621 exercituare
363 1558 414 1621 uel
428 1558 574 1621 miliciam
590 1576 739 1621 exercere
753 1558 891 1642 coegerit
905 1560 1054 1643 temporis
1068 1572 1182 1626 neces-

153 1669 243 1744 sitas,
272 1679 306 1734 ut
330 1669 428 1751 parati
449 1689 520 1733 curn
541 1670 766 1753 quinquaginta
786 1672 863 1733 uiris
884 1673 1010 1734 armatis
1031 1672 1180 1739 lanceatis

153 1780 263 1844 uenire
276 1788 453 1854 teneantur,
473 1781 532 1844 sub
546 1781 662 1844 uexillo
676 1781 760 1864 tegis
775 1782 906 1844 uiriliter
918 1784 1097 1866 pugnaturi.

234 1894 292 1969 (3)
314 1912 385 1954 cum
396 1901 500 1956 autern
514 1912 572 1955 nos
587 1894 782 1977 prouinciam
794 1895 911 1959 intrare
922 1894 1086 1970 acciderit,
1100 1915 1181 1980 qno·

152 2006 342 2088 ciescunque
363 2024 432 2067 cnm
454 2007 626 2068 baronibus
648 2008 763 2069 nostris
777 2015 809 2069 et
823 2014 929 2069 nostra
943 2006 1056 2070 milicia
1071 2008 1182 2073 uenie-

151 2138 237 2192 mus,
257 2118 317 2200 ipsi
332 2117 471 2199 hospites
491 2117 589 2179 nostri
612 2117 703 2180 nobis
723 2117 883 2179 introitum
902 2117 976 2179 dare
991 2118 1180 2183 tenebuntur

152 2228 351 2311 opulentum,
374 2236 480 2292 nostre
496 2227 672 2292 eelsitudini
688 2235 930 2310 competentem.

234 2342 292 2418 (i)
314 2352 346 2406 et
359 2345 433 2426 quia
447 2343 587 2405 crebrius
608 2342 640 2403 in
655 2341 850 2404 certioribus
864 2340 979 2403 nostris
993 2340 1178 2424 sanguinem

153 2473 243 2518 sunm
263 2455 391 2518 uberius
411 2455 590 2518 effuderunt
619 2461 726 2516 nostre
747 2452 919 2518 maiestatis
942 2453 1028 2536 regie
1048 2453 1081 2515 in
1103 2470 1180 2516 cen*

153 2573 279 2648 spectu,
299 2566 380 2629 bunc
400 2567 518 2629 eisdem
540 2566 677 2649 graciam
700 2572 732 2627 et
753 2564 930 2651 libermtem
944 2563 1088 2626 duximus
1103 2584 1181 2629 con·

153 2679 345 2752 cedendam,
367 2679 450 2761 qnod
472 2678 604 2741 liberam
625 2678 764 2741 babeant
783 2676 914 2739 licencie
931 2676 1111 2742 facultatem
1130 2676 1182 2742 in·

156 2798 204 2852 ter
224 2810 258 2853 sa
277 2789 423 2852 comitem
448 2787 500 2851 uel
522 2788 673 2862 iudicem,
702 2807 922 2872 quemcunque
945 2789 1103 2852 noluerint
1124 2786 1189 2852 eli·'

157 2901 263 2985 gentil,
284 2901 338 2984 qui
352 2920 416 2964 una
431 2919 501 2962 cum
516 2900 630 2962 comite
645 2918 703 2982 pro
717 2909 860 2983 tempore
871 2901 1050 2975 constituto,
1071 2916 1182 2966 ornnes

156 3030 268 3077 causas
288 3012 371 3074 inter
389 3012 475 3093 ipsos
496 3019 704 3093 emergentes,
724 3009 874 3074 iudicabit
893 3011 925 3073 in
939 3012 1083 3085 leucha,
1104 3011 1189 3074 cirri·-

156 3133 218 3187 tate
239 3124 405 3202 pronineie
431 3124 570 3207 eapitsli,
598 3125 686 3187 iuxta
711 3124 759 3186 ius
783 3131 816 3187 et
838 3123 1081 3185 eonsuetudines
1108 3130 1188 3202 pro·'

156 3236 259 3298 uineis
272 3235 467 3318 approbatas.
792 3240 795 3244 ’

239 3347 298 3421 (b)
318 3346 358 3408 de
373 3348 461 3430 penis
480 3367 557 3411 nero
570 3366 629 3410 seu
643 3345 777 3420 mulctis,
798 3365 856 3409 seu
870 3343 1013 3426 birsogiis
1021 3387 1030 3418 ,
1051 3345 1091 3407 tle
1106 3360 1183 3407 ceu·

157 3458 200 3520 sis
221 3456 389 3521 maioribus
409 3459 678 3541 proueniuntibus,
702 3476 809 3520 eomes
828 3476 885 3539 pro
904 3464 1046 3538 tempore
1066 3454 1183 3519 eonsti-

157 3577 240 3632 tutns
255 3568 334 3631 (lues
347 3570 478 3653 recipiet
492 3571 648 3643 denarios,
670 3569 775 3632 comiti
794 3568 955 3651 prouincie
971 3567 1070 3632 tercio
1084 3567 1183 3631 (lena-

156 3680 203 3742 rio
223 3688 423 3755 remanente,
443 3682 504 3744 boc
523 3698 684 3762 expresso,
709 3681 794 3762 quod
816 3680 856 3743 tle
878 3678 1012 3762 simplici
1032 3678 1181 3756 uomere,

156 3793 240 3876 quod
256 3812 320 3856 non
334 3794 445 3858 transit
456 3793 490 3855 in
504 3791 754 3867 mutiiacionem,
776 3792 859 3856 cedit
879 3790 983 3854 media
1000 3810 1119 3866 marca,
1140 3790 1187 3856 ie

156 3905 355 3970 mntiiacione
377 3906 518 3990 quinque
539 3920 660 3978 marce,
681 3905 720 3967 rle
740 3902 855 3967 fissura
877 3902 1020 3967 similiter
1041 3904 1182 3987 quinquo

156 4038 278 4095 marce,
299 4019 339 4082 ‹le
354 4018 433 4081 cette
445 4035 524 4081 nero
539 4016 652 4081 cedent
666 4019 776 4081 decem
789 4034 908 4091 marce·
926 4035 1019 4081 casus
1030 4034 1110 4080 uero
1123 4016 1185 4080 ΜΡ

155 4150 249 4196 nores
264 4151 323 4214 pro
337 4129 472 4213 pecnnia
484 4129 538 4194 nel
557 4128 739 4208 heredibus,
759 4146 867 4193 eomes
887 4129 1049 4214 prouincie
1070 4136 1128 4210 pet
1145 4130 1185 4192 te

152 4243 315 4310 memte
1182 4240 1188 4249 ’
