2798 4764
416 372 456 416 ns
478 370 686 416 cummanum
709 372 929 421 nomannorum.
1127 354 1186 422 133

158 521 291 584 ecclesie
305 522 472 584 subiectos.
495 544 629 606 quorum
645 525 744 587 eciam
761 535 904 607 quatuor,
924 549 1024 611 usque
1039 529 1113 592 dum
1123 527 1186 591 Un-

159 633 225 715 gari
242 653 373 714 regnum
386 634 612 696 Bauuariurum
626 637 819 710 inuaserunt,
834 637 913 700 sicut
927 641 1065 721 presenti
1079 638 1185 722 cogni·

157 752 223 807 tum
239 753 287 806 est
301 747 389 817 etati,
411 746 443 808 in
458 747 596 808 hlarauia
612 757 804 811 mansemnt.
827 751 912 831 quod
928 751 1073 813 nimirum
1089 768 1185 833 graue

159 877 194 920 ac
210 855 303 919 ualde
318 877 487 920 onerosum
503 865 551 919 est
566 858 655 932 mihi,
676 867 711 920 ut
725 867 769 921 tot
785 861 844 922 mei
861 862 1008 943 pontificii
1022 862 1186 944 parochias

158 969 244 1031 solus
265 970 457 1050 predicando
479 971 685 1045 circumeam,
706 973 819 1053 quihus
840 973 1024 1036 necessitate
1046 981 1078 1035 et
1098 973 1187 1035 adiu·

158 1081 228 1143 torii
250 1081 356 1162 inopia
379 1101 477 1162 cogor
492 1101 717 1164 nonnunquam
739 1103 841 1147 meam
856 1084 1043 1147 subtrahere
1056 1103 1187 1164 presen-

159 1192 249 1253 ciam.
280 1210 355 1254 ecce
371 1191 568 1254 dominorum
585 1193 795 1257 amantissime
813 1193 906 1255 huius
922 1194 1007 1257 modi
1022 1191 1187 1257 ecclesias-

159 1303 225 1365 ticis
246 1304 441 1384 mancipatus
460 1304 570 1365 officiis
589 1305 747 1378 detineor,
776 1314 808 1368 et
830 1326 870 1367 ne
896 1305 1042 1369 fecissem
1066 1322 1186 1367 moram

159 1436 233 1496 sepe
257 1416 339 1478 dicte
360 1417 462 1498 gentis
483 1418 700 1491 conuersioni,
721 1418 766 1481 ire
787 1426 818 1480 et
838 1413 994 1500 prosterni
1016 1419 1055 1481 ad
1079 1424 1187 1482 uestra

160 1527 352 1590 senctissima
371 1528 505 1610 uestigia
526 1525 640 1590 distuli.
663 1519 789 1610 'legatos
811 1537 915 1591 autem
937 1549 1035 1603 meos,
1056 1546 1187 1611 presen⁴

160 1639 241 1701 cium
256 1636 373 1700 scilicet
388 1639 570 1719 portitores,
591 1639 630 1701 ad
646 1647 784 1701 uestram
800 1639 957 1702 destinaui
971 1638 1186 1712 serenitatem,

159 1769 238 1832 quos
262 1750 370 1812 audire
391 1769 491 1831 queso
513 1751 660 1832 dignetur
674 1751 845 1813 clemencia
868 1760 990 1824 uestra,
1019 1759 1050 1813 et
1074 1769 1184 1813 eorum

159 1863 300 1944 meisque
329 1861 447 1923 mixtim
475 1862 618 1943 precihus
646 1862 779 1943 prehere
808 1882 991 1936 assensum,
1030 1871 1185 1943 quatenus

159 1972 286 2055 pallium
313 1981 345 2034 et
372 1973 500 2034 insulam
529 1974 759 2054 pontificalem,
794 1976 879 2056 quod
908 1974 1043 2057 speciale
1071 1991 1185 2036 munus
1240 2056 1243 2060 ι

158 2085 287 2148 honoris
320 2085 359 2146 ab
391 2084 449 2146 hac
481 2085 558 2147 sede
591 2093 709 2148 tantum
740 2085 883 2168 dirigitur
916 2085 1186 2167 metropolitanis,

159 2197 245 2281 quod
259 2197 359 2259 eciam
374 2197 435 2258 mei
450 2197 692 2278 predecessores
708 2219 725 2260 a
740 2197 883 2279 gloriosis
899 2197 991 2259 huius
1006 2194 1188 2277 principalis¹

160 2309 309 2372 cathedre
331 2309 513 2390 primatibus
535 2309 678 2391 accipere
701 2309 785 2371 soliti
806 2316 913 2382 erant,
935 2308 1012 2369 mihi
1033 2327 1111 2368 uero
1125 2305 1188 2367 hoc

159 2421 262 2502 ipsum
283 2420 419 2502 benigno
441 2421 544 2481 animo
568 2419 707 2500 perillus
724 2419 859 2501 dirigere
879 2418 1035 2500 dignetur,
1056 2414 1188 2498 pariter-

160 2553 221 2616 que
244 2532 341 2594 eciam
362 2531 526 2614 priuilegia
550 2528 721 2611 apostolice
748 2528 941 2592 auctoritatis
963 2548 1032 2590 mee
1054 2526 1188 2591 ecclesie

161 2662 217 2724 per
232 2643 360 2707 eosdem
385 2642 496 2703 missos
518 2661 605 2704 meos
627 2641 740 2702 uestris
761 2648 940 2722 presentata
962 2640 1058 2703 sacris
1074 2638 1189 2702 ohtuti·

160 2756 227 2828 hus,
248 2774 335 2816 more
350 2754 608 2835 predecessorum
625 2760 800 2814 uestrorum
818 2751 973 2826 rohorari,
996 2750 1187 2814 ethenedic-

159 2866 245 2928 tione
260 2864 407 2937 munitus,
428 2863 504 2924 mihi
518 2862 675 2924 commissi
690 2861 797 2942 populi
812 2861 1076 2944 gubernacionem
1093 2880 1188 2953 canoj

159 2979 230 3040 nice
253 2977 384 3058 exsequi
408 2974 547 3049 ualeam,
570 2984 601 3038 et
621 2975 735 3038 uestris
756 2976 788 3036 iu
811 2975 862 3037 die
881 2973 988 3037 iudicii
1008 2950 1198 3037 racionihus'

160 3090 341 3172 imputetur,
361 3088 446 3170 quod
466 3088 497 3148 in
520 3087 580 3148 illis
602 3086 717 3149 finibus
738 3106 778 3148 ex
797 3085 928 3168 paganis
950 3097 1034 3149 notra
1056 3083 1189 3147 ecclesia

161 3201 290 3263 domino
303 3199 450 3264 lucratur.
479 3199 628 3281 quoniam
649 3199 736 3261 uarie
756 3217 791 3259 ac
810 3218 962 3280 peruerse
977 3196 1189 3259 hereticorum

161 3322 247 3378 secte
268 3313 404 3376 timende
425 3319 512 3385 sunt,
533 3312 619 3393 quod
642 3331 717 3393 sepe
741 3309 870 3390 contigit
891 3307 1088 3390 deprehendi
1112 3304 1189 3368 alios

162 3424 274 3505 quihus
288 3431 418 3506 presunt
432 3440 539 3485 errore
554 3442 611 3484 suo
623 3439 842 3502 corrumpere,
865 3438 944 3500 quos
959 3417 1124 3498 agnicione
1139 3435 1190 3478 or-

162 3534 298 3598 thodoxe
314 3535 452 3597 ueritatis
468 3535 642 3596 debuerant
657 3531 823 3593 illustrare.
843 3537 878 3590 ut
891 3529 950 3591 hec
964 3536 1026 3590 tam
1043 3526 1190 3609 pestifera

161 3647 201 3709 de
224 3667 274 3711 me
298 3655 476 3729 amputetur
495 3645 649 3728 suspicio,
679 3643 809 3706 solenne
835 3640 1011 3730 symbolum
1037 3640 1190 3705 catholice

161 3757 253 3830 fidei,
274 3777 367 3841 quam
391 3757 459 3840 ipse
474 3765 568 3820 teneo
585 3765 616 3819 et
631 3758 749 3829 doceo,
771 3763 876 3817 uestro
893 3753 1079 3836 apostolatui
1095 3749 1192 3838 proli·

161 3869 290 3933 tendum
304 3867 429 3933 salubre
443 3868 561 3933 censui.

501 4109 852 4143 m
