2798 4764
448 948 626 1030 nmine
650 948 707 1031 111.
740 948 862 1032 ansts

216 1124 479 1200 LIBERTAS
505 1124 781 1202 HOSPITUM
814 1129 885 1204 DE
910 1126 1097 1203 Poscit.

576 1282 739 1345 nrccxcr.

350 1437 373 1488 Ε
391 1441 535 1489 transumtc
553 1438 668 1490 ntattutae
686 1440 707 1492 1.
726 1439 797 1504 regis
814 1456 873 1494 nnn.
892 1440 962 1495 iddd.

545 1591 775 1607 m

227 1699 367 1760 Andreas
396 1699 447 1761 dei
477 1699 581 1781 gracia
609 1699 787 1782 Hungarie,
820 1698 995 1773 Dalmacie‚
1027 1699 1174 1776 Croacie,

145 1811 257 1883 Reme,
279 1810 403 1884 Scruie,
419 1810 565 1884 (milicie,
581 1811 783 1885 Lodomerie‚
799 1810 947 1873 Comanie
963 1809 1173 1893 Buigarieque

144 1941 215 1993 rex,
232 1922 375 1982 omnibus
392 1920 506 1984 Christi
520 1921 665 1982 fidelibus
681 1930 844 2003 presentes
858 1920 964 1983 literas
977 1922 1175 2003 inspecturis,

144 2030 276 2092 satutem
299 2032 330 2092 in
354 2034 492 2093 omnium
516 2031 682 2093 saluatore.
711 2033 808 2113 liegie
824 2032 1022 2094 sublimitatis
1044 2033 1175 2095 immen-

145 2142 229 2212 sitas,
252 2141 340 2203 cuius
361 2143 459 2204 estin
482 2142 694 2204 subiectorum
716 2152 747 2204 et
767 2142 955 2224 populorum
980 2142 1174 2204 multitudine

147 2250 289 2330 gloriari,
316 2251 395 2313 sciet
416 2272 545 2313 suorum
570 2251 702 2313 sormam
722 2254 933 2315 subiectorum
957 2252 1122 2325 libertate,
1143 2257 1176 2314 et

146 2363 341 2426 solucionum
357 2384 522 2425 numerum
538 2364 779 2426 misericorditer
790 2365 963 2438 moderari,
979 2373 1012 2427 ut
1026 2382 1175 2426 numerus

147 2474 333 2556 populorum
357 2476 425 2538 eius
448 2484 608 2558 augeatur,
635 2476 810 2539 sruencium
826 2487 910 2539 certa
933 2478 1013 2560 lege.
1042 2475 1175 2558 proinde

148 2588 186 2649 ad
204 2588 423 2650 uniuersorum
446 2589 593 2650 noticiam
616 2589 725 2651 harum
742 2590 821 2651 serie
838 2590 983 2652 uolumus
1000 2589 1177 2671 peruenire,

149 2700 234 2780 quod
250 2719 319 2761 cum
334 2699 475 2781 hospites
493 2701 590 2762 nostri
606 2702 644 2763 de
661 2699 786 2762 ciuitate
803 2700 1003 2773 Posoniensi,
1025 2720 1081 2781 per
1094 2699 1177 2762 seui-

149 2811 227 2872 ciam
243 2831 300 2873 seu
315 2811 427 2873 suriam
440 2811 725 2885 'theutonicorum
740 2819 881 2893 tempore
897 2831 1008 2893 guerre
1025 2811 1105 2873 inter
1121 2811 1177 2872 do·

148 2922 265 2982 minum
290 2941 397 3003 regem
413 2921 609 2996 Ladislaum,
634 2921 760 2984 fratrem
784 2931 925 2985 nostrum
949 2921 1123 3002 patruelem
1145 2928 1179 2984 et

148 3054 254 3114 regem
274 3035 461 3095 Boemorum
485 3034 607 3108 habite,
635 3054 778 3097 necnon
801 3056 858 3115 per
879 3034 1040 3094 Atbertum
1065 3034 1176 3093 ducem

149 3146 270 3206 Austrie
287 3155 317 3207 et
332 3145 423 3207 Stirie
439 3147 571 3226 dispersi
587 3146 779 3217 extitissent,
801 3153 831 3207 et
846 3145 878 3204 in
891 3142 1105 3204 combustione
1121 3142 1177 3203 do-

150 3276 269 3317 morum
284 3277 427 3330 suarum,
448 3258 529 3319 acin
545 3257 712 3317 amissione
729 3256 860 3319 aliorum
877 3254 1033 3315 bonorum
1048 3269 1177 3314 suorum

149 3388 294 3448 magnum
320 3371 467 3430 damnum
495 3367 634 3448 perpessi
660 3368 808 3439 fuissent,
839 3366 979 3445 ipsorum
1005 3378 1178 3445 congrega·-

151 3481 232 3541 cioni
252 3481 415 3562 inuigilare
439 3479 616 3562 cupientes,
638 3486 672 3539 ut
693 3477 873 3559 congregati
896 3476 1022 3538 ualeant
1041 3495 1179 3538 commo-

149 3593 227 3665 rari,
249 3600 280 3654 et
304 3593 515 3674 congregandi
538 3592 736 3653 securitatem
761 3591 971 3650 omnimodam
995 3589 1179 3652 habeantet

149 3706 311 3778 ueniendi‚
333 3705 415 3766 hauc
432 3725 469 3765 ex
485 3705 570 3785 regia
587 3702 771 3765 liberalitate
788 3711 819 3763 et
834 3700 1052 3763 munificencia
1070 3700 1179 3765 statui·

150 3836 218 3877 mus
233 3816 409 3879 libertatem
429 3825 458 3878 et
474 3817 610 3897 graciam
628 3816 770 3877 duximus
786 3812 971 3876 faciendam.

232 3929 289 4001 (1)
312 3928 405 4002 Quod
421 3927 559 3990 uith'cum
575 3947 630 3989 seu
647 3925 781 3988 iudicem
797 3925 878 3988 inter
890 3946 936 4000 se,
951 3946 968 3987 a
984 3926 1065 3989 sesto
1080 3927 1179 3990 sancti

151 4036 276 4117 Georgii
300 4039 434 4102 martiris
456 4039 615 4121 usquead
639 4038 711 4099 anni
727 4038 961 4101 renotucionem
978 4039 1180 4111 duraturum,

152 4146 268 4230 eligant
290 4148 328 4212 de
345 4151 517 4227 communi,
538 4151 591 4233 qui
607 4170 715 4212 omnes
731 4170 840 4214 carues
854 4150 1012 4234 ipsorum,
1034 4158 1063 4212 et
1080 4145 1179 4211 eciam
