2798 4764
202 311 266 391 set
407 330 443 380 rr.
455 330 585 381 uocem
602 329 727 381 arrasa
741 330 928 383 suenrus
947 307 1025 399 (ti).

203 489 310 572 lingua
327 487 474 551 mordere
489 485 646 551 noluerint
660 486 808 562 toxicata,
835 485 976 550 dicentes
990 486 1076 568 quod
1090 485 1232 568 interpo-

204 600 340 664 siciones
352 599 532 663 huiusmodi
546 599 589 663 uil
604 601 727 667 adrem
741 600 946 683 pertinerent,
967 606 1000 661 et
1012 599 1094 661 bene
1110 607 1234 679 poterat

207 733 277 779 esse
292 713 360 775 siue
375 712 450 775 iilis:
474 732 537 774 non
556 720 605 775 est
625 732 754 787 uerum,
775 712 848 794 qnia
862 711 924 774 hec
938 710 1096 774 discordia
1110 711 1235 791 potissi·

206 844 276 887 mus
289 824 391 887 tomes
404 823 464 887 tuit
476 843 575 906 quare
590 823 751 905 ilungaria
771 822 818 885 sic
833 821 984 885 uelociter
998 830 1046 885 est
1060 821 1232 885 destructa.

289 1046 354 1130 (li)
383 1049 427 1111 De
450 1050 568 1128 uutpcri
596 1047 809 1128 chpcrorum
832 1048 980 1128 opinione.
1029 1046 1120 1109 Anno
1143 1045 1236 1129 igitur

204 1160 327 1249 domini
348 1158 666 1241 euoluto,11ungaria
690 1160 729 1222 ad
749 1179 858 1240 regem
880 1157 912 1221 in
927 1157 1154 1223 maieuolencia
1168 1157 1235 1221 exi·

207 1280 324 1346 stante,
345 1271 429 1334 circa
447 1269 644 1335 natiuitatem
658 1270 777 1334 domini
796 1269 879 1333 sama
898 1269 972 1361 fuit,
994 1269 1079 1353 qnod
1100 1268 1235 1332 confinia

207 1384 384 1467 ilungarie,
412 1383 525 1447 Ruscie
540 1384 686 1469 contigua
693 1428 703 1458 ,
725 1383 846 1447 Tartari
869 1382 1084 1445 deuastabant.
1116 1390 1149 1444 et
1162 1382 1236 1463 quia

208 1516 265 1559 rex
279 1497 319 1558 de
333 1495 395 1558 hoc
410 1515 466 1576 per
480 1515 555 1559 suos
570 1495 701 1557 nuncios
716 1504 820 1557 certus
835 1503 917 1568 erat,
938 1495 979 1556 ad
993 1493 1236 1557 custodiendum

209 1616 332 1690 portam
347 1607 477 1679 Ruscie,
498 1627 560 1689 que
575 1607 723 1668 Montana
738 1607 861 1680 dicitur,
883 1627 1047 1690 perquam
1061 1606 1092 1667 in
1108 1606 1237 1688 ilunga-

209 1718 287 1781 riam
311 1719 440 1800 patebat
461 1718 580 1792 aditus,
608 1717 691 1780 misit
711 1717 864 1781 maiorem
886 1738 978 1781 suurn
998 1717 1144 1779 comitem
1166 1735 1236 1776 carm

210 1828 351 1893 exercitu
374 1829 561 1910 palatinum,
584 1836 614 1892 et
629 1827 704 1893 fecit
717 1850 775 1912 per
790 1836 885 1893 totam
899 1829 1093 1913 Huugariam
1116 1826 1237 1911 procia·

211 1939 306 2015 mari,
328 1949 362 2003 ut
376 1949 439 2003 tam
454 1941 586 2014 nobiles,
607 1941 661 2023 qui
675 1940 851 2005 seruientes
866 1941 952 2026 regis
966 1941 1123 2014 dicuntur,
1142 1958 1237 2022 quam

211 2061 388 2117 castrenses
408 2062 442 2116 et
455 2054 647 2136 pertinentes
669 2054 710 2115 ad
730 2062 832 2119 castra
845 2053 991 2135 superios
1006 2054 1182 2125 nominate,
1203 2071 1237 2116 se

211 2166 251 2229 ad
266 2165 454 2230 exercicium
472 2174 693 2247 prepararent,
715 2176 748 2230 ut
767 2174 891 2240 essent,
912 2166 1040 2249 quando
1060 2184 1117 2227 rex
1137 2164 1240 2227 mitte·

210 2287 275 2353 ret,
297 2278 464 2360 preparati.
493 2297 564 2349 cum
579 2286 684 2341 autem
704 2278 766 2341 hoc
782 2298 838 2359 per
854 2284 948 2339 totam
964 2275 1157 2358 llungariam
1176 2274 1240 2337 cia·

210 2400 349 2455 merctur
368 2390 509 2473 ilungari
532 2410 586 2471 pre
609 2391 705 2453 nimio
725 2390 840 2472 gaudio
861 2410 925 2453 uou
946 2389 1133 2460 credebant,
1153 2406 1240 2449 asse-

210 2511 328 2575 rentes,
349 2503 434 2584 qood
450 2502 489 2564 de
505 2503 641 2564 Tartaris
663 2500 822 2564 multoties
843 2502 1025 2563 insonuerat
1039 2498 1107 2562 talis
1123 2519 1240 2572 rumor,

211 2620 244 2675 et
256 2613 302 2675 sic
316 2631 442 2693 semper
456 2612 602 2675 uiderent
622 2610 709 2673 ilium
728 2632 798 2675 esse
823 2611 958 2673 nullum:
981 2612 1064 2675 unde
1080 2611 1239 2683 dicebant,

211 2721 307 2784 multa
321 2731 537 2797 renascentur,
550 2741 612 2804 que
627 2722 688 2783 iarn
703 2722 858 2784 cecidere.
879 2721 930 2784 alii
945 2722 1138 2793 asserebant,
1152 2719 1238 2801 quod

212 2832 339 2915 quidam
355 2834 394 2895 de
409 2832 536 2915 prelatis
550 2833 753 2897 ecclesiarum
767 2853 909 2896 rumores
922 2812 1104 2897 huiusmodi
1126 2850 1239 2913 procu·

211 2943 338 3020 rabant,
362 2964 418 3026 pro
435 2963 473 3007 eo
489 2947 575 3026 qnod
590 2954 664 3007 tuuc
680 2946 829 3027 temporis
843 2947 975 3008 Romam
996 2966 1060 3009 non
1081 2946 1177 3019 irent,
1198 2945 1238 3007 ad

212 3055 380 3117 concilium
397 3056 499 3117 uocati
515 3075 533 3117 a
548 3056 690 3117 Romano
705 3056 853 3139 pontifice
868 3058 1102 3121 celebrandum.
1123 3066 1155 3121 et
1169 3057 1238 3119 tatis

211 3166 318 3249 opinio
344 3176 411 3228 erat
436 3167 492 3229 eis.
533 3167 592 3231 tuit
612 3178 717 3231 tamen
740 3170 886 3232 omnibus
907 3170 1124 3243 manifestum,
1153 3168 1237 3249 quod

211 3276 361 3362 Ugoiinns
376 3277 558 3341 Colocensis
581 3278 853 3363 archiepiscopus,
878 3301 935 3363 pro
950 3301 984 3345 se
999 3302 1036 3345 ec
1050 3279 1237 3364 quibusdam

211 3389 418 3470 suffraganeis
436 3390 500 3451 suis
524 3389 675 3452 iieuecias
695 3391 824 3455 miserat
844 3411 901 3473 pro
921 3392 1037 3475 galeis,
1058 3400 1091 3454 ct
1111 3390 1239 3453 fucrant

212 3519 270 3581 per
284 3520 408 3581 regem,
429 3510 536 3565 contra
554 3501 748 3566 uoluntatem
762 3522 887 3575 eorum,
908 3502 1072 3565 abitinere
1086 3498 1239 3562 reuocati.

211 3610 263 3674 aiii
279 3631 357 3674 uero
372 3612 592 3695 quamplurimi
607 3612 796 3686 fatebantur,
811 3621 844 3673 ut
857 3612 1012 3675 haberent
1026 3612 1065 3673 (le
1080 3628 1154 3687 rege
1172 3626 1237 3667 ma-

209 3724 321 3786 teriam
336 3723 544 3803 obloquendi,
565 3723 651 3804 quod
665 3721 795 3785 Comani
813 3723 995 3786 societatem
1008 3717 1239 3783 contraxissent

210 3851 282 3895 cum
298 3831 465 3906 Romanis,
492 3842 526 3896 ut
542 3832 633 3893 simui
649 3840 756 3895 contra
772 3831 954 3913 Hungaros,
981 3829 1125 3912 aqrribus
1141 3827 1238 3889 muita

209 3941 292 4003 maia
306 3951 527 4022 perceperant,
548 3950 580 4003 ct
594 3943 699 4023 sepius
714 3941 864 4007 destructi
877 3939 1021 4016 fuissent,
1040 3940 1237 4005 dimicarent.

211 4060 244 4117 ct
257 4062 386 4135 propter
399 4052 479 4127 hoc,
505 4053 577 4136 pius
591 4074 688 4134 quam
701 4076 760 4137 per
774 4073 909 4127 aunum,
929 4072 985 4117 cos
999 4055 1158 4137 predictas
1172 4054 1238 4116 liu-

209 4164 286 4231 theu
308 4184 382 4230 cum
402 4165 468 4229 ruis
487 4174 696 4251 preueucrat,
717 4175 751 4233 ut
771 4163 972 4231 madicioues
992 4175 1076 4233 terre
1093 4167 1238 4232 addisce·
