2798 4764
205 308 260 377 st.
426 324 566 373 monum
587 323 689 370 sssrs
710 323 920 370 nouosaosmr
940 303 1016 389 (ὓ).

204 483 385 554 stituerunt,
406 491 442 543 ut
455 487 539 542 meta
552 479 642 561 regni
658 479 746 542 dnus
760 479 866 561 hrpad
884 487 968 540 esset
981 478 1013 540 iu
1027 485 1119 560 porta
1134 477 1238 542 Mese·

204 595 283 659 sina.
304 604 377 657 tunc
390 592 491 656 incole
507 603 591 655 terre
605 592 693 655 iussu
708 611 817 655 eorum
833 600 939 673 portas
954 590 1096 672 lapideas
1111 590 1239 654 editor-

205 715 334 778 ucruut,
358 713 389 767 et
403 703 581 766 clausuram
596 721 741 783 magnam
756 704 796 766 de
811 702 976 765 arboribus
996 721 1054 783 per
1068 701 1239 765 confinium

204 816 294 898 regni
315 815 469 877 fecerunt.
496 822 570 876 tunc
590 813 622 875 hi
643 822 709 875 tres
726 815 934 894 prenominati
956 813 1016 874 uiri
1030 813 1136 875 omnia
1155 812 1239 876 facta

206 947 264 990 sua
277 926 347 989 duci
359 927 466 1007 Arpad
480 935 512 988 et
526 925 589 987 suis
606 925 798 1006 primatibus,
814 945 871 1006 per
880 923 992 987 fideies
1007 924 1140 986 nuncios
1150 942 1240 986 mans

207 1039 372 1102 dauerunt.
402 1037 573 1118 quodcum
589 1036 803 1098 renunciatum
819 1044 903 1099 esset
918 1036 988 1098 duci
1003 1035 1110 1115 hrpad
1127 1042 1159 1097 et
1172 1036 1239 1098 suis

205 1149 452 1233 yobagyouihus,
474 1148 573 1229 ganisi
594 1156 667 1208 suut
688 1147 804 1227 gaudio
828 1166 943 1229 magno
967 1146 1077 1220 ualde,
1098 1156 1129 1210 ct
1150 1164 1239 1209 more

207 1262 392 1345 paganismo
412 1261 556 1324 iecerunt
576 1258 735 1333 aidumts,
756 1269 789 1323 et
809 1260 957 1342 gaudium
979 1259 1238 1322 annuntiantibus

209 1374 337 1436 diuersa
355 1374 439 1436 dona
458 1381 731 1454 presentauerunt.
757 1373 821 1435 dux
843 1390 920 1434 uero
935 1371 1041 1452 hrpad
1062 1376 1094 1433 ot
1112 1371 1160 1433 sui
1175 1372 1241 1453 pri-

209 1493 324 1558 mates,
353 1486 394 1550 oh
408 1486 491 1548 hanc
505 1504 632 1546 causam
654 1484 756 1547 leticie
771 1503 829 1564 per
843 1491 939 1545 totam
955 1502 1049 1544 unam
1064 1481 1240 1545 hebdoma-

209 1596 281 1658 dam
302 1594 484 1657 solemniter
504 1595 723 1667 comedebant,
745 1603 777 1656 et
798 1594 865 1657 iero
884 1593 1015 1676 singulis
1034 1593 1145 1656 debus
1169 1594 1240 1657 ine·

208 1705 392 1769 brithantur
413 1713 545 1787 propter
566 1713 716 1767 euentum
739 1713 824 1771 tante
848 1705 960 1768 leticie.
997 1714 1028 1768 et
1048 1706 1110 1770 hoc
1133 1705 1240 1768 audito

210 1817 274 1881 dux
287 1818 394 1899 hrpsd
414 1825 445 1880 et
459 1817 509 1879 sui
522 1817 642 1899 egressi
662 1825 734 1879 sunt
753 1819 947 1891 a'teremsu,
970 1827 1001 1880 et
1016 1826 1117 1880 castra
1130 1818 1238 1882 metati

210 1929 297 1991 iuxta
310 1929 440 1992 tluuium
454 1928 587 2002 Souiou,
615 1948 635 1991 a
649 1928 774 1991 Thiseia
794 1948 894 2010 usquc
910 1930 950 1992 ud
964 1930 1095 1992 fluuium
1110 1929 1241 1992 [inurat.

222 2092 228 2103 ¹
294 2107 359 2191 (23)
393 2111 437 2172 Dc
457 2112 581 2173 uictuma
599 2111 688 2183 Tosu,
722 2111 846 2174 Zobolsu
868 2123 894 2174 et
910 2111 1067 2215 Tudutuns.
1110 2112 1194 2174 Tosu
1209 2119 1241 2175 et

212 2222 361 2298 Zobolsu,
382 2242 441 2286 nec
462 2243 527 2286 non
542 2221 715 2296 Tuhntum,
741 2244 810 2285 cum
827 2224 977 2288 uidissent
992 2225 1077 2309 quud
1092 2224 1170 2287 deus
1183 2222 1240 2286 de·

212 2339 258 2403 dit
278 2338 323 2403 eis
344 2339 504 2403 uictoriam
526 2359 688 2422 maguam,
711 2349 741 2402 et
763 2339 1011 2423 subiugauerunt
1031 2339 1158 2403 domino
1182 2357 1239 2402 suo

213 2449 280 2534 sere
303 2449 407 2533 piures
428 2451 576 2514 naciones
599 2431 680 2513 iilius
701 2459 801 2524 terre,
829 2460 901 2513 tuuc
917 2451 1042 2514 exaltati
1062 2458 1133 2513 suut
1150 2447 1240 2510 nimis

212 2581 307 2642 super
327 2560 516 2624 habitatores
538 2560 618 2623 iliius
642 2570 743 2633 terre,
765 2570 796 2624 et
815 2562 888 2623 dum
910 2561 952 2622 ihi
977 2559 1080 2622 nutius
1094 2561 1240 2623 inuentus

213 2680 298 2755 esset
311 2672 371 2744 eis,
393 2671 500 2753 piures
517 2671 583 2732 dies
598 2673 640 2733 ihi
656 2680 854 2742 manserunt,
876 2672 976 2732 donec
994 2669 1129 2732 confinia
1151 2670 1240 2751 regni

211 2778 418 2844 firmauerunt
432 2780 600 2844 obstaculis
614 2780 808 2843 firmissimis.

293 2944 363 3018 (di)
385 2946 523 3007 Detecto
541 2943 753 3006 Ultrosituunu.
797 2944 836 3005 Et
852 2943 924 3004 dum
941 2943 982 3006 ibi
999 2944 1120 3007 diucius
1135 2964 1239 3007 mora·

214 3065 332 3129 rentur,
351 3066 425 3118 tunc
440 3055 598 3117 Tuhutum
619 3063 708 3136 pater
722 3055 843 3128 Horon,
863 3055 942 3118 sicut
962 3064 1030 3119 erat
1050 3057 1098 3118 uir
1112 3066 1241 3130 astutus,

213 3168 288 3229 dum
299 3166 434 3247 cepisset
447 3166 557 3227 audire
571 3166 611 3228 ab
622 3165 730 3227 incolis
745 3167 914 3229 honitatem
928 3177 1013 3230 terre
1025 3168 1241 3242 Uitrasiiuane,

214 3278 269 3340 uhi
282 3279 383 3342 Geiou
404 3279 532 3360 quidam
546 3277 657 3341 Biacus
672 3279 844 3341 dominium
865 3282 1007 3355 tenebat,
1029 3283 1112 3363 cepit
1126 3282 1167 3344 ad
1182 3280 1242 3342 hoc

216 3391 381 3464 anhelare,
403 3390 533 3473 quodsi
556 3411 648 3471 posse
669 3399 769 3465 esset,
795 3412 853 3474 per
873 3394 1008 3474 graciam
1030 3392 1117 3455 ducis
1135 3393 1241 3474 Arpad

217 3501 334 3564 domiui
348 3503 396 3564 sui
410 3511 525 3564 terram
541 3501 777 3565 Uitrasiiuanam
791 3504 850 3565 sihi
864 3512 895 3566 et
908 3505 972 3566 suis
986 3504 1121 3584 posteris
1135 3502 1242 3585 acqui·

217 3622 311 3675 reret.
334 3612 420 3693 qtrod
434 3622 467 3674 et
480 3613 524 3673 sic
536 3613 651 3674 iactum
667 3613 725 3677 iuit
737 3623 859 3696 postea.
888 3634 960 3677 uam
975 3625 1091 3678 terram
1106 3614 1245 3677 Uitrasii·

217 3741 332 3785 uanam
355 3723 518 3803 posteritas
534 3724 691 3786 Tuhutum
715 3742 814 3806 usque
835 3725 875 3786 sd
897 3732 1019 3805 tempus
1040 3723 1138 3785 sancti
1159 3725 1244 3805 regis

218 3833 368 3916 Stephani
388 3834 579 3908 hahuerunt,
606 3844 638 3898 et
652 3835 772 3897 diucius
790 3833 989 3906 habuissent,
1011 3833 1036 3894 si
1051 3834 1153 3897 minor
1166 3834 1245 3917 uyts

219 3964 290 4006 cum
304 3944 427 4008 duobus
441 3945 514 4007 filiis
527 3946 591 4007 suis
604 3944 692 4005 Biuia
706 3952 738 4006 et
751 3945 857 4005 Rucna
871 3942 1028 4006 christiani
1042 3961 1112 4006 esse
1125 3944 1245 4006 uoluis-

219 4064 304 4130 sent,
325 4065 357 4119 et
377 4076 504 4138 semper
517 4055 672 4118 contrarie
690 4063 799 4120 sancto
812 4055 882 4138 regi
902 4075 967 4118 non
980 4054 1143 4131 sedeunt,
1163 4063 1199 4120 ut
1211 4057 1245 4121 in

219 4168 422 4254 sequentibus
439 4167 569 4230 dicetur.
