2798 4764
507 358 692 407 πωπω
712 355 754 402 nn
768 354 880 401 riam.
1031 344 1034 354 '
1145 333 1208 398 teo

180 517 354 584 secundum
376 532 502 578 omnem
525 511 775 593 descripcioncm
800 506 981 574 testimonio
1002 514 1110 570 nostro
1134 504 1211 569 iecit
1323 562 1327 568 .

251 648 328 692 narr.

182 640 249 776 Ψ
263 736 350 822 (ste)
372 738 562 818 Pangracius
585 700 668 798 lilius
693 734 767 797 Pete
793 732 832 794 de
858 729 933 793 uilla
954 728 1042 811 Cnpa
1065 728 1158 791 traxit
1176 729 1209 790 in

182 868 308 914 causam
323 848 477 930 quosdam
500 843 694 908 conuillanos
714 860 799 917 suos,
820 842 939 905 scilicet
952 841 1056 902 Arnad
1079 847 1110 902 et
1128 837 1211 901 lilios
1252 911 1253 914 Ἴ

183 962 266 1036 eius,
286 960 404 1023 scilicet
423 957 574 1020 Chichem
595 966 627 1020 et
640 956 780 1027 Monost,
801 973 908 1016 eornm
922 951 1102 1014 Alexandro
1116 950 1211 1012 Uara-

184 1071 284 1138 dieosi
306 1072 466 1151 episcopo,
488 1067 713 1131 discretissimo
728 1076 759 1128 et
771 1084 849 1127 uero
863 1064 982 1136 iudice,
1004 1064 1112 1126 dicens
1126 1061 1212 1144 quod

183 1183 270 1246 mres
285 1188 391 1243 essent
405 1179 499 1260 regis,
521 1177 659 1259 eoquod
673 1176 855 1239 thesaurum
870 1176 1051 1246 inuentum,
1072 1192 1144 1235 cum
1157 1172 1214 1235 de-

183 1294 296 1355 berent
323 1291 390 1371 regi
419 1308 481 1351 non
508 1288 708 1350 indicassent.
740 1305 874 1367 qnorum
900 1303 1025 1347 cansam
1054 1284 1213 1364 predictus

184 1403 352 1485 spiscopus
375 1400 565 1472 discuciens,
588 1398 670 1460 misit
689 1417 747 1478 per
764 1396 948 1477 pristaldum
971 1402 1002 1457 ct
1021 1394 1213 1457 seruientem

174 1493 277 1576 ¹suum
290 1513 416 1573 nominc
432 1510 612 1572 'l‘ilturcium
634 1508 673 1570 ad
695 1525 827 1571 examen
846 1505 922 1569 lerri
939 1504 1103 1567 candentis
1117 1504 1215 1567 Uara-

186 1622 311 1695 dinum,
338 1621 390 1682 ubi
404 1620 546 1702 prelatus
561 1619 672 1681 Menos
684 1617 769 1679 lilius
788 1617 951 1678 memorati
966 1615 1072 1678 Aruad
1090 1622 1214 1696 portato

185 1733 271 1796 terro
286 1733 453 1795 mundatus
467 1741 524 1793 est.

268 1841 355 1926 (aas)
378 1842 454 1906 Cum
483 1843 644 1923 ignoraret
676 1841 771 1903 homo
798 1840 894 1903 finem
923 1840 1044 1903 dierum
1073 1859 1215 1915 suorum,

186 1956 355 2019 Mauricius
378 1954 526 2018 sacerdos
548 1973 582 2016 sc
604 1961 636 2014 et
656 1952 761 2014 omnia
782 1970 839 2013 suu
858 1951 1056 2015 Uarediensis
1082 1952 1216 2017 ecclesie

186 2066 393 2149 protectioni,
425 2065 499 2126 dnm
523 2064 627 2127 adhuc
650 2064 787 2136 uiueret,
808 2063 981 2136 commisit,
1002 2072 1035 2124 et
1055 2064 1216 2126 facultates

187 2195 262 2239 suas
275 2175 378 2237 taliter
392 2173 565 2245 ordinauit,
581 2182 611 2235 et
626 2191 753 2234 seruum
768 2191 858 2233 suum
872 2172 999 2233 nomine
1010 2173 1126 2234 Arriam
1142 2191 1218 2234 con-

188 2285 303 2359 stituit,
332 2293 367 2346 ut
389 2291 614 2365 postmortem
635 2302 724 2345 suam
746 2283 786 2345 sit
805 2283 947 2364 pulsator
967 2283 1098 2345 ecclesie
1123 2283 1218 2346 Uara-

189 2396 317 2461 dicnsis.
343 2394 505 2458 Mulierem
520 2405 624 2457 autem
640 2395 798 2477 quandam
813 2395 987 2476 empticium
1002 2395 1130 2458 nomine
1145 2396 1219 2458 Sce-

190 2528 261 2590 psm
285 2508 373 2570 dedit
397 2505 548 2579 ecclesie,
580 2515 615 2568 ut
636 2516 707 2587 post
733 2514 866 2568 mortem
887 2507 984 2587 ipsius
1008 2507 1062 2570 det
1084 2496 1222 2570 ecclesie

189 2638 324 2682 messem
346 2638 418 2681 cere
440 2619 668 2699 ponderantem
688 2618 765 2679 duas
788 2635 920 2691 marcas,
939 2616 1022 2679 lilius
1044 2637 1122 2681 uero
1137 2620 1221 2682 eius·

186 2731 262 2794 dem
287 2729 437 2802 mulieris,
466 2737 498 2792 et
519 2729 581 2791 due
602 2728 681 2803 filie,
708 2728 848 2812 quinimo
870 2730 894 2791 si
918 2741 997 2810 qnos
1018 2732 1086 2813 ipsa
1106 2731 1219 2794 ecdem

190 2849 332 2922 pareret,
353 2839 445 2903 liberi
460 2839 563 2901 forent
577 2840 714 2901 omnino.

272 2950 360 3032 (350)
381 2951 559 3034 Dionysius,
581 2950 666 3015 Ysou
689 2963 720 3015 et
736 2953 800 3015 l’nlr
822 2953 945 3036 patroni
967 2955 1100 3018 ecclesie
1121 2957 1220 3019 sancti

190 3066 314 3128 Andrce
329 3065 369 3127 de
384 3064 542 3127 Zobodien
565 3074 727 3128 traxerunt
747 3067 778 3126 in
794 3085 921 3128 eausam
937 3066 1095 3129 dusinicos
1110 3087 1219 3130 eorum

191 3175 382 3258 exequiales,
410 3175 529 3238 scilicet
550 3177 650 3248 lllour,
679 3176 827 3247 Paulum,
848 3175 1070 3249 Laurcncium,
1096 3177 1221 3250 Ereust,

191 3285 298 3347 Petam
322 3294 354 3347 et
375 3284 464 3358 alios,
485 3304 589 3346 eornm
606 3284 728 3346 Eraclio
746 3303 904 3366 yconomo
926 3292 957 3345 et
977 3285 1107 3347 custode
1128 3286 1222 3349 Uera·

192 3393 306 3466 diensi,
327 3393 469 3456 dicentes
483 3394 570 3474 quod
592 3394 723 3475 predicti
738 3393 870 3457 dusinici
885 3414 957 3457 cum
978 3395 1151 3460 minoribus
1165 3417 1220 3459 ex·

191 3503 298 3584 pensis
313 3522 407 3584 quam
423 3504 574 3567 deberent
588 3505 754 3567 seruicium
769 3523 880 3568 eorum
895 3506 1101 3569 celebrarent.
1132 3507 1221 3570 deni·

190 3634 253 3698 que
275 3633 381 3676 coram
405 3614 541 3696 capitulo
557 3616 756 3691 Uaradiensi,
778 3617 897 3680 scilicet
911 3619 1027 3679 loannc
1049 3620 1221 3699 preposito,

190 3725 343 3790 Michaele
364 3735 493 3788 cantore
515 3737 547 3789 et
566 3726 651 3802 aliis,
673 3737 704 3791 et
718 3737 866 3810 presente
880 3729 984 3791 Micon
1007 3729 1167 3812 pristaldo,
1189 3739 1221 3794 et

190 3835 307 3899 nicorio
322 3836 472 3898 nominati
486 3837 609 3911 iudicis,
622 3840 839 3902 controuersia
851 3839 1063 3923 predictarum
1079 3842 1218 3923 parcium

191 3946 238 4009 sic
260 3955 310 4011 cst
329 3949 447 4030 sopita,
469 3949 555 4031 quod
576 3950 726 4032 sepedicti
742 3951 873 4014 dusinici
894 3971 1022 4016 manere
1044 3954 1126 4017 circs
1149 3973 1222 4034 pre-

193 4058 306 4123 ticum
318 4059 483 4124 ecclesiam
494 4061 655 4136 deberent,
669 4070 701 4125 et
712 4062 873 4126 annuatim
887 4063 920 4125 in
933 4063 1015 4127 leste
1027 4085 1052 4127 s.
1059 4062 1220 4128 Michaelis

192 4169 349 4259 seminent
371 4170 514 4250 insimul,
545 4181 701 4266 quotquot
724 4181 849 4251 essent,
883 4195 956 4240 eum
979 4175 1095 4245 trienni
1119 4173 1222 4256 boue,

932 4274 972 4347 ll
