2798 4764
317 978 363 1063 ll.
388 979 558 1062 lllldlillll
587 979 781 1063 llllltlllldl
805 979 1081 1064 lldlldlllEllSlS

349 1167 618 1255 CARMEN
649 1168 1038 1255 MISERABILE

207 1347 321 1423 sutfsstt
338 1348 608 1401 unsueuc‘rtonu
628 1349 736 1399 unam
754 1348 946 1401 llUNGAlllAE
964 1347 1188 1401 TEMPORIBUS

326 1441 429 1493 BELAE
447 1442 492 1492 1v.
515 1442 621 1494 neuls
643 1442 711 1493 eun
732 1441 919 1492 'ramundus
940 1441 1065 1492 FACTA.
1235 1432 1244 1448 ⁸

361 1589 397 1654 (li
412 1591 551 1642 'l'hurocnii
569 1592 679 1643 editione
697 1593 850 1655 Augustam
866 1559 925 1643 ena.
944 1592 1027 1657 1488.)

183 1883 317 1965 Epistola
339 1883 478 1963 Magistri
503 1883 621 1964 lloqcrii
640 1885 673 1944 in
693 1883 858 1947 Miserabile
881 1883 1022 1956 Carmen,
1053 1905 1138 1967 snper
1160 1886 1209 1951 de·

263 1999 417 2058 structione
443 1999 524 2076 regni
543 1997 697 2076 Hunqoric
722 2017 775 2078 per
805 2000 944 2060 Tortores
970 2003 1052 2079 [octo
1081 2000 1206 2075 editum,

264 2110 305 2169 ud
324 2110 474 2169 dominu-m
493 2110 654 2170 Iohannem
676 2109 880 2171 Pesthenicnsic
906 2112 1017 2171 ecclesie
1046 2112 1208 2192 episcopum

262 2224 385 2302 feliciter
406 2223 520 2303 incipit.

260 2392 369 2464 Licet,
398 2398 432 2453 nt
455 2391 575 2474 liqueat
601 2391 810 2452 dominacioni
836 2395 958 2464 vestre,
991 2391 1151 2473 ingressus
1176 2399 1208 2457 et

181 2523 346 2584 processus
363 2504 583 2576 Tartarorum,
607 2502 798 2585 ilungariam
812 2502 1007 2576 intrantium,
1027 2505 1059 2564 in
1074 2502 1208 2586 ignomi-

178 2614 229 2676 nia
247 2615 402 2688 crncilrxi,
425 2616 597 2696 perniciem
613 2623 813 2695 stragemque
833 2633 897 2675 non
918 2614 1077 2675 minimam
1097 2610 1208 2697 populi

179 2727 358 2800 Christiani,
388 2747 445 2808 per
467 2746 595 2808 presens
618 2725 802 2808 opusculum
825 2736 931 2789 vestro
956 2727 1073 2788 nomini
1099 2727 1189 2791 reddi
1197 2772 1207 2803 ,

179 2839 216 2900 de
245 2840 341 2919 gestis
370 2839 511 2918 ipsorum
540 2839 607 2900 sine
636 2840 776 2901 salsitatis
806 2840 996 2903 admixtione
1022 2838 1207 2915 collectum,
1255 2837 1261 2849 '

178 2950 355 3031 quodcum
377 2950 540 3029 diligencia
565 2950 742 3034 perlegatis.
771 2952 868 3015 multa
891 2953 1018 3034 quidem
1038 2951 1206 3015 inuenietis

177 3063 207 3122 in
232 3081 287 3135 eo,
309 3082 370 3143 que
395 3081 467 3123 meo
490 3062 712 3125 subiacnertmt
734 3063 887 3144 aspectui,
909 3063 1107 3145 plurimaque
1132 3081 1207 3144 pro-

178 3174 252 3253 priis
268 3173 392 3256 palpaui
409 3175 567 3235 manibus:
591 3174 803 3257 nonnullaque
819 3195 838 3237 a
852 3175 915 3236 fide
930 3174 1033 3256 dignis
1048 3172 1152 3246 didici,
1172 3151 1206 3236 iu

178 3304 311 3365 quorum
326 3285 378 3347 illa
393 3286 522 3349 fuerunt
537 3287 700 3366 presencia
714 3294 906 3369 perpetrata.
933 3287 957 3348 sl
982 3295 1087 3348 autern
1110 3284 1207 3348 inter·

180 3398 253 3458 dnm
269 3398 431 3476 reperietis
449 3399 564 3481 aliqua,
587 3419 648 3481 que
663 3400 769 3462 sensui
783 3398 946 3464 hominum
961 3404 1130 3460 cernantur
1144 3390 1207 3461 terss

178 3507 281 3570 ribilia
296 3517 327 3571 et
338 3509 513 3584 horrenda,
529 3531 579 3573 me
594 3512 780 3592 scriptorem
795 3520 826 3573 et
840 3529 891 3571 res
907 3509 1033 3571 minime
1049 3509 1206 3572 admirenss

179 3628 244 3682 tur:
259 3622 314 3684 sed
326 3623 446 3703 gracias
462 3622 601 3685 celerant
615 3624 681 3705 regi
693 3642 814 3704 regum,
825 3621 878 3703 qui
889 3640 946 3683 sue
959 3619 1072 3684 oblitus
1083 3619 1207 3684 miseri*

178 3733 300 3806 cordia,
311 3753 369 3796 suo
382 3736 542 3816 angariato
555 3735 672 3816 populo
683 3754 747 3797 non
760 3732 909 3815 pepercit.
931 3753 1004 3795 nam
1017 3732 1207 3816 eregalihuu

176 3845 304 3907 sedibus
325 3846 356 3908 in
381 3845 558 3908 exterminii
584 3855 700 3908 terram
723 3844 974 3928 prosilientibus,
1002 3845 1076 3908 limo
1095 3864 1206 3909 eoru!

177 3956 268 4019 oculo
299 3977 364 4019 non
378 3957 500 4032 liniuit,
522 3961 585 4020 imo
601 3958 724 4021 exacuit
738 3957 874 4041 gladium
890 3957 977 4022 uelut
991 3956 1104 4042 fulgur.
1127 3947 1208 4021 Uist:

176 4069 253 4130 tauit
274 4068 456 4151 iniquitates
476 4089 601 4144 eornm,
624 4088 687 4131 non
707 4069 740 4131 in
759 4068 888 4143 baculo,
910 4070 968 4133 sed
991 4068 1024 4132 in
1046 4070 1153 4152 uirga,
1174 4074 1208 4132 ot

180 4190 311 4262 peccata
326 4202 389 4244 non
411 4181 557 4247 lomentis
579 4180 721 4258 lenibus,
751 4182 864 4266 quibem
890 4202 964 4246 suos
989 4182 1207 4245 consueuerat¹
