2798 4764
381 352 511 409 aquaem
533 357 578 400 ιιι.
599 356 689 401 aruis
710 358 886 404 uecesroa.
928 342 1018 411 ffli-
1161 347 1224 411 oto
1311 436 1319 444 .

197 513 309 569 inusto.
336 506 362 568 si
383 527 461 569 uero
484 517 606 590 tempus
629 510 702 570 noui
727 510 790 572 uiui
813 511 880 574 siue
901 514 994 576 musti
1014 514 1047 575 in
1065 515 1221 598 exigendo

196 618 388 692 distulerint,
410 620 575 681 extimacio
590 619 658 682 siue
675 621 816 703 precium
830 621 970 685 soluatur
983 644 1038 705 pro
1053 634 1167 689 musto.

277 729 346 810 [221
368 733 445 793 Item
459 732 658 815 priuilegium
670 734 755 815 quod
767 753 837 794 cum
848 734 936 797 Bulla
950 755 1045 797 aurea
1055 738 1223 819 consigna·

194 851 259 906 tum
273 843 386 916 fuerit,
407 863 425 906 a
440 845 627 907 cancellario
643 845 754 907 decem
774 845 886 907 marcis
902 848 1025 927 argenti
1040 849 1151 911 redimi
1166 850 1224 915 de·
1286 919 1292 926 ,

192 956 281 1029 beat,
302 964 356 1018 aut
378 975 484 1018 marca
505 956 583 1017 auri.
611 956 637 1016 si
657 976 735 1018 uero
756 956 815 1017 sub
838 958 986 1035 pendenti
1008 958 1110 1040 sigillo
1126 980 1221 1026 cereo

193 1066 303 1141 luerit,
326 1089 343 1131 a
365 1066 627 1148 uicecancellario
647 1087 751 1131 marca
773 1068 907 1151 argenti,
929 1077 961 1132 et
981 1089 999 1132 a
1020 1071 1143 1134 notario
1157 1071 1222 1136 ier·

192 1187 266 1248 tone
281 1179 463 1242 redimatur.

276 1287 343 1370 (23)
363 1291 534 1352 ltem....
556 1311 601 1365 es,
632 1298 685 1353 aut
699 1334 806 1352 .....
821 1292 884 1353 duo
907 1294 992 1373 pond
1014 1336 1167 1356 .......
1189 1302 1221 1359 et

194 1401 268 1463 dedi
283 1445 292 1461 .
307 1444 316 1463 .
331 1445 339 1461 .
354 1421 450 1463 unum
472 1403 593 1483 pondus
608 1446 878 1465 ............
893 1403 1064 1468 uidelicet.
1079 1449 1088 1466 .
1104 1450 1112 1467 .
1127 1450 1136 1468 .

275 1509 340 1594 (et)
356 1557 364 1572 .
380 1557 387 1573 .
404 1558 412 1575 .
428 1557 435 1574 .
451 1558 460 1574 .
474 1560 482 1575 .
497 1512 715 1589 iudicabimus,
730 1515 840 1578 ordine
854 1515 1019 1579 iudiciario
1034 1537 1145 1583 causas
1159 1518 1220 1583 liti·

191 1624 336 1703 gencium
351 1633 586 1706 cognoscentes.

273 1732 339 1815 (25)
360 1737 437 1799 ltern
458 1737 491 1797 in
512 1736 653 1819 quolibet
672 1756 755 1802 anuo
776 1738 873 1801 semel
895 1758 1004 1802 omnes
1027 1741 1162 1805 barones
1187 1749 1220 1806 et

191 1848 313 1910 nobiles
338 1847 428 1931 regni
451 1847 550 1911 nostri
574 1848 685 1911 Albam
711 1851 752 1912 ad
777 1853 1058 1933 congregacionem
1084 1854 1220 1919 debeant

190 1960 359 2022 conuenire
374 2005 382 2022 .
398 2003 406 2021 .
421 2004 430 2022 .
453 1961 492 2023 de
507 1968 590 2022 statu
604 1960 702 2042 regni.
726 1971 757 2024 et
771 1961 963 2044 inquirentes
975 1964 1013 2026 de
1024 1962 1115 2026 iactis
1125 1965 1219 2027 baro·

190 2092 282 2143 num,
304 2069 439 2152 qualiter
453 2070 584 2153 quilibet
597 2072 737 2152 ipsorum
754 2070 786 2132 in
800 2071 866 2134 suis
881 2074 1077 2136 comitatibus
1092 2095 1220 2157 proces·

189 2184 289 2246 serint
303 2190 335 2245 et
349 2183 608 2246 conseruauerint
630 2183 699 2246 iura
720 2185 818 2265 regni.
847 2193 878 2248 et
891 2186 1066 2248 secundum
1080 2206 1138 2249 sua
1151 2207 1220 2253 me·

189 2295 247 2356 rita
262 2295 396 2376 premia,
418 2303 449 2357 et
464 2296 617 2357 demerita
638 2296 690 2357 uel
705 2295 871 2359 commissa
891 2298 1061 2378 supplicia,
1081 2300 1152 2381 ipso
1166 2299 1218 2363 die

189 2406 362 2468 secundum
384 2404 534 2468 iudicium
549 2414 705 2482 nostrum,
728 2416 760 2470 et
774 2408 1024 2472 consiliariorum
1038 2417 1217 2473 nostrorum

189 2517 357 2599 recepturi.

272 2627 336 2709 (26)
358 2631 437 2691 Item
461 2629 691 2704 concessimus,
723 2632 808 2713 quod
832 2633 949 2715 siquis
974 2634 1125 2697 nobilium
1149 2633 1217 2703 siue

188 2744 346 2806 Saxonum
361 2742 573 2825 predictorum
588 2743 655 2805 sine
669 2742 788 2807 herede
804 2745 986 2820 decesserit,
999 2747 1217 2829 possessiones

187 2855 232 2917 sic
246 2855 427 2917 decedentis
448 2853 653 2928 hereditarie,
675 2855 800 2917 emticie
815 2862 847 2917 et
861 2854 960 2918 eciam
975 2857 1124 2939 aquisite,
1145 2857 1218 2921 nul·

186 2966 307 3030 latcnus
323 2967 460 3030 debeant
473 2966 648 3030 confiscari.
675 2967 732 3028 sed
753 2966 838 3029 idem
853 2967 1011 3031 decedens
1031 2968 1217 3050 propinquis

186 3080 260 3153 suis,
283 3086 337 3141 aut
351 3077 445 3140 alicui
460 3079 724 3161 propinquorum,
739 3098 796 3142 seu
811 3080 920 3152 uxori,
934 3079 986 3141 uel
1001 3079 1101 3141 eciam
1115 3078 1216 3143 eccle·

186 3191 238 3252 siis
254 3211 310 3272 pro
326 3190 467 3263 remedio
482 3192 584 3253 anime
600 3211 655 3253 sue
670 3191 776 3272 legare
791 3190 824 3251 in
839 3199 957 3262 morte,
978 3199 1011 3252 et
1022 3189 1167 3252 conferre
1180 3189 1215 3253 in

187 3300 249 3363 uita
264 3301 440 3384 cuicunque
456 3300 591 3363 uoluerit
603 3301 736 3363 liberam
748 3300 865 3364 habeat
878 3300 1069 3363 facultatem.

266 3412 332 3494 (27)
352 3415 430 3476 ltem
446 3413 472 3476 si
488 3413 540 3495 qui
557 3412 677 3473 nobiles
700 3410 818 3475 eulalii
833 3419 1022 3474 nocumenta
1041 3409 1213 3488 intulerint,

183 3525 209 3586 si
232 3524 404 3588 clemencia
434 3526 520 3607 regia
542 3523 685 3607 personis
711 3544 820 3586 eorum
841 3542 973 3606 parcere
995 3532 1139 3605 oporteat
1158 3522 1212 3589 uel

182 3639 367 3714 debeamus,
389 3636 627 3721 querulantibus
642 3645 747 3700 manen
761 3636 917 3700 iusticiam
931 3636 1144 3700 omnimodam
1163 3637 1212 3703 ia.-

183 3749 312 3812 ciemus.

262 3861 330 3945 (28)
350 3865 429 3928 ltem
451 3863 478 3927 si
498 3863 570 3946 quis
591 3861 830 3925 malefactorum
848 3879 956 3924 coram
976 3860 1082 3944 aliquo
1103 3861 1208 3925 iudice

181 3974 344 4040 conuictus
373 3976 562 4059 auffugerit,
596 3974 774 4038 nullatenus
801 3974 905 4056 ipsum
933 3972 1121 4054 recipiemus
1148 3988 1210 4046 uec

180 4085 279 4149 eciam
303 4087 514 4152 defensamus.
542 4096 575 4154 et
595 4085 739 4149 similiter
752 4106 810 4168 per
822 4087 959 4150 barones
979 4084 1126 4149 nolumus
1147 4100 1210 4157 peu

179 4201 342 4284 paciemur
356 4199 525 4273 onomat.
