2798 4764
217 303 280 367 uta
460 323 486 368 s.
500 324 643 369 nanuum
664 323 753 369 nnors
774 323 940 370 nrcnurou
960 325 1006 372 ru.

301 472 346 557 (2)
377 477 420 537 De
439 478 485 536 tis
509 478 559 556 qui
579 479 749 538 seruientem
771 480 898 539 oliorum
922 480 1057 540 detinent.
1112 480 1250 561 Precipi-

219 608 288 649 mus
313 589 426 661 eciam,
449 598 483 649 ut
504 589 586 650 idem
605 591 689 670 regis
710 590 843 653 nuncius
867 589 972 672 polam
992 593 1085 654 faciat
1105 593 1249 654 omnibus

217 708 280 762 tam
296 700 452 761 nobilibus
469 721 562 781 quam
578 702 776 783 ignobilibus,
800 703 952 785 imprimis
965 705 1133 786 episcopis,
1153 706 1249 768 abba-

218 812 309 884 tibus,
332 812 507 885 comitibus
528 822 639 894 postea
655 835 732 875 uero
749 815 935 876 minoribus:

300 924 418 1004 quoda
436 933 575 1004 tempore
592 925 676 1007 regis
690 927 816 987 Andree
838 934 869 987 et
884 926 972 987 ducis
988 926 1080 999 Bele,
1102 935 1134 988 et
1155 946 1174 988 a
1194 927 1249 990 de·

217 1037 387 1117 scriptione
407 1037 519 1098 iudicis
534 1036 667 1099 Sarchas
690 1038 833 1110 nomine,
856 1039 939 1119 apud
955 1057 1176 1119 quemcunque
1191 1038 1248 1100 ali·

217 1148 269 1230 qui
291 1148 406 1208 ciuium
430 1147 481 1208 uel
502 1147 663 1220 uillarum,
686 1147 740 1228 qui
763 1148 907 1210 dicuntur
927 1149 1066 1232 Evvrelr,
1088 1150 1148 1220 nel,
1162 1150 1246 1212 serui

216 1259 406 1330 detinentur,
429 1260 459 1320 in
476 1258 693 1339 assumpciooe
708 1259 841 1320 sMaric
857 1278 966 1321 omues
981 1260 1046 1339 regi
1062 1269 1248 1341 presenten-

217 1377 277 1431 tur.
300 1370 385 1451 quod
401 1369 426 1431 si
442 1369 510 1451 quis
525 1369 605 1431 sorte
620 1368 809 1441 detinuerit,
829 1369 994 1450 dupliciter
1006 1371 1129 1449 reddat.
1154 1371 1205 1433 uel
1220 1372 1246 1433 is

216 1482 269 1564 qui
293 1482 464 1544 defendere
488 1481 639 1554 uoluerit,
669 1481 701 1543 in
724 1481 864 1561 predicta
886 1481 1055 1547 sestiuitate
1078 1483 1184 1545 ueniat
1205 1483 1245 1544 ad

216 1595 335 1657 curiam
351 1603 381 1656 et
397 1594 554 1656 defendat.

298 1707 430 1769 Ueniant
451 1716 482 1768 et
503 1705 546 1767 illi
570 1707 749 1787 omnesqui
764 1706 908 1768 dicuntur
924 1707 1042 1789 Wzbeg
1064 1709 1103 1769 ad
1127 1709 1243 1770 curiam

214 1817 247 1881 in
269 1799 385 1881 eadem
402 1817 586 1891 lestiuitate,
616 1826 648 1880 et
668 1817 840 1880 secundum
862 1818 948 1899 quod
966 1819 1072 1900 regale
1095 1819 1243 1881 iudicium

214 1931 423 2003 ordinarent,
455 1931 653 2012 postmodum
678 1938 780 1993 ratum
809 1939 1001 2010 permaneat.
1046 1940 1077 1993 et
1102 1930 1242 2013 quisquis

214 2043 295 2106 ultra
306 2043 472 2105 terminum
484 2043 658 2124 predictum
670 2042 806 2124 aliquem
821 2043 961 2115 illorum,
976 2063 1056 2124 quos
1068 2053 1140 2105 tunc
1152 2043 1242 2105 reddi

214 2155 403 2238 precipimus
423 2153 607 2226 detinuerit,
629 2154 796 2235 dupliciter
817 2154 943 2226 reddat,
965 2162 996 2215 et
1014 2154 1241 2235 quinquaginta

213 2265 352 2350 quinque
373 2285 487 2347 pensas
508 2273 637 2347 propter
652 2265 932 2347 transgressionem
948 2262 1060 2327 soluat.
1093 2265 1163 2326 etsi
1180 2283 1243 2345 qua

212 2369 349 2460 suspicio
370 2379 409 2441 de
432 2378 485 2440 illo
509 2377 562 2460 qui
585 2378 713 2440 alterius
734 2399 801 2439 rem
824 2376 983 2439 detinebat
1002 2377 1109 2438 habita
1131 2376 1241 2449 luerit,

213 2509 251 2554 co
274 2491 346 2572 quia
376 2490 427 2552 ille
450 2511 544 2571 quem
570 2491 757 2560 retinuerat,
786 2487 836 2549 fur
857 2497 888 2550 ct
911 2486 989 2548 latro
1013 2488 1241 2561 diffamabatur,

211 2601 278 2683 ipse
295 2610 447 2683 expurget
468 2622 501 2663 se
518 2602 643 2664 iudicio.
665 2601 691 2663 si
707 2599 868 2682 culpabilis
884 2600 992 2673 suerit,
1014 2609 1046 2662 ul
1062 2600 1112 2662 sur
1128 2601 1240 2681 etipse

215 2713 412 2774 diiudicetur.

294 2823 340 2884 llli
356 2825 408 2905 qui
425 2825 571 2886 dicuntur
586 2825 681 2906 uulgo
693 2824 830 2905 Wzbeg,
845 2825 1021 2906 cuicunque
1038 2844 1170 2907 persone
1186 2823 1241 2885 ad·

211 2936 367 3008 heseriut,
395 2945 614 3016 representeut
636 2957 691 2999 eos
714 2937 780 3017 regi
803 2937 834 2998 in
857 2940 1077 3018 assumpcioue
1099 2959 1123 2998 s.
1141 2936 1240 2998 lllarie

211 3049 352 3129 uirginis.
378 3048 462 3129 quod
477 3048 502 3108 si
517 3047 587 3128 quis
603 3057 815 3127 transgressus
831 3046 939 3120 suerit,
961 3048 1007 3108 bis
1024 3049 1152 3110 totidem
1168 3048 1240 3108 red-

212 3162 280 3234 dat,
296 3169 327 3224 ct
341 3161 469 3241 iusuper
483 3169 612 3241 propter
623 3159 701 3240 legis
717 3159 901 3222 fractionem
913 3161 1137 3243 quinquaginta
1149 3160 1238 3240 quin·

210 3293 272 3355 que
287 3292 400 3353 pensos
421 3272 579 3333 adhibeat.

293 3383 337 3464 (3)
358 3385 402 3445 Dc
415 3385 552 3445 Palatino
567 3385 679 3444 comite.
723 3382 843 3445 Placuit
858 3383 968 3455 eciam,
984 3390 1017 3445 ut
1031 3384 1055 3445 si
1069 3382 1237 3465 aliquando

210 3495 366 3559 Palatinus
381 3517 486 3558 comes
502 3498 629 3557 domum
645 3496 752 3567 inerit,
774 3496 855 3575 regis
871 3504 902 3557 et
917 3496 1002 3557 curie
1018 3494 1163 3576 sigillum,
1186 3494 1237 3574 qui

210 3609 242 3670 in
264 3610 334 3671 nice
357 3610 425 3671 eius
448 3610 650 3682 remanserit,
672 3609 713 3670 illi
739 3610 888 3682 dimittat,
918 3617 951 3671 ut
972 3609 1052 3671 sicut
1071 3609 1153 3686 regis
1177 3626 1238 3666 una

210 3728 257 3782 est
271 3725 375 3793 curia,
398 3722 484 3782 etita
499 3742 596 3782 unum
612 3722 745 3803 sigillum
763 3723 919 3803 persistat.
941 3720 1025 3781 domi
1041 3739 1117 3780 uero
1133 3738 1237 3778 comes

208 3832 293 3894 idem
309 3831 458 3911 quamdiu
480 3833 705 3912 permanserit,
726 3852 821 3913 super
835 3831 992 3894 neminem
1013 3829 1148 3912 sigillum
1168 3829 1238 3891 mit-

208 3952 268 4017 tat,
289 3943 348 4005 uisi
362 3963 458 4024 super
473 3963 528 4005 eos
544 3945 695 4009 duntaxat
708 3946 762 4028 qui
778 3951 929 4007 uocantur
943 3942 1111 4005 uduornilr.
1141 3942 1237 4024 etqui

207 4063 381 4137 spontanea
396 4054 557 4118 uoluntate
571 4056 686 4118 inerint
700 4055 741 4118 ad
756 4074 840 4127 eum,
853 4053 923 4114 illos
939 4052 967 4114 ei
982 4052 1074 4115 liceat
1088 4054 1237 4115 iudicare.

209 4166 334 4253 quodsi
349 4164 439 4230 aliter
454 4165 579 4241 lecerit,
601 4166 827 4253 quinquaginta
841 4164 980 4251 quinque
999 4185 1112 4249 pensas
1126 4165 1237 4232 soluat.
