2798 4764
225 326 288 403 bib
396 328 489 403 ilbi
507 352 551 403 π.-
568 350 662 401 nors
681 354 754 402 ross
774 352 952 402 muscosus.
992 336 1083 403 tffit.

225 506 440 573 testimouium
455 506 600 572 constare
620 526 685 570 non
704 516 813 590 posset
831 506 939 571 omisis
960 508 1026 571 suis
1039 509 1110 590 qsris
1125 528 1198 571 curn
1212 510 1259 573 in·

226 620 404 693 meruerit,
424 619 450 680 si
473 620 559 701 prius
579 639 636 702 per
654 618 891 702 inquisicionem
914 619 1027 682 sectum
1048 618 1185 703 aliquem
1206 642 1261 684 su·

97 724 101 731 ’
227 738 371 814 spectum
386 728 548 812 repererit,
560 738 593 793 et
604 730 700 795 iustas
712 749 749 793 ac
759 730 939 812 probnbiies
950 730 1137 813 suspicionis
1148 752 1259 796 causes

121 874 126 885 ·
228 843 417 915 ostenderit,
433 840 612 905 huiusmodi
626 842 793 924 negocium
808 842 914 905 duello
930 842 1075 906 uolumus
1088 843 1259 907 terminari.

191 1010 199 1023 ,
311 955 394 1030 (20)
414 954 491 1016 Item
506 952 532 1015 si
543 952 737 1015 Christianus
751 953 842 1016 elicui
857 954 1024 1017 iudeorum
1039 974 1166 1017 monum
1181 956 1260 1019 inie-

168 1086 171 1091 ·
225 1065 308 1129 urit
326 1063 517 1137 uiolentam,
537 1082 620 1145 penu
641 1063 814 1145 condigne,
837 1082 900 1145 que
920 1065 1155 1146 quodammodo
1173 1074 1260 1129 trun·

229 1177 351 1243 oscioni
365 1194 476 1239 manus
490 1177 749 1257 correspondent,
770 1175 916 1239 uolumus
933 1178 1178 1259 condempnare.

313 1291 394 1363 (21)
414 1289 492 1353 item
506 1286 602 1351 iudex
612 1287 781 1350 iudeorum
795 1287 912 1350 nulium
925 1306 1052 1352 osnssm
1063 1297 1164 1352 ortam
1180 1291 1261 1353 iuter

226 1402 344 1467 {ndens
362 1403 397 1464 in
416 1399 568 1463 iudicium
590 1398 738 1471 deducet,
759 1400 821 1461 nisi
841 1420 899 1482 per
918 1400 1146 1482 querimoniam
1165 1402 1261 1465 inerit

224 1512 397 1700 ΫΙἚΞ)
418 1622 496 1686 item
511 1620 537 1684 si
551 1618 746 1683 Christianus
767 1640 785 1682 n
806 1620 904 1684 ludeo
920 1621 1034 1704 pignus
1051 1642 1142 1685 suum
1157 1623 1261 1685 obsol-

226 1735 386 1808 semoto,
400 1732 486 1817 quod
501 1751 614 1814 penam
628 1730 805 1813 impositum
819 1750 884 1794 non
899 1731 1102 1813 persoluerit‚
1117 1734 1144 1795 si
1156 1734 1260 1796 eidem

230 1866 345 1931 penem
364 1844 447 1908 int'rs
469 1860 609 1917 mensorn
630 1861 695 1906 non
715 1842 861 1917 soluerit,
892 1842 951 1905 iilis
974 1845 1063 1925 penis
1082 1844 1260 1908 increscant

227 1978 396 2146 *metm
416 2070 493 2133 item
506 2069 539 2131 in
554 2068 650 2131 domo
664 2063 753 2127 iudei
767 2064 914 2127 nolumus
932 2064 1096 2148 hospitari.

280 2212 283 2217 ·
314 2183 396 2261 (db)
422 2183 501 2246 item
520 2181 546 2243 si
566 2179 681 2243 ludeus
705 2197 802 2259 super
827 2177 1060 2259 possessionem
1082 2187 1135 2242 ont
1155 2179 1261 2243 iiterss

225 2302 410 2380 rbsgnstnm
424 2304 427 2309 '
439 2294 529 2376 regni
552 2290 719 2376 pecuniam
745 2289 951 2363 mutusuerit‚
980 2298 1013 2353 et
1031 2290 1093 2353 boc
1114 2312 1172 2374 per
1189 2312 1262 2355 suns

230 2408 338 2473 literne
352 2415 384 2470 et
397 2405 533 2488 sigilium
549 2402 747 2486 probauerit,
769 2419 828 2463 nos
841 2402 939 2465 ludeo
962 2404 1194 2483 possessionem
1215 2424 1265 2467 ns·

229 2518 422 2601 signabimus
443 2514 630 2597 obligatum,
652 2521 684 2575 et
703 2532 759 2575 eos
780 2519 889 2574 contro
909 2512 1098 2575 uiolencism
1118 2514 1263 2578 defense-

228 2628 349 2702 bimus,
377 2635 410 2690 ot
427 2625 577 2687 faciemus
600 2642 672 2686 cum
697 2623 863 2705 percipere
885 2623 1005 2686 fructus
1028 2626 1263 2706 prouenientes‚

229 2738 332 2803 donec
346 2736 540 2801 Christianus
554 2744 718 2818 appar-est,
732 2734 788 2817 qui
801 2734 879 2798 uelit
892 2735 1049 2799 redimere
1065 2756 1176 2799 omnes
1190 2757 1262 2818 pos-

229 2852 387 2915 sessiones
408 2849 509 2912 tstitcr
529 2848 692 2931 obligatas.
720 2868 817 2930 super
831 2846 1014 2909 Christianis
1036 2851 1186 2911 tamenin
1202 2850 1263 2912 eis-

229 2962 303 3027 dem
318 2960 569 3044 possessionibus
589 2960 796 3024 existentibus
812 2958 943 3022 {odeum
962 2960 1099 3042 oliqssnm
1119 2961 1262 3023 iurisdic-

229 3074 350 3139 tionem
365 3074 511 3137 nolumus
525 3092 685 3138 exercere.

313 3188 395 3263 (25)
419 3188 495 3251 {tem
509 3186 536 3249 si
549 3186 662 3269 uliquis
676 3185 729 3249 uel
750 3185 855 3268 aliqua
878 3204 1011 3267 puerum
1025 3185 1205 3259 abduxerit,
1228 3195 1262 3248 ut

228 3300 281 3365 {br
293 3300 439 3363 uolumus
454 3299 715 3380 condempnetur.

220 3440 227 3449 ·
312 3412 392 3487 (26)
412 3412 491 3474 Item
505 3411 532 3472 si
547 3410 661 3473 iudeus
676 3419 838 3491 receptum
854 3428 873 3472 s
887 3408 1064 3472 Christiano
1078 3410 1190 3492 pignus
1206 3429 1262 3492 per

228 3522 368 3606 spsciurn
387 3521 460 3583 anni
475 3521 588 3593 tenuit,
610 3521 635 3581 si
650 3519 792 3602 pignoris
808 3520 896 3584 rrsior
910 3528 1080 3583 mutuatum
1095 3520 1262 3602 pecuniam

229 3639 262 3697 et
274 3650 389 3714 penam
404 3649 468 3694 non
483 3633 672 3706 excesserit,
693 3631 809 3696 indens
824 3633 918 3696 indici
933 3653 992 3696 suo
1007 3633 1120 3715 pignus
1131 3633 1263 3694 demon-

162 3744 176 3761 '
227 3741 352 3814 stmbit,
373 3748 406 3803 et
418 3740 505 3822 prins
520 3760 559 3804 es
573 3742 734 3805 uendendi
748 3742 864 3807 babent
877 3744 1064 3807 libertatem.

312 3852 390 3927 (Ἠ)
411 3852 443 3915 si
463 3853 550 3935 quod
573 3853 686 3938 pignus
705 3872 895 3936 perannum
916 3862 949 3917 et
964 3855 1039 3917 dnm
1053 3854 1135 3917 ultro
1155 3855 1263 3918 termi-

226 3982 304 4029 num
319 3965 543 4029 consensionis
557 3967 641 4048 npud
654 3962 786 4031 lodeum
807 3966 928 4050 absquo
946 3964 1010 4028 ullu
1032 3968 1263 4049 protestscione

227 4077 433 4155 remanserit,
453 4076 531 4141 nulli
544 4096 640 4162 suprs
652 4076 715 4141 boc
727 4084 840 4163 postes
852 4076 1067 4160 respondebit.
