2798 4764
177 311 239 378 m
497 329 681 379 mammes
706 330 748 377 m
768 330 881 379 vnn

85 469 88 473 ’
185 532 190 539 .
259 481 357 558 (285)
378 481 532 566 Georgius
542 483 586 547 de
600 483 677 549 uitis
688 484 798 549 Bebud
815 484 946 548 ueniens
962 503 1037 546 eum
1053 482 1225 565 pristdsie

176 613 234 656 suo
248 593 375 657 nomine
387 594 540 668 Cubuchi,
554 594 632 658 dixit
644 614 680 659 se
693 595 830 677 litiguss
843 614 948 658 mrem
957 594 1087 677 Angeia
1102 594 1225 659 eur-idi

176 704 292 770 comite
313 705 353 769 de
367 708 511 779 Zounus,
533 705 744 788 prouioiente
758 707 920 769 abiecisse
940 706 1026 769 serui
1043 707 1119 780 sui,
1142 726 1223 769 eum

175 815 273 879 Somu
288 816 327 879 de
342 814 415 878 uilia
429 814 529 898 syon.
551 816 604 898 qui
620 814 718 878 Somu
732 816 863 880 ueniens
877 816 909 879 in
923 824 1013 879 sexta
1026 816 1113 879 seris
1129 817 1224 880 eius-

176 927 448 1008 demseptimane,
470 926 547 989 dixit
561 946 624 988 non
638 935 720 991 stare
734 947 770 990 se
785 927 901 990 iudicio
914 927 1029 1008 prefati
1043 927 1168 991 iudicis
1184 929 1222 991 irs

176 1057 271 1103 musa
289 1039 364 1110 ista,
384 1038 523 1121 eoquod
541 1036 621 1100 atius
638 1046 724 1101 esset
738 1038 835 1101 iudex
849 1047 881 1101 et
893 1037 1063 1120 pristsidus
1088 1058 1222 1102 eorum.

259 1150 359 1225 (286)
379 1150 491 1232 Egyud
512 1157 544 1213 et
556 1149 745 1232 smaragdus
767 1150 897 1214 comites
919 1150 1077 1213 miserunt
1099 1158 1224 1215 conru-

176 1261 357 1325 bemsrium
370 1280 460 1324 suum
474 1260 646 1334 Andresm,
668 1270 700 1324 et
712 1260 920 1342 impeeierunt
933 1260 1153 1323 Lsureneium
1177 1261 1223 1325 ds

177 1372 254 1439 uitta
276 1351 459 1436 Latinorum
483 1371 742 1434 Usrsdinensium
769 1390 828 1454 pro
852 1370 1010 1435 oeeisio'ne
1036 1391 1221 1436 seruorum

177 1504 303 1557 eorum,
324 1484 428 1548 iudice
447 1483 574 1546 iosehir
593 1502 764 1558 mosomo,
790 1482 939 1564 pristaido
959 1482 1060 1547 surm
1083 1482 1221 1550 clerieo.

177 1596 235 1659 sed
248 1614 321 1658 eum
331 1594 525 1658 Lsureneim
540 1601 666 1676 peretur
679 1600 764 1659 esset
780 1601 905 1674 portare
920 1592 1062 1657 candens
1077 1593 1220 1668 ferrum,

176 1705 318 1769 Andreas
334 1703 531 1768 renuneisuit
552 1703 667 1765 iudicio
686 1702 762 1765 ferri
783 1703 961 1777 candentis,
990 1703 1103 1766 dicem
1122 1703 1219 1767 iiten

177 1832 248 1876 esse
260 1814 474 1877 innocentem.
702 1888 711 1903 ν

258 1923 357 1999 (287)
377 1922 508 2006 Egidius
520 1922 561 1986 de
574 1919 647 1986 uilis
658 1921 742 1987 Lezd
756 1923 895 2006 impeciit
907 1922 1095 2005 peliparium
1108 1922 1220 1987 eede-

175 2033 223 2100 sie
237 2036 279 2100 ds
290 2035 388 2118 igyed
400 2035 528 2099 nomine
537 2035 625 2100 Kena
640 2035 679 2098 de
694 2034 770 2098 uilis
780 2035 902 2101 Sesired
914 2053 974 2116 pre
986 2035 1084 2109 terto,
1104 2035 1218 2100 indies

176 2147 273 2210 Paulo
294 2146 404 2210 curiali
421 2147 534 2211 comite
555 2147 595 2211 de
616 2146 740 2221 Biehor,
761 2145 911 2228 pristsido
929 2145 1046 2209 Oroehi
1068 2147 1110 2210 de
1138 2147 1219 2212 uitta

176 2258 287 2322 Boetu.
308 2259 397 2321 Kena
411 2266 536 2341 porteto
552 2257 637 2322 ierro
653 2257 837 2322 imtiiiestus
852 2265 910 2321 est.

257 2371 357 2447 (288)
379 2371 527 2444 Somou,
548 2370 654 2443 Seme,
675 2370 802 2453 Chegur
822 2372 862 2434 de
877 2370 951 2434 uitis
965 2370 1220 2456 Gysgysimpe·

176 2481 298 2546 cierunt
320 2481 472 2564 quosdam
492 2481 531 2544 de
551 2480 626 2543 uilla
641 2480 782 2561 Orobsg,
802 2480 921 2545 seilicet
941 2481 1036 2564 Cogy,
1058 2482 1218 2549 Seemsm

176 2592 314 2665 Bellum,
336 2592 423 2665 Uros,
446 2593 570 2665 Uotam,
592 2600 623 2654 et
639 2592 679 2654 de
693 2590 767 2654 uilia
782 2593 868 2655 Tuca
889 2593 998 2666 Usam‚
1019 2613 1079 2674 pro
1095 2594 1218 2658 damno

177 2704 289 2766 decem
303 2722 493 2775 marearum,
511 2703 635 2764 arbitris
648 2702 795 2785 Georgin,
815 2703 901 2776 Iano,
920 2704 1099 2778 Ambrosio,
1112 2705 1219 2769 Guth-

177 2831 253 2884 msr,
279 2812 424 2883 loachin,
455 2812 606 2891 pristsido
632 2822 736 2875 sutem
760 2814 851 2886 Bata,
881 2813 914 2875 in
935 2815 1113 2893 septimana
1140 2835 1217 2881 ecoe

178 2921 268 2983 deus.
292 2921 387 3002 Cogy,
409 2920 537 2993 Scema,
559 2921 650 2994 Balu,
672 2923 773 2996 Utros‚
795 2925 891 2997 Uota,
912 2933 943 2987 et
958 2924 1017 2987 Usa
1032 2945 1098 2987 non
1114 2946 1217 2992 uene-

177 3039 266 3105 runt,
280 3031 335 3094 sed
350 3031 495 3093 dominus
510 3049 618 3093 eorum
633 3032 717 3095 misit
731 3043 948 3097 excusatorem
964 3055 1020 3113 pro
1032 3035 1080 3097 eis
1091 3036 1216 3111 dicens,

177 3151 210 3208 et
230 3143 317 3225 quod
338 3142 454 3224 ipsein
479 3143 619 3225 predicto
642 3143 774 3206 termino
790 3146 897 3208 debuit
910 3165 981 3208 esse
996 3147 1082 3226 sputi
1100 3147 1217 3227 peisti·

177 3275 266 3329 num,
282 3265 313 3318 et
326 3255 400 3318 ideo
413 3256 618 3337 ioubagiones
633 3254 681 3319 sui
698 3258 922 3337 prenominati,
936 3259 1003 3320 sine
1017 3256 1088 3339 ipso
1101 3261 1216 3323 uenire

176 3366 364 3430 Urrsdinum
379 3386 442 3428 non
458 3367 643 3446 potuissent.

259 3479 359 3552 (289)
381 3478 485 3540 Beehe
500 3478 539 3542 de
556 3476 630 3539 uilis
645 3476 760 3539 Tarien
777 3475 914 3558 impeeiit
927 3477 1084 3559 predictos
1098 3481 1217 3546 Baium

177 3595 209 3650 et
222 3589 364 3651 Seemsm
386 3589 425 3650 de
441 3589 556 3651 damno
577 3588 670 3650 unius
692 3595 723 3650 et
744 3587 872 3651 dimidie
892 3607 1008 3662 meree,
1028 3608 1137 3655 comm
1154 3593 1217 3656 eis·

177 3698 250 3759 dem
271 3699 410 3773 arbitris,
432 3708 464 3762 et
482 3699 595 3763 eodem
617 3699 771 3761 existente
787 3699 949 3779 pristaldo,
971 3702 1133 3765 eteoclem
1151 3715 1218 3767 ter·

177 3808 273 3882 mino,
302 3811 359 3872 sed
380 3820 416 3874 ut
434 3811 609 3894 predictum
630 3819 678 3875 est
691 3810 767 3875 Bsiu
788 3819 819 3875 et
833 3811 945 3874 Scema
964 3831 1028 3874 non
1042 3826 1218 3881 uenerunt.

261 3922 360 3996 (290)
382 3922 497 3987 Uolura
510 3923 642 4006 litigauit
655 3943 727 3987 cum
740 3925 853 3998 Petro,
875 3924 983 3987 dicens
997 3927 1084 4007 quod
1100 3928 1219 3993 Petrus

181 4031 317 4097 debebat
336 4031 366 4095 ei
387 4049 523 4096 marcam
538 4053 632 4097 unsm
647 4036 783 4117 argenti,
804 4045 836 4101 et
849 4055 921 4098 eum
935 4045 1096 4118 repeteret
1107 4039 1219 4117 iiiam,

177 4144 288 4211 Petrus
311 4150 458 4231 negasset
476 4162 511 4206 se
533 4145 566 4206 in
585 4143 690 4229 aliquo
709 4148 740 4210 ei
762 4145 882 4223 teneri,'
896 4147 1026 4232 insuper
1039 4158 1073 4214 et
1086 4151 1222 4241 uitupe-
