2798 4764
179 307 240 370 did
371 323 502 371 mnu
523 324 567 371 ur.
588 296 874 370 nnom'nncusrorr.
917 303 1008 369 1291.

179 486 281 542 torum
308 478 544 561 progenitorum
567 485 761 551 nostrorum,
790 496 901 560 regum
925 475 1091 538 illustrium
1114 474 1211 538 Hun-

179 590 284 673 garie,
306 590 457 673 uestigia,
477 610 536 672 pro
551 590 678 653 modulo
694 597 725 652 et
738 610 797 670 pro
811 609 915 671 posse.

262 700 307 784 (3)
329 704 541 767 Promittimur
557 704 671 776 eciam,
687 702 771 784 quod
786 700 953 784 dignitates
967 720 1024 763 seu
1039 700 1212 764 comitatus

179 813 271 896 regni
292 814 407 889 uostri,
427 835 484 877 seu
506 822 624 888 castra,
645 813 777 877 aduenis
800 814 853 876 uel
874 811 1060 894 hospitibus,
1082 820 1136 875 aut
1149 829 1212 894 pa·

180 925 268 1006 ganis
290 925 342 989 uel
361 925 562 1008 ignobilibus,
590 934 622 989 et
643 925 703 999 bis,
731 926 837 1008 quiin
857 944 955 1007 regno
978 933 1084 986 nostro
1105 943 1213 987 nocu-

179 1044 284 1101 menta
303 1036 485 1119 frequenter
502 1037 690 1112 intulerunt,
710 1037 888 1117 nullatenus
910 1037 1124 1113 conteremus,
1145 1055 1213 1100 neo

180 1148 318 1212 consiliis
332 1149 445 1212 nostris
459 1149 612 1214 interesse
627 1150 855 1233 permittemus.

262 1258 307 1342 (l)
327 1262 391 1324 Neo
407 1260 507 1323 eciam
528 1261 662 1325 barones
683 1281 756 1324 suas
776 1262 941 1344 dignitates
959 1262 992 1324 in
1006 1270 1091 1325 certa
1106 1281 1213 1345 quan·

179 1374 267 1438 titate
291 1374 438 1456 pecunie,
458 1373 564 1438 locare
584 1375 810 1457 permittemus.
829 1395 897 1467 'nec
918 1373 1005 1437 uices
1026 1393 1115 1449 suas,
1136 1375 1210 1439 siue

178 1484 333 1549 iudicatus
346 1484 379 1547 in
393 1484 543 1567 parocbia
557 1485 693 1548 conferri
707 1484 897 1568 ignobilibus
912 1485 1082 1568 paciemur.

264 1595 312 1677 (5)
332 1597 409 1659 ltem
432 1597 534 1660 nullus
554 1597 622 1660 sine
643 1596 821 1660 testimonio
837 1596 1044 1679 capitulorum
1060 1597 1111 1661 uel
1126 1617 1209 1662 con·

179 1719 346 1785 uentuum,
372 1710 412 1773 ad
433 1710 629 1791 presenciam
651 1709 815 1773 curialium
837 1709 986 1772 comitum
1007 1708 1059 1773 uel
1079 1710 1210 1775 uiceco·

180 1822 289 1885 mitum
305 1820 392 1884 citari
406 1821 513 1904 possit.
541 1839 601 1884 neo
616 1840 722 1885 comes
738 1821 885 1885 iudicium
900 1821 1041 1905 recipere
1056 1831 1112 1895 aut
1125 1821 1212 1887 iudi·

179 1951 253 1996 care
267 1942 445 2016 presumat,
467 1935 587 2017 absque
602 1943 736 2015 quatuor
749 1934 908 1998 nobilibus
922 1933 1099 1998 nominatis.
1202 1978 1205 1983 -

263 2042 311 2128 ld)
331 2047 408 2109 ltem
424 2046 625 2122 donaciones,
647 2067 709 2129 quo
730 2066 788 2128 per
803 2047 947 2110 dominos
961 2046 1069 2110 Belam
1092 2055 1124 2110 et
1138 2048 1214 2114 Sto·

179 2157 335 2242 phanum,
363 2156 496 2240 inclytos
519 2178 613 2241 reges
632 2158 812 2241 Hungarie,
843 2158 983 2222 felicium
1005 2159 1215 2224 recordacio·

178 2291 271 2346 num,
291 2303 412 2334 --.
429 2313 439 2332 .
457 2268 663 2345 ,nullatenus
687 2290 894 2345 reuocamus,
924 2289 997 2334 cum
1020 2270 1116 2334 iidem
1142 2292 1216 2349 msq

179 2384 284 2448 diante
297 2383 420 2448 iusticia
432 2381 517 2446 telici
530 2402 677 2446 successu
692 2391 725 2447 et
738 2402 891 2464 prospero
902 2402 1032 2465 regnum
1044 2384 1214 2467 Hungarie

178 2494 442 2579 gubernauerint,
464 2500 496 2557 et
509 2492 628 2556 salubri
641 2512 768 2574 semper
784 2492 915 2567 consilio
929 2493 1048 2557 fuerint
1062 2495 1123 2558 usi.

261 2605 306 2688 (7)
328 2608 392 2669 Nec
414 2606 475 2668 boo
498 2604 764 2688 pretermittimus,
787 2608 871 2688 quod
887 2608 961 2688 quia
982 2608 1126 2671 dominus
1149 2630 1214 2675 rex

179 2717 351 2792 ladislaus,
371 2717 469 2781 frater
482 2727 600 2793 noster,
621 2719 654 2780 in
668 2726 750 2782 etate
769 2728 877 2782 tenera
891 2719 995 2782 luerat
1009 2721 1214 2798 constitutus,

178 2839 212 2894 et
230 2850 362 2913 regnum
376 2829 537 2912 Hungarie
553 2831 674 2893 Tartari
694 2864 737 2878 -
750 2876 759 2893 .
771 2875 801 2893 ..
816 2831 998 2913 frequenter
1012 2834 1214 2910 inusserunt,

180 2952 212 3006 et
225 2942 420 3024 quorundam
444 2941 595 3005 nobilium
616 2943 705 3025 regni
726 2943 827 3008 nostri
849 2950 954 3025 patres
973 2952 1004 3007 et
1022 2944 1154 3021 fratres,
1177 2947 1216 3010 in

179 3053 364 3118 defensione
385 3055 475 3137 regni
494 3063 568 3118 sunt
587 3054 783 3136 interempti,
804 3056 995 3118 donaciones
1019 3075 1075 3137 pro
1096 3075 1216 3121 eorum

178 3165 320 3231 seruiciis
335 3167 499 3231 meritoriis
520 3188 576 3249 per
590 3167 727 3231 eundem
749 3187 857 3249 regem
872 3167 1052 3231 Ladislaum
1072 3169 1154 3231 iuste
1180 3179 1217 3235 et

178 3277 317 3362 legitime
332 3280 440 3353 factas,
461 3281 547 3342 iuxta
562 3278 725 3343 consilium
740 3280 1060 3362 archiepiscoporum,
1081 3282 1216 3364 episco-

177 3411 291 3475 porum
306 3399 337 3455 et
352 3391 600 3455 consiliariorum
621 3399 800 3453 nostrorum
822 3411 879 3473 per
893 3411 1026 3473 regnum
1042 3393 1217 3474 deputato·

177 3524 262 3578 rum,
283 3503 464 3566 conseruari
478 3503 639 3566 iaciemus.

260 3612 310 3695 (8)
334 3613 529 3678 Collaciones
554 3633 631 3677 uero
656 3615 811 3679 indebitas
836 3624 867 3679 et
890 3616 1032 3690 iniustas,
1062 3624 1216 3699 tempore

177 3724 275 3807 ipsius
290 3724 425 3787 Ladislai
449 3726 532 3809 regis
554 3726 664 3799 factas,
695 3727 914 3790 reuocabimus
937 3728 1068 3791 oonsilio
1091 3747 1217 3795 eorun-

150 3908 152 3913 ,
178 3838 261 3900 dem.
282 3838 342 3899 boe
363 3846 469 3901 tamen
484 3859 645 3922 expresso,
667 3840 752 3922 quod
773 3838 962 3903 collaciones
985 3839 1109 3922 abipso
1130 3862 1216 3927 rege

176 3947 322 4013 Ladislao
345 3949 453 4026 lactas,
475 3972 576 4034 usque
597 3951 712 4016 festum
732 3952 831 4017 saneti
851 3953 934 4035 regis
949 3951 1102 4034 Stephani
1123 3973 1217 4020 nuno

177 4069 363 4138 uenturum,
389 4065 473 4146 apud
496 4064 643 4139 eosdem,
670 4064 784 4146 quibus
807 4072 880 4127 sunt
900 4063 1026 4139 collate,
1053 4064 1215 4137 iaciemus

177 4175 370 4243 conseruari.
405 4175 546 4260 exeeptis
571 4175 691 4253 iuribus
714 4173 883 4263 regalibus,
915 4176 1061 4243 uidelicet
1085 4181 1220 4265 castris,
