2798 4764
262 354 522 412 coassumroses
537 359 748 410 sestaronus
771 356 983 410 eruoemmr.
1014 337 1104 411 ΜΘ.
1145 339 1207 411 dd?

180 539 238 584 nos
263 526 471 602 occupentur,
497 518 683 600 spolientur,
706 528 735 580 et
757 519 917 592 ledantur,
940 516 970 580 in
992 507 1079 600 parte
1101 517 1153 581 uel
1173 518 1207 580 in

182 642 257 696 toto.

264 740 328 822 (23)
350 744 435 803 Bona
451 742 549 803 eciam
565 742 748 804 decedentis
771 740 910 822 episcopi
925 741 1068 802 dominus
1083 760 1139 801 rex
1154 740 1206 803 uel

181 852 320 935 quelibet
341 853 401 914 alia
420 872 572 934 persona,
593 872 706 933 rapere
721 872 783 912 non
800 851 915 931 possit,
936 852 992 913 scd
1014 850 1135 914 utilitati
1155 870 1208 912 ec·

181 964 291 1037 olesie,
312 962 400 1025 cuius
423 961 506 1024 idem
522 961 659 1042 prelatus
682 962 779 1024 luisse
802 962 983 1035 dinoscitur,
1005 962 1031 1022 si
1045 962 1207 1023 intestatus

182 1076 320 1146 decedit,
341 1074 546 1155 applicentur.

265 1183 331 1266 (et)
353 1185 385 1246 Si
411 1205 487 1246 uero
509 1205 638 1266 compos
661 1206 718 1247 sue
742 1185 855 1247 mentis
874 1185 913 1246 de
934 1183 983 1246 his
1005 1183 1209 1265 disposuerit,

183 1298 356 1359 secundum
382 1297 603 1376 promissionem
629 1296 705 1357 iuris
730 1296 774 1357 eis
796 1294 919 1376 disponi
941 1293 1072 1366 debent,
1096 1293 1209 1374 quibus

182 1408 301 1469 fuerint
321 1408 531 1488 appromissa,
553 1439 593 1453 -
605 1441 647 1454 -
660 1441 702 1453 —
720 1427 776 1468 seu
793 1407 979 1468 detencioue
995 1415 1209 1486 cognatorum,

183 1518 392 1579 seruiencinm
407 1527 459 1579 aut
474 1516 654 1579 officialium
669 1517 808 1598 episcopi
824 1517 1017 1590 decedentis,
1039 1535 1210 1597 aquocun·

183 1647 244 1709 que
269 1628 508 1691 interueniente.
538 1628 596 1688 etsi
619 1628 672 1709 qui
698 1628 976 1708 parochianorum,
1006 1625 1057 1689 uel
1078 1627 1209 1688 aliarum

182 1759 388 1820 personarum
413 1739 622 1820 priuatarum,
645 1748 753 1802 contra
777 1739 837 1802 hec
861 1747 976 1802 statute
1000 1739 1110 1800 uenire
1137 1758 1210 1819 pre·

183 1851 389 1933 sumpserint,
412 1871 534 1913 exnunc
549 1852 642 1912 latam
657 1849 819 1913 incurrent
832 1852 900 1933 ipso
916 1850 1010 1915 facto.

265 1961 330 2044 (25)
352 1964 418 2025 Etsi
444 1963 496 2044 qui
523 1963 693 2035 collectas,
725 1961 777 2024 nel
801 1963 980 2026 exactiones
1005 1980 1210 2045 quascunque

183 2095 278 2154 super
294 2074 427 2154 populos
448 2074 653 2135 ecclesiarum
670 2081 701 2135 et
715 2073 865 2135 nobilium
887 2073 992 2135 lacere
1013 2093 1211 2153 presumpse-

184 2184 259 2257 rint,
282 2184 332 2246 uel
353 2204 482 2266 quoquo
507 2185 600 2245 modo
620 2183 739 2246 ficudas
760 2183 945 2255 indixerint,
967 2184 1101 2245 barones
1122 2201 1210 2255 uero,

184 2294 292 2374 quiin
317 2293 511 2354 monasteriis
536 2293 583 2353 ins
609 2300 790 2373 patronatus
817 2313 881 2354 uon
901 2293 1035 2367 habent,
1063 2292 1089 2354 si
1112 2311 1210 2374 super

186 2403 318 2485 populos
333 2403 484 2465 nobilium
500 2403 671 2466 descensus
693 2404 824 2467 iecerint
844 2403 1008 2478 uiolentos,
1030 2424 1142 2485 penam
1156 2424 1211 2465 ex·

186 2514 482 2577 communicacionis
497 2515 657 2576 incurrant
671 2534 794 2577 exnunc
809 2514 912 2577 lutam.

269 2625 333 2707 (ἳὸ)
356 2627 524 2688 Statuimus
537 2627 634 2687 eciam
650 2659 690 2670 ·-
701 2660 742 2671 —
756 2635 918 2707 potentum
931 2628 980 2690 uel
995 2627 1211 2709 impotentum,

187 2737 309 2819 aliquas
321 2738 497 2819 prouincias
508 2747 749 2812 commetanens‚
766 2739 842 2800 duas
855 2739 905 2800 uel
916 2739 1032 2821 plures,
1047 2750 1100 2802 aut
1112 2742 1212 2803 eciam

188 2869 283 2911 unam
302 2848 474 2911 committat
495 2849 692 2925 indicandus,
714 2851 771 2912 sed
793 2870 902 2913 omnes
923 2871 1017 2913 cause
1040 2853 1079 2913 ad
1100 2852 1213 2915 Palati-

187 2980 276 3032 num,
299 2962 373 3022 dum
396 2961 575 3040 prouincias
597 2961 726 3033 indicat,
757 2961 808 3023 uel
830 2970 902 3024 tunc
918 2962 992 3022 dum
1015 2981 1079 3022 nou
1099 2962 1214 3024 iudicat

187 3069 227 3131 ad
242 3068 439 3150 parochiales
460 3071 578 3132 iudices
599 3071 785 3133 referantur.
815 3081 862 3146 et,
882 3072 908 3133 si
923 3072 1018 3151 aliqui
1033 3070 1214 3132 huiusmodi

188 3181 365 3261 prouincias
387 3181 570 3243 indicandas
593 3184 833 3263 assumpserint,
855 3182 1015 3243 sentencia
1033 3199 1213 3243 excommu-
1259 3223 1264 3231 -

189 3290 358 3352 nicacionis
374 3311 495 3351 exnunc
510 3292 573 3352 lata
588 3291 787 3353 innodentur.

272 3399 336 3480 (27)
358 3402 435 3463 ltem
450 3401 625 3475 statuimus,
639 3403 723 3481 qnod
740 3401 860 3463 nobiles
874 3402 993 3466 seruire
1008 3400 1214 3482 ualeantqui·

189 3512 373 3593 huscunque
395 3512 551 3575 noluerint
574 3531 631 3573 sua
656 3521 829 3591 spontanea
853 3512 1024 3574 uoluntate.
1056 3519 1088 3572 et
1112 3513 1137 3573 si
1159 3512 1214 3593 qui

188 3631 350 3704 potentum
375 3623 555 3686 huiusmodi
583 3622 703 3684 nobiles
728 3624 767 3685 ad
791 3623 850 3684 sibi
875 3623 1078 3685 seruiendum
1105 3623 1136 3684 ui
1161 3620 1212 3684 nel

190 3735 334 3814 potencia
354 3735 537 3806 artaueriut,
559 3741 613 3794 aut
633 3733 718 3815 ipsos
733 3742 862 3814 propter
875 3732 937 3796 hoc
959 3733 990 3794 iu
1006 3734 1147 3815 personis
1162 3730 1214 3796 uel

189 3842 396 3906 facultatibus.
423 3845 488 3907 suis
503 3844 648 3915 leserint,
670 3843 722 3905 uel
737 3863 868 3924 grauare
883 3887 891 3904 .
906 3888 915 3905 .
930 3889 938 3904 .
953 3853 1062 3906 contra
1075 3844 1135 3906 hoe
1150 3853 1217 3909 sta-⁴

190 3959 289 4013 tutum
304 3954 480 4032 uenerint,
490 3954 848 4017 excommunicacionem
864 3974 987 4017 exnunc
1001 3954 1096 4016 latam
1109 3955 1215 4017 incur·

189 4068 261 4125 taut
283 4061 353 4144 ipso
375 4062 468 4127 iacto.
497 4073 545 4143 et,
567 4065 593 4128 si
617 4066 656 4128 de
677 4065 857 4130 huiusmodi
878 4067 1041 4152 pressione
1062 4065 1214 4132 nobilium
