2798 4764
603 974 832 1095 neruosas

702 1155 745 1199 ΒΕ

210 1275 252 1355 e.
279 1275 537 1385 anannno
568 1274 829 1355 nrrsooao
859 1277 931 1353 un
962 1272 1238 1354 manwen.

423 1428 612 1500 (sanctorio
629 1433 805 1500 strigoniensi
821 1433 911 1486 wenti
928 1431 1023 1500 xltt.)

111 1780 113 1787 Ι
291 1691 388 1759 lectio
409 1693 436 1756 1.
486 1692 608 1759 Gaudia
632 1714 694 1778 que
712 1694 828 1762 Christi
854 1694 1058 1778 partieipdrus
1083 1693 1238 1759 hodierna

210 1802 279 1871 dies
290 1804 430 1880 sonuit,
445 1825 486 1873 ex
498 1805 584 1871 beati
594 1807 692 1889 patris
704 1807 801 1872 nostri
813 1805 992 1888 Christique
1006 1807 1149 1890 martyris
1159 1807 1238 1871 Ger·

207 1914 301 1987 hardi
315 1916 433 1983 meritis
447 1916 578 1983 duxere.
605 1917 657 1986 hie
671 1917 755 1982 euim
769 1917 863 1985 huius
877 1916 956 1982 lucis
976 1918 1083 1985 lumen
1103 1938 1160 2001 per
1174 1917 1238 1982 Ve-

210 2032 304 2099 netos
320 2036 470 2110 parentes
489 2028 633 2103 sortitus,
655 2028 706 2096 dei
721 2030 827 2112 gracia
839 2029 1046 2112 preueniente
1063 2031 1238 2112 spuerieia

178 2210 182 2217 ,
211 2140 295 2222 cepit
307 2139 434 2203 domino
449 2148 556 2203 nostro
570 2139 640 2203 lesu
655 2139 779 2203 Christo
794 2141 927 2204 deuotus
944 2137 1078 2204 existere
1094 2148 1126 2203 et
1140 2159 1237 2204 euan-

208 2249 314 2333 gelicis
330 2251 524 2315 documentis
538 2271 596 2334 per
611 2251 715 2314 omnia
730 2271 853 2334 parere.
886 2271 959 2314 nam
972 2249 1134 2332 religionis
1148 2249 1237 2313 hahi-

208 2372 274 2428 tum
290 2384 368 2445 puer
381 2363 517 2446 accepit,
538 2363 759 2446 sinistramque
777 2363 869 2446 primi
888 2362 1028 2447 parentis
1044 2363 1126 2425 uiam
1142 2362 1238 2427 decli-

207 2492 297 2547 nans,
311 2475 385 2536 noui
399 2474 534 2537 hominis
548 2475 723 2538 secundum
737 2475 832 2538 deum
843 2474 939 2538 creati
950 2471 1060 2537 callem
1074 2473 1236 2548 incedens,

205 2584 342 2664 regionis
356 2604 414 2666 per
427 2585 677 2647 inobedieneiam
693 2585 853 2659 derelicto,
874 2584 995 2650 scilicet
1008 2585 1145 2668 paradisi
1159 2605 1236 2669 gau-

208 2693 260 2756 dia
274 2693 337 2755 iam
351 2693 535 2758 adolescens
550 2696 671 2758 studuit
682 2715 800 2758 amare.

289 2804 387 2867 Lectio
407 2805 451 2867 11.
495 2807 592 2888 igitur
614 2806 688 2869 dum
711 2807 806 2868 animi
829 2806 1007 2871 sinceritate
1028 2817 1167 2872 sanctam
1189 2808 1237 2872 ui·

208 2925 272 2980 tam
287 2917 430 2990 duceret,
445 2915 560 2998 placuit
574 2916 766 2980 dominicum
779 2917 906 2981 uisitare
922 2918 1142 3001 sepulchrum,
1156 2938 1234 3002 qua·

207 3036 298 3092 tenus
320 3027 477 3092 Christum
507 3036 635 3110 propter
658 3048 715 3093 nos
740 3049 875 3112 egenum
897 3029 1028 3106 lactum,
1060 3051 1182 3113 pauper
1203 3040 1235 3094 et

206 3137 298 3222 inops
320 3148 518 3223 sequeretur.
547 3160 694 3222 egressus
718 3141 821 3223 itaque
844 3141 883 3204 de
907 3148 991 3206 terra
1012 3150 1044 3206 et
1064 3144 1104 3205 de
1119 3161 1235 3224 cogna-

207 3251 298 3316 cione
317 3230 391 3324 sua,
418 3251 567 3314 tendehat
586 3253 626 3314 ad
646 3252 816 3327 orientem,
837 3252 890 3316 uhi
905 3252 1061 3317 Abraham
1082 3254 1178 3316 duces
1202 3261 1234 3315 et

207 3369 298 3443 pater
320 3363 486 3427 multarum
508 3362 654 3445 gencium
674 3361 775 3427 iactus
797 3372 859 3440 est,
887 3374 1041 3448 quatenus
1061 3372 1092 3427 et
1113 3365 1181 3445 ipse
1202 3364 1234 3426 in

207 3472 333 3536 Abrahe
357 3474 495 3549 semine,
523 3474 555 3537 id
578 3482 627 3537 est
648 3474 681 3536 in
703 3473 957 3539 Christo·datam
980 3475 1233 3539 benedictionem

207 3584 473 3665 peregrinacionis
486 3607 543 3649 sue
553 3586 661 3650 labore
672 3594 708 3649 ut
719 3585 865 3649 credulus
876 3585 1033 3650 Abraham
1046 3583 1232 3666 possideret

290 3694 387 3757 Lectio
413 3696 474 3759 111.
528 3697 677 3760 Peruenit
699 3696 835 3778 denique
861 3695 1031 3777 adportes
1055 3691 1232 3764 Pannonis,

206 3821 340 3886 quarum
353 3806 509 3868 habenam
524 3814 597 3869 tuuc
612 3805 888 3869 christianissimus
905 3824 962 3868 rex
976 3803 1154 3886 Stephanus
1175 3822 1232 3885 gu-

203 3913 374 3991 bernabat,
395 3935 491 3999 quem
509 3916 558 3978 nir
580 3916 698 3979 domini
719 3915 845 3981 humilis
866 3923 960 3999 atque
981 3915 1117 3997 supplex
1139 3915 1234 3992 adiit,

205 4045 396 4111 mummque
409 4026 459 4092 sui
474 4027 594 4090 itineris
608 4029 767 4110 aperiens,
777 4025 934 4110 'ampliori
948 4025 1115 4091 dilectione
1131 4036 1180 4092 est
1193 4029 1234 4090 ab

206 4157 246 4206 eo
266 4148 422 4225 receptus.
454 4156 550 4224 queat
567 4137 622 4203 uhi
643 4157 699 4202 rex
718 4137 858 4204 mortuns
877 4143 974 4222 atque
995 4138 1232 4223 disciplinarum
