2798 4764
250 301 311 371 oct
344 320 487 369 masur
498 318 546 386 nr.
560 316 650 366 neon
664 316 868 373 consrrrorro
882 316 923 362 nn
939 313 1079 361 nunonis
1092 302 1154 363 etc.
1186 293 1281 360 tear.

250 477 395 561 proximo
415 474 620 557 subsequenti
639 480 709 558 post
729 472 844 535 festum
869 468 1037 533 natiuitatis
1060 468 1190 550 uirginis
1212 469 1282 552 glo-

250 590 335 653 riose
358 589 473 652 assolet
491 587 658 659 celebrari,
686 605 747 648 nec
767 605 831 646 non
851 592 924 666 post
943 584 1046 665 ipsum
1068 582 1281 645 dedicacionis

250 701 353 783 diem,
372 698 514 763 similiter
528 699 568 760 ad
583 707 744 771 octauam,
758 696 972 759 concessimus
988 703 1141 777 perpetuo
1156 702 1189 756 et
1201 694 1284 756 irre·

251 812 445 895 fragabiliter
464 811 681 884 obtinendam,
711 808 800 871 annis
823 806 953 890 singulis
971 805 1099 888 pacifice
1118 804 1282 868 celebran-

250 924 343 1006 dam,
368 923 499 985 liberam
521 922 649 984 omnino
671 930 703 984 et
723 928 900 1002 exemptam
920 939 938 981 a
959 918 1170 981 iurisdictione
1191 915 1282 1000 regni

252 1034 352 1096 nostri
376 1031 520 1107 Palatini;
549 1033 603 1114 qui
629 1033 716 1114 regia
742 1032 781 1095 de
807 1031 914 1114 gracia
939 1049 995 1111 ρτο
1022 1039 1162 1111 ternpore
1188 1029 1284 1092 inerit

252 1144 335 1207 illius
353 1144 386 1205 in
405 1143 540 1206 fascibus
556 1143 729 1226 dignitatis,
751 1143 946 1222 aliorumque
962 1142 1101 1204 omnium
1121 1140 1284 1202 uniuersa·

252 1254 324 1318 liter
338 1263 518 1318 nostrorum
532 1253 622 1337 regni
637 1263 815 1337 magnatum
831 1263 863 1316 et
877 1255 1040 1327 baronum,
1058 1261 1090 1316 et
1104 1251 1283 1334 specialiter

254 1367 394 1450 magistri
408 1367 653 1431 Tauernicorum
674 1375 871 1441 nostrorum,
892 1385 929 1428 ac
948 1366 1058 1428 iudicis
1073 1367 1159 1429 curie
1174 1374 1283 1428 nostre

254 1477 424 1561 imperiosa
446 1479 661 1542 iurisdictione
682 1476 824 1561 qualibet
848 1478 879 1539 in
905 1476 1025 1540 eisdem
1049 1476 1109 1539 sibi
1132 1475 1282 1539 nundinis

254 1591 324 1653 iore
342 1591 587 1674 congregacione
608 1590 764 1673 generali,
785 1611 842 1653 seu
864 1589 964 1665 ieriis3
993 1608 1120 1672 prorsus
1140 1609 1198 1670 per
1213 1609 1284 1650 om·

254 1703 307 1766 nia
327 1703 498 1784 denegata,
528 1702 626 1784 ipsius
652 1703 867 1766 tantummodo
892 1703 1044 1766 Budensis
1068 1702 1166 1764 nostri
1191 1701 1286 1764 castri

254 1813 367 1876 iudicis
381 1815 544 1895 potencie,
565 1834 623 1876 seu
637 1813 753 1876 iudicio
768 1824 972 1878 reseruatam.

341 1923 384 2007 (ἲ)
406 1926 452 1987 De
468 1925 606 1988 teulonio
620 1947 678 1989 seu
691 1927 808 1991 tributo
821 1937 883 1989 tam
898 1927 1034 2010 peruias
1050 1937 1215 1991 terrestres
1226 1949 1287 1991 seu

257 2037 418 2121 aquaticas
434 2039 657 2102 accedentibus
672 2040 754 2103 ultro
769 2039 924 2123 citraque,
947 2041 1095 2104 uidelicet
1110 2062 1166 2123 per
1177 2040 1289 2103 uillam

256 2151 353 2215 Pestb
370 2151 579 2226 uenientibus,
602 2150 654 2214 uel
675 2154 789 2235 passim
805 2153 1013 2234 undecunque
1035 2152 1138 2216 uelde
1155 2153 1290 2235 quibus·

256 2282 380 2345 cunque
402 2263 602 2345 regionibus,
635 2263 828 2327 occurrerint
851 2262 1031 2346 ubicunque
1060 2265 1091 2325 in
1116 2263 1290 2339 territorio,

256 2395 314 2439 seu
336 2376 425 2439 metis
447 2376 545 2459 ipsius
565 2375 698 2439 ciuitatis
718 2375 757 2438 ad
780 2377 1058 2458 congregacionem
1078 2375 1289 2458 sepedictam,

257 2487 355 2550 dictas
374 2488 542 2562 nundinas,
571 2487 689 2561 iorum,
715 2486 896 2570 generalem
918 2488 1200 2570 congregacionem
1226 2509 1288 2551 seu

256 2601 351 2663 ferias
366 2600 434 2662 illas
450 2600 495 2662 eis
510 2620 580 2662 esse
597 2598 741 2661 uolumus
756 2620 813 2681 per
829 2600 932 2662 omnia
947 2598 1077 2674 liberas,
1100 2608 1130 2662 et
1145 2601 1184 2662 ab
1199 2599 1288 2661 omni

258 2712 420 2775 exactione
441 2711 546 2772 tributi
561 2719 737 2790 exemptas,
761 2721 793 2775 ut
808 2710 903 2773 nichil
919 2712 958 2772 ab
973 2712 1047 2792 ipsis
1065 2713 1187 2792 penitus
1203 2710 1289 2794 exigi

258 2823 364 2885 ualeat
383 2842 495 2884 census
517 2821 590 2883 naui
612 2842 668 2902 per
682 2823 862 2904 qnempiam
879 2822 929 2886 uel
943 2823 1062 2904 imponi
1077 2824 1109 2885 in
1124 2825 1192 2906 ipsa
1207 2825 1290 2886 dun-

260 2943 345 2996 taxat
358 2933 418 2995 fori
437 2933 614 2995 nundinalis
630 2952 704 2994 area
719 2934 793 2995 dum
808 2942 996 2996 mercantur.

342 3042 387 3125 (3)
410 3046 557 3106 Preterea
571 3042 727 3117 nolumus,
738 3044 823 3125 quod
838 3044 937 3126 sique
952 3044 1053 3107 littere
1066 3046 1177 3127 quouis
1192 3046 1289 3109 modo

259 3155 365 3218 babile
390 3162 421 3218 et
443 3155 570 3217 obtente
593 3163 702 3216 contra
723 3155 851 3216 eosdem
875 3156 959 3217 ciues
978 3165 1102 3217 nostros
1125 3167 1157 3219 et
1180 3166 1291 3220 contra

260 3268 466 3331 donacionem
480 3266 658 3330 huiusmodi
674 3266 748 3347 ipsis
764 3286 821 3346 per
835 3287 891 3328 nos
906 3265 1019 3328 iactam
1037 3287 1094 3348 per
1109 3268 1290 3348 quempiam

261 3382 373 3462 quouis
396 3391 535 3460 tempore
557 3378 790 3452 exhiberentur,
813 3397 901 3440 casse
921 3379 982 3441 sint
997 3387 1028 3441 et
1041 3378 1152 3441 inanes
1167 3387 1199 3441 et
1214 3380 1292 3443 uiri-

260 3494 320 3556 bus
337 3495 460 3574 peuitus
476 3492 618 3555 cariture.

343 3606 381 3668 Ut
393 3604 490 3688 igitur
502 3603 593 3665 buius
609 3611 714 3666 nostre
730 3603 911 3665 donacionis
926 3604 1024 3665 series
1039 3605 1136 3666 robur
1151 3603 1294 3667 obtineat

262 3725 414 3797 perpetue
431 3714 602 3787 firmitatis,
623 3733 682 3777 nec
698 3735 848 3796 processu
865 3725 1042 3796 temporum
1058 3717 1161 3779 ualeat
1173 3727 1297 3780 retrac-

261 3828 336 3900 tari,
359 3836 521 3908 presentes
542 3827 617 3909 ipsis
639 3826 783 3889 fidelibus
804 3828 925 3890 ciuibus
947 3830 1060 3891 nostris
1076 3827 1295 3895 concessimus

260 3938 379 4002 litteras
396 3939 550 4021 dupplicis
565 3939 659 4022 sigilli
674 3940 774 4003 nostri
788 3941 959 4004 munimine
974 3942 1147 4006 roboratas.

343 4052 457 4114 Datum
482 4072 538 4133 per
557 4071 668 4116 manus
691 4052 817 4116 discreti
843 4053 918 4127 uiri,
950 4055 1090 4137 magistri
1117 4054 1298 4133 Theodori,

263 4165 413 4253 prepositi
427 4164 657 4241 Scebeniensis,
671 4173 778 4232 sancte
792 4165 936 4233 albensis
952 4166 1085 4244 ecclesie
1101 4168 1203 4246 electi,
1218 4169 1297 4241 aule
