2798 4764
223 310 285 378 tib
376 326 501 377 norm
519 328 562 375 nr
582 328 665 375 urm
687 327 787 375 unsre
807 325 1020 372 nouonorosr
1040 303 1098 390 tt).

223 483 399 550 sciscitatus
412 484 523 546 Petrus
543 481 617 546 facti
633 499 777 545 caussam
790 500 850 563 pro
864 487 951 543 certo
964 479 1154 560 recognouit
1167 480 1253 562 ipsos
1315 563 1319 569 .

224 614 295 659 esse
310 595 341 657 in
355 594 526 678 Huugaria.
555 602 587 657 et
600 594 673 656 licet
687 593 841 655 immenso
856 589 966 653 dolore
981 597 1082 652 tactus
1096 599 1198 665 esset,
1219 611 1253 654 se

217 706 321 771 letum
345 706 589 769 demonstrabat.
618 713 692 768 tunc
713 701 794 765 cium
816 703 943 765 mittens
963 719 1037 762 snos
1056 700 1200 774 nuncios,
1220 710 1256 764 ut

223 816 334 881 Albam
355 825 563 900 occuparent,
588 814 731 880 reuelato
753 813 883 878 consilio
907 812 1049 895 Hungari
1070 815 1256 893 peremnia

220 927 293 992 ioca
307 929 462 1012 incipiunt
475 926 644 1002 rebellare,
673 926 851 990 occidentes
868 943 931 987 uno
947 933 1089 1005 ternpore
1105 925 1254 989 Teutoni·

223 1058 280 1105 cos
294 1046 327 1102 et
340 1040 477 1114 Latinos,
498 1038 681 1102 mutieribus
701 1057 842 1121 quoque,
862 1036 1033 1098 infantibus
1056 1043 1087 1097 et
1108 1036 1256 1099 sacerdo·

222 1151 318 1225 tibus,
339 1152 392 1234 qui
406 1170 464 1232 per
479 1151 605 1213 Petrum
619 1148 745 1212 fueraut
759 1147 911 1229 prepositi
926 1145 1052 1229 plebani
1068 1155 1099 1209 et
1114 1148 1255 1223 abbates,

225 1281 290 1327 non
313 1271 488 1345 parcentes.
522 1269 645 1324 etcum
669 1261 701 1322 in
717 1259 826 1322 Albam
847 1259 1010 1341 nequisset
1030 1259 1177 1334 introire,
1204 1278 1256 1323 ar·

225 1383 315 1457 repta
328 1375 404 1457 iuga
417 1374 475 1438 init
489 1373 741 1446 remoremur,
763 1372 816 1435 ubi
832 1371 988 1435 exercitus
1002 1371 1130 1433 uenisse
1145 1381 1255 1435 contra
1330 1428 1334 1437 .

225 1504 300 1551 cum
326 1485 520 1568 perhibetur,
546 1484 684 1566 indeque
709 1483 869 1547 declinans
894 1481 1047 1563 equitauit
1068 1480 1255 1548 festinanter

224 1593 470 1659 nocturninum.
490 1593 578 1657 ciues
589 1593 705 1655 etenim
721 1593 1004 1666 demandauerant,
1025 1592 1111 1675 quod
1126 1593 1255 1668 rediret,

225 1713 259 1771 ct
270 1705 428 1767 ciuitatem
441 1704 501 1765 sibi
517 1703 638 1766 darent.
660 1724 732 1766 oum
744 1723 820 1766 uero
832 1705 864 1766 in
875 1705 1043 1787 quemdum
1056 1705 1160 1767 uitium
1172 1705 1255 1768 circa

226 1814 337 1879 Albam
359 1814 571 1897 peruenisset,
599 1815 703 1876 subito
727 1815 884 1878 exercitus
904 1816 1007 1897 ipsum
1032 1815 1255 1890 circumdedit,

225 1927 280 1992 ubi
301 1925 475 2008 captiuatur
501 1925 584 1988 oculi
610 1936 778 2000 eruuntur,
805 1926 940 2009 licetque
962 1929 1199 2009 superuiueret,
1223 1927 1256 1991 in

226 2055 352 2101 merore
373 2035 467 2099 animi
488 2035 601 2099 finiens
624 2036 719 2099 uitam
741 2057 847 2112 suern,
869 2038 1161 2120 Quinqueeociesiis
1182 2039 1257 2102 sub·

226 2156 370 2223 erratur,
392 2167 487 2230 quam
501 2148 651 2212 fundasse
666 2149 857 2231 perhibetur.

310 2263 398 2325 Tunc
412 2270 475 2325 tres
489 2262 602 2350 iratres
614 2261 781 2325 Albensem
797 2262 929 2344 ingressi
944 2263 1113 2336 ciuitatem,
1135 2264 1174 2325 ab
1190 2281 1258 2326 om·
1352 2339 1363 2359 ·

227 2373 319 2439 nibus
340 2374 507 2457 episcopis,
535 2373 703 2447 nobilibus,
730 2374 878 2457 omnique
899 2374 1017 2457 populo
1030 2393 1113 2437 ¹cum
1135 2395 1258 2439 summu

226 2486 320 2551 lande
335 2495 407 2549 sunt
421 2485 567 2569 suscepti.
589 2494 621 2549 et
634 2486 776 2548 Andreas
792 2506 853 2548 eno
866 2486 977 2568 pocior
990 2485 1022 2548 iu
1037 2486 1127 2567 regni
1142 2486 1256 2549 sotium

226 2597 420 2660 sublimatur.
441 2597 568 2679 quidum
583 2605 687 2659 nutem
703 2597 779 2660 istos
794 2598 906 2660 iratres
923 2618 961 2660 ex
972 2598 1051 2660 duce
1061 2597 1170 2660 Wazui
1183 2618 1257 2682 pro-

227 2709 349 2791 genitor
370 2716 554 2771 asseuerant
573 2728 612 2771 ex
633 2709 768 2790 quadam
791 2709 912 2788 uirgine
935 2709 975 2771 de
997 2728 1113 2790 genere
1136 2711 1255 2784 Tutun,

226 2836 291 2881 non
314 2818 353 2880 de
375 2834 454 2879 uero
475 2817 567 2879 tboro
582 2818 741 2892 oriundos,
764 2828 795 2882 et
812 2839 871 2902 pro
885 2819 940 2883 taii
955 2819 1116 2882 missitalia
1129 2819 1199 2882 iilos
1215 2819 1255 2884 de

227 2931 330 2992 Tatun
345 2927 539 2993 nobiiitntem
553 2929 724 2992 inuenisse.
746 2929 894 2993 friuoium
909 2941 1064 3013 procerte
1077 2941 1125 2994 eut
1139 2939 1170 2995 et
1184 2951 1256 3016 pes·

227 3041 305 3106 sime
324 3049 514 3106 enarratum.
543 3040 663 3122 ubsque
683 3040 744 3103 boc
767 3060 904 3123 namque
926 3041 1047 3105 nobiles
1070 3051 1142 3106 sunt
1163 3051 1194 3107 et
1215 3043 1255 3107 de

227 3152 323 3217 Scitin
336 3149 473 3224 oriundi,
487 3151 563 3233 quia
576 3151 626 3215 isti
642 3160 715 3217 sunt
726 3151 782 3214 iiiii
796 3151 985 3216 Zarladisiai.
1007 3153 1163 3217 Gerardus
1178 3172 1256 3239 ergo

228 3265 396 3350 episcopus
410 3263 450 3327 de
465 3262 595 3327 Cbanad
616 3263 729 3327 inistis
744 3265 868 3327 casibus
883 3265 914 3326 in
931 3265 1003 3328 Pest
1018 3286 1075 3347 per
1092 3266 1256 3349 ilungaros

229 3376 269 3441 de
284 3383 390 3438 monte
405 3375 577 3439 submissus
600 3376 633 3436 in
646 3375 734 3456 biga,
755 3376 904 3458 martyrio
920 3387 1097 3450 coronatur,
1119 3378 1173 3460 qui
1188 3396 1256 3439 mo-

227 3488 349 3552 nacbus
364 3488 448 3571 prins
462 3489 566 3552 suerat
580 3489 619 3551 de
634 3489 805 3552 Rosacensi
825 3490 972 3564 abbacia,
999 3509 1061 3573 que
1076 3497 1125 3553 est
1139 3490 1178 3552 de
1195 3498 1257 3553 ter-

227 3597 338 3661 ritorio
352 3599 529 3682 Aquiiegie.
550 3600 665 3663 deinde
680 3601 872 3663 Pannoniam
886 3602 1047 3684 ingressus
1062 3601 1095 3663 in
1109 3601 1185 3664 beel
1198 3601 1258 3664 tuit

228 3708 350 3771 diucius
363 3708 526 3772 heremita.
548 3729 619 3773 curn
633 3711 728 3793 igitur
736 3711 878 3774 Andreas
894 3711 1036 3774 diadema
1049 3712 1138 3794 regni
1149 3731 1258 3774 susce-

226 3817 341 3902 pisset,
362 3835 434 3879 cum
448 3819 568 3880 Noricis
582 3819 707 3883 Boemis
725 3828 757 3884 et
776 3820 903 3883 Potonis
918 3840 1063 3905 guerram
1083 3820 1196 3884 dicitur
1211 3833 1258 3886 tc·

227 3927 353 4001 unisse,
374 3945 454 4009 quos
473 3947 628 4010 superaus
649 3931 846 4006 debeliando,
867 3931 964 3995 tribus
979 3933 1067 3995 annis
1081 3930 1195 3998 iecisse
1210 3934 1258 3998 di·

227 4038 309 4104 citur
323 4039 496 4104 censuales.
519 4044 748 4124 propterquod
763 4043 919 4107 ilenricus
940 4043 1112 4126 imperator
1125 4044 1258 4109 descen·

228 4150 308 4217 dens
328 4171 430 4235 usque
450 4151 573 4219 Bodoct
586 4151 622 4216 V.
643 4153 806 4224 mensibus
819 4152 931 4217 Attum
950 4154 1075 4220 obsedit
1088 4154 1264 4233 ciuitatem·
