2798 4764
220 333 281 404 iol
321 356 505 403 samen-u.
528 351 619 402 anau
640 352 789 401 thtssltt'es
811 348 1115 400 narnasmuanoann.
1158 334 1249 400 1206.

220 519 285 577 um
299 510 543 590 inuiolatamque
559 509 675 573 debere
690 528 896 583 conseruare,
911 507 1038 591 speciali
1054 517 1159 571 tamen
1171 527 1251 589 qua-

222 624 294 685 dam
320 621 526 684 familiaritate
552 621 665 684 horum
688 621 809 685 utilitati
831 640 866 683 ac
888 621 985 703 quieti
1006 629 1149 683 tenemur
1163 620 1250 682 insu-

222 736 314 808 dare,
329 754 408 816 quos
423 743 454 796 et
468 733 613 798 nobilitas
629 734 753 815 generis
769 741 902 796 exornat
917 741 948 795 et
962 733 1092 814 prouida
1109 733 1250 813 priorum

221 865 330 927 regum
355 844 545 908 deliberacio
571 844 770 926 accepciores
803 843 950 906 babuisse
976 844 1185 925 dignoscitur,
1218 850 1251 905 et

223 956 297 1039 dign
313 998 511 1018 .........
535 956 668 1038 proinde
689 999 793 1017 .....
814 955 955 1035 hospites
978 953 1068 1035 regni
1091 954 1129 1015 de
1154 954 1250 1016 tribus

222 1067 304 1132 uillis
316 1067 547 1130 Ultrasiluanis:
562 1066 688 1128 Karako
700 1065 856 1137 uidelicet,
871 1064 1135 1146 Cbrapundorset
1146 1065 1250 1137 llams‚

224 1200 303 1262 quos
319 1199 358 1242 ex
372 1179 608 1262 progenitorum
623 1186 801 1240 nostrorum
816 1176 1003 1249 tradicione,
1017 1174 1179 1237 sollicitam
1196 1176 1250 1237 ad·

223 1291 368 1353 bibentes
392 1290 704 1370 circumspectionem
727 1288 827 1370 magis
843 1295 913 1370 pret
926 1331 1101 1349 ........
1122 1295 1156 1349 ut
1171 1287 1249 1350 alios

223 1403 313 1485 regni
335 1402 432 1463 nostri
446 1400 585 1482 hospites
600 1401 822 1482 cognouimus,
843 1398 1010 1480 benignius
1025 1399 1196 1471 intuentes,
1218 1406 1250 1459 et

225 1533 334 1577 eorum
356 1510 515 1574 securitati
538 1531 574 1572 ac
596 1511 707 1584 statui,
728 1511 816 1602 regio
833 1509 1078 1572 mansuetudinis
1094 1509 1249 1570 beneficio

225 1621 418 1706 postulante,
434 1621 485 1683 tali
500 1642 555 1683 eos
571 1622 611 1682 ob
625 1621 856 1703 reprimendam
873 1630 1072 1700 posterorum
1086 1639 1251 1700 presump-

225 1733 349 1795 cionem
362 1732 515 1794 libertatis
530 1731 650 1813 gracia,
668 1751 761 1812 quam
776 1739 808 1793 et
822 1739 1056 1793 antecessorum
1072 1739 1251 1792 nostrorum

224 1842 397 1925 priuilegiis
412 1842 592 1914 obtinuere,
614 1840 805 1903 dotauimus:

309 1951 359 2034 ll)
381 1954 466 2034 quod
489 1972 594 2015 coram
613 1953 699 2016 nullo
719 1973 847 2034 prorsus
869 1952 971 2016 iudice
990 1952 1024 2013 in
1038 1951 1167 2034 agendis
1183 1953 1253 2034 qui-

137 2141 141 2149 *
224 2063 361 2129 buslibet
383 2063 447 2126 suis
473 2064 575 2126 causis
601 2065 724 2127 adstare
753 2065 948 2147 aliquatenus
974 2071 1157 2136 teneantur,
1194 2082 1253 2124 nec

225 2176 279 2239 uei
295 2219 424 2238 ......
446 2195 503 2238 suo
530 2175 654 2238 adstare
679 2175 794 2237 iudicio
821 2176 1003 2257 compellat,
1029 2194 1088 2257 pro
1111 2183 1252 2256 tempore

227 2287 414 2350 constitutus
430 2285 510 2349 ultra
525 2286 630 2350 siluas.

309 2396 357 2479 (2)
389 2401 453 2460 Nec
477 2399 588 2480 aliquis
615 2399 822 2462 uaiuodarum
855 2400 1047 2462 descendere
1080 2419 1175 2481 super
1199 2420 1253 2461 eos

228 2510 342 2592 possit,
365 2510 423 2572 nisi
445 2531 462 2572 a
485 2509 711 2572 beneuolencia
732 2531 840 2573 eorum
861 2511 1011 2573 inuitatus
1030 2511 1124 2573 luerit
1140 2513 1178 2573 ab
1193 2512 1254 2573 eis-

229 2624 312 2684 dena.

311 2733 355 2813 (3)
377 2735 400 2794 d
424 2733 624 2796 collectarum
647 2736 805 2815 atquibus
826 2735 893 2797 aliis
917 2738 1056 2798 Saxones
1077 2735 1254 2817 obligantur

229 2844 292 2908 sint
304 2846 457 2906 immunes
473 2846 688 2924 pensionibus.
715 2864 773 2909 nec
795 2846 835 2907 ob
856 2847 1028 2908 custodiam
1045 2846 1253 2907 conliniorum

230 2956 385 3018 excubent
404 2954 636 3035 exploracione.
674 2976 775 3036 neque
799 2955 898 3019 eciam
917 2956 977 3019 nisi
999 2957 1124 3037 quando
1146 2976 1202 3018 rex
1222 2955 1253 3015 in

228 3066 357 3148 propria
374 3086 506 3148 persona
522 3109 624 3126 .....
648 3066 849 3146 precesserit,
872 3067 903 3128 in
919 3068 1090 3129 exercitum
1106 3067 1151 3129 ire
1167 3076 1254 3130 tene-

230 3187 330 3241 antur.

314 3286 360 3370 (l)
383 3290 588 3353 Concedimus
606 3288 706 3352 eciam
729 3291 847 3353 eisdem
862 3292 948 3374 quod
969 3292 1142 3353 secundum
1161 3291 1254 3351 ritum

230 3423 287 3467 sue
310 3403 410 3484 gentis
433 3403 587 3475 uiuentes,
609 3422 713 3484 neque
736 3403 775 3465 de
795 3404 907 3475 uineis,
927 3424 1004 3485 qrras
1022 3404 1079 3484 ipsi
1095 3402 1256 3483 plantaue-

230 3516 308 3586 rint,
335 3515 426 3575 alicui
448 3536 583 3594 persone
605 3514 720 3576 tributa
739 3516 936 3595 persoluere,
965 3534 1068 3596 neque
1091 3516 1130 3575 de
1154 3514 1255 3594 porcis

231 3625 282 3686 uel
298 3625 409 3686 ceteris
424 3624 609 3687 animalibus
623 3626 704 3699 suis,
731 3647 793 3707 que
808 3626 839 3687 in
854 3626 952 3689 libera
967 3645 1076 3688 eorum
1092 3625 1171 3687 silua
1186 3645 1256 3706 pas-

231 3742 355 3805 cuntur,
383 3734 500 3814 aliquid
524 3735 616 3796 alicui
638 3736 763 3798 nomine
783 3736 977 3799 decimarum
1002 3738 1052 3799 uel
1070 3736 1255 3798 tributorum

233 3843 369 3906 debeant
386 3844 585 3924 impendere,
613 3847 669 3909 sed
690 3847 776 3908 omni
795 3847 952 3909 curiarum
975 3890 1256 3910 ..........

232 4110 607 4132 .............
628 4070 833 4153 protectionis
852 4070 1087 4153 inperpetuum
1102 4071 1259 4154 gaudeant

232 4199 414 4246 munimine.
