2798 4764
176 340 242 419 ’686
503 369 687 416 aaassrauu
713 370 754 416 ne
776 370 887 416 eamn.

180 525 402 600 firmauerunt,
423 532 455 589 et
469 524 647 588 Alexander
668 525 816 588 conuenit
840 524 1022 587 satisfacere
1044 523 1159 603 iudici,
1184 535 1223 590 et

178 635 314 699 infesto
336 635 475 696 emnium
502 643 680 697 sanctorum
705 620 783 699 dare
810 635 993 697 aduersario
1015 654 1221 699 suencuam

180 765 312 819 marcas,
339 752 371 807 et
395 754 460 808 tres
488 744 639 828 pristaldo
663 745 824 819 Uaradini,
846 745 938 807 simui
959 765 1019 826 pro
1040 765 1073 808 se
1096 757 1130 810 et
1151 766 1218 827 pro

180 857 390 922 seruientibus
411 857 487 919 suis.
514 857 587 918 item
602 855 703 936 Legar
722 857 800 919 duas
823 875 946 918 marcas
967 856 1149 919 aduersario
1168 859 1220 920 ei·

180 969 252 1032 dem
276 975 308 1029 et
331 986 425 1029 uuam
449 966 611 1048 pristaidu.
641 965 751 1049 Gyrolt
774 975 909 1048 quatuor
931 986 1052 1029 marcas
1077 968 1218 1032 dimidia

179 1078 293 1151 minus,
308 1086 340 1139 et
354 1096 447 1139 unam
463 1075 624 1157 pristaide,
640 1084 671 1138 et
685 1076 879 1139 satisfaceret
892 1078 990 1140 iudici
1004 1077 1083 1139 sicut
1097 1080 1218 1160 Legar.

179 1186 286 1251 Uitalis
307 1207 433 1270 qunque
456 1173 577 1268 septem
599 1206 717 1249 marcas
739 1187 933 1259 aduersario,
955 1188 1123 1266 exquibus
1146 1198 1216 1251 tres

178 1298 241 1361 iam
268 1299 370 1372 dedit,
398 1306 535 1382 quatuor
552 1280 656 1360 autern
678 1299 806 1361 daturus
829 1298 929 1360 estin
952 1298 1095 1379 predicto
1116 1297 1215 1374 feste,

180 1408 260 1472 sicut
274 1408 325 1470 alii
339 1416 496 1471 tenentur.
528 1408 678 1489 pristaldc
694 1427 772 1470 uero
786 1408 848 1469 iarn
863 1408 1022 1470 satisfecit.
1050 1416 1081 1469 et
1094 1410 1120 1470 si
1130 1428 1216 1491 -pre-

180 1518 263 1582 dicto
286 1519 339 1582 die
360 1520 421 1581 hec
446 1519 551 1581 omnia
571 1538 636 1582 non
654 1520 890 1602 persoluerent,
912 1518 1007 1600 dupio
1029 1520 1105 1581 dare
1120 1528 1216 1584 tene·

179 1640 298 1693 rentur.

261 1724 339 1817 (di)
361 1741 497 1815 Quidam
517 1741 644 1802 nomine
667 1741 912 1824 Hubuguuithu,
935 1751 968 1805 ut
987 1743 1055 1823 ipsc
1078 1742 1160 1806 dixit
1179 1763 1213 1808 ec

180 1853 304 1923 uocari,
324 1849 492 1933 pristaldus
511 1850 629 1915 Nicolai
650 1852 779 1934 palatini
798 1853 937 1926 comitis,
957 1862 992 1916 ut
1011 1854 1079 1934 ipse
1101 1855 1215 1936 perhi-

180 1963 250 2026 buit
271 1962 311 2025 de
334 1983 386 2036 se,
407 1963 515 2025 statuit
535 1971 608 2026 ante
627 1984 684 2026 nos
699 1964 856 2047 quendam
877 1964 1003 2026 nomine
1017 1965 1214 2031 Abscionem

180 2073 220 2136 de
241 2092 358 2155 genere
379 2071 494 2146 Ratira,
516 2073 555 2136 de
575 2072 649 2136 uilla
664 2074 779 2148 Talna,
801 2076 923 2136 dicens:
945 2076 1030 2156 quod
1045 2076 1215 2160 ioubagie·

178 2204 236 2248 nes
258 2185 297 2248 de
318 2185 465 2258 Zemiun,
486 2183 619 2247 scilicet:
650 2186 760 2247 Scema
780 2186 975 2269 hcdunngio,
997 2188 1108 2250 Mecud
1136 2210 1216 2254 cen·

177 2298 272 2372 turio,
294 2299 409 2379 Degus,
431 2305 462 2359 et
477 2295 645 2378 Chepanus
668 2298 825 2379 prefectus
840 2300 950 2372 castri,
971 2301 1218 2381 requisiuisscnt

178 2417 293 2472 terram
313 2407 410 2490 ipsius
425 2387 602 2482 Absolonis
628 2409 756 2471 nomine
775 2409 853 2491 Sag,
875 2416 907 2471 ct
926 2418 1040 2472 terram
1064 2411 1216 2477 eiusdem

179 2521 218 2582 ad
233 2526 368 2600 quatuor
387 2525 488 2580 aratra
510 2519 542 2578 in
558 2517 671 2592 Talna,
692 2539 751 2601 pro
773 2526 856 2581 terra
878 2522 981 2582 castri.
1015 2528 1045 2583 et
1067 2522 1217 2588 exhibuit

179 2631 336 2712 quendam
360 2629 399 2690 de
420 2627 663 2710 ioubagiouibus
682 2631 824 2692 eiusdem
839 2633 946 2703 castri,
968 2634 1093 2695 nemine
1109 2635 1217 2696 Scen-

178 2747 239 2812 tus,
261 2758 355 2818 quem
377 2740 574 2820 supradictus
593 2741 705 2813 iudex,
733 2748 768 2802 ut
788 2741 855 2821 ipse
878 2742 973 2815 dixit,
994 2742 1108 2804 iudicio
1133 2743 1216 2808 ferri

179 2849 341 2910 candentis
362 2849 533 2910 addixerat.
566 2851 619 2931 qui
642 2869 712 2911 cum
731 2859 887 2916 transacto
913 2854 1057 2915 triduano
1077 2854 1217 2932 ieiunio,

179 2962 260 3024 sicut
280 2979 347 3019 mus
369 2966 429 3031 est,
452 2962 492 3021 ad
515 2962 700 3039 portandum
717 2965 853 3026 candens
875 2964 991 3027 ferrum
1007 2966 1216 3043 accessisset,

179 3072 306 3155 quidam
330 3070 455 3132 nomine
477 3071 616 3151 Sumpuu
637 3074 826 3152 precedens,
852 3075 928 3135 dixit
949 3095 983 3136 se
1006 3096 1024 3137 a
1045 3081 1217 3156 prenomi-

178 3184 260 3247 natis
280 3181 372 3243 castri
391 3181 630 3263 ioubagionibus
654 3203 723 3246 esse
745 3184 910 3257 directum,
933 3195 963 3247 et
978 3195 1121 3267 exparte
1138 3188 1216 3252 illo-

178 3316 249 3383 rum
270 3293 456 3375 subterfugit
479 3294 628 3355 iudicium
648 3294 722 3356 ferri
742 3295 918 3369 candentia,
945 3303 976 3357 et
998 3308 1213 3362 memoratam

177 3412 295 3469 terram
317 3410 487 3466 memorato
502 3404 650 3465 Absoioni
672 3405 809 3477 remisit,
831 3404 936 3466 dicens
955 3405 1040 3468 iilam
1056 3426 1119 3468 nou
1136 3430 1216 3474 esse

177 3522 295 3580 terram
311 3515 412 3577 castri.

262 3628 337 3699 (25)
361 3625 529 3707 Chepanus
543 3626 582 3687 de
593 3625 668 3686 uilia
679 3625 779 3687 Chula
793 3626 929 3707 impeciit
940 3628 1064 3689 Petrum
1077 3629 1118 3691 de
1132 3633 1217 3698 uiiia

178 3733 346 3807 Uaearhei,
367 3735 485 3808 dicens,
513 3736 598 3818 quod
613 3754 684 3797 curn
700 3756 801 3817 equus
815 3756 890 3798 suus
905 3737 988 3798 furto
1003 3748 1085 3800 esset
1099 3742 1217 3807 subia-

179 3854 246 3917 tus,
267 3845 350 3923 apud
365 3845 451 3905 iilum
465 3847 652 3920 inuenisset,
674 3855 705 3909 et
720 3867 790 3938 cum
805 3846 900 3909 uellet
915 3868 1030 3930 equum
1045 3849 1084 3909 ab
1099 3870 1141 3913 eo
1157 3874 1218 3918 re-

178 3956 296 4037 cipere,
321 3961 352 4016 et
365 3954 466 4035 ipsum
482 3975 607 4038 capere,
627 3958 796 4021 cenuillani
812 3960 890 4032 eius,
914 3968 946 4021 et
958 3961 1109 4041 precipue
1125 3965 1219 4046 Ipsa,

179 4086 251 4131 eum
272 4064 428 4127 uiolenter
450 4066 686 4147 prohibuerunt.
712 4090 791 4152 quos
813 4069 983 4144 Oiodarus,
1005 4071 1132 4135 curialis
1154 4094 1219 4139 cu-

179 4196 245 4240 mes
266 4177 307 4239 de
327 4175 456 4238 Zemiun
478 4175 667 4253 discuciens,
698 4199 756 4260 per
775 4179 961 4263 pristaldum
981 4167 1108 4244 nemina
1129 4184 1219 4252 eo..
