2798 4764
226 341 290 413 tat
376 356 636 412 commemoras
657 361 792 411 arnonus
813 358 968 410 soornsrs.
1010 339 1101 407 lifld.

227 518 268 582 ad
291 539 370 600 quos
395 517 552 600 appellare
575 518 645 580 iura
670 517 869 599 permittunt,
898 517 1049 598 appellari
1073 515 1254 598 contigerit,

227 637 289 693 um
311 629 504 711 appellantes
528 649 621 711 quam
645 630 792 711 appellati
811 629 850 690 ad
873 627 1025 709 prefatam
1047 628 1170 700 sedem,
1197 648 1254 690 seu

226 741 267 804 ad
294 742 473 822 superiores
509 742 667 822 predictos
697 742 849 804 accedere
878 760 974 820 super
1002 741 1254 820 appellacionum

226 853 504 935 prosecucionibus
526 852 640 925 libere,
662 863 693 916 et
710 854 828 936 absque
850 853 1040 914 inbibicione
1063 853 1168 934 aliqua
1183 872 1255 934 per-

227 963 359 1027 mittant
380 964 405 1026 si
418 984 495 1026 uero
508 985 565 1027 rex
576 984 632 1026 seu
647 966 766 1046 regina,
781 965 833 1026 uel
844 966 1022 1046 quicunque
1035 964 1086 1024 alii
1102 965 1140 1026 de
1156 984 1254 1044 regno

227 1076 379 1157 predicto,
400 1085 565 1156 postquam
587 1095 693 1137 coram
714 1075 789 1156 ipsis
813 1076 851 1135 de
865 1076 925 1137 boc
940 1082 1147 1155 protestatum
1162 1073 1256 1136 fuerit

229 1187 280 1249 nel
293 1197 478 1267 exceptum,
501 1195 610 1248 contra
625 1186 887 1250 constitucionem
906 1186 1086 1248 huiusmodi
1101 1187 1256 1258 uenerint,

229 1299 268 1361 de
290 1298 392 1359 causis
414 1298 592 1359 huiusmodi
614 1299 844 1380 cognoscendo,
866 1299 917 1360 uel
939 1298 1135 1379 appellantes
1152 1299 1190 1359 ad
1206 1318 1256 1360 se·

229 1409 301 1471 dem
313 1394 519 1490 apostolicam
532 1427 588 1471 seu
605 1409 784 1489 superiores
796 1408 989 1488 prefatorum
1002 1428 1019 1469 a
1032 1409 1255 1488 proseeucionc

228 1519 479 1603 appellaciouum
491 1518 632 1600 ipsarum
644 1520 880 1601 quomodolibet
892 1519 1097 1600 probibendo,
1111 1540 1166 1582 seu
1179 1521 1256 1581 alias

229 1641 338 1695 contra
353 1633 612 1694 constitucionem
628 1631 1014 1705 huiusmodiexcedendo,
1029 1632 1068 1695 ab
1077 1632 1256 1693 huiusmodi

228 1743 445 1825 prohibicione
467 1742 691 1821 impedimento
706 1762 763 1804 seu
779 1742 963 1825 cognicione
979 1743 1106 1805 omnino
1122 1763 1185 1804 non
1201 1744 1257 1805 de·

228 1853 378 1926 stiterint,
400 1874 474 1934 rege
497 1872 554 1915 seu
577 1858 685 1935 regina
706 1854 832 1935 prefatis
854 1855 886 1916 in
908 1854 1055 1936 predictis
1076 1855 1257 1917 excedenti-

228 1965 304 2036 bus,
325 1973 387 2028 tam
410 1965 463 2026 diu
485 1962 617 2027 ecclesie
640 1965 679 2026 sit
694 1965 876 2027 interdictus
897 1967 1068 2047 ingressus,
1090 1986 1257 2048 quousque

230 2096 356 2141 omnem
382 2096 563 2158 processum
588 2097 646 2158 per
669 2097 724 2140 eos
752 2076 892 2139 habitum
922 2078 953 2138 in
982 2078 1082 2139 causis
1109 2078 1257 2158 predictis

229 2207 323 2271 quem
339 2207 461 2250 cassum
478 2195 510 2250 et
523 2187 644 2250 irritum
664 2189 857 2256 nunciamus,
879 2207 1052 2268 omnesque
1067 2189 1258 2268 prohibicio-

228 2317 287 2361 ncs
298 2308 328 2361 et
339 2300 522 2380 grauamina
536 2297 758 2361 reuocauerint
769 2318 837 2359 curn
850 2301 975 2360 effectu.
997 2298 1047 2360 alii
1061 2319 1135 2360 uero
1148 2299 1256 2372 duces,

229 2411 375 2483 barones,
399 2419 431 2474 et
456 2411 506 2474 alii
531 2409 696 2473 inferiores
722 2411 842 2472 iudices
863 2421 971 2473 contra
994 2411 1255 2473 constitucionem

230 2522 418 2584 excedentes
433 2533 626 2603 presentem,
649 2521 708 2582 nisi
724 2521 803 2583 infra
819 2523 955 2583 triduum
968 2530 1133 2603 postquam
1149 2542 1256 2582 coram

231 2633 277 2695 cis
298 2642 445 2712 utsupra
468 2634 708 2706 denunciatum,
731 2643 935 2714 protestatum
958 2634 1051 2694 fuerit
1074 2635 1122 2695 uel
1145 2654 1260 2714 excep·

229 2753 313 2818 tum,
347 2745 587 2825 prohibiciones,
619 2747 859 2826 impedimenta,
890 2747 1086 2827 gratiamne,
1119 2765 1155 2807 ac
1184 2767 1259 2826 pro-

231 2875 337 2918 cessus
352 2876 448 2937 super
462 2857 641 2917 huiusmodi
656 2857 873 2919 reuocauerint
889 2878 959 2917 cum
982 2861 1111 2929 ellectu,
1133 2877 1169 2918 ac
1185 2877 1259 2938 pro-

231 2966 374 3027 cedendo
389 2967 420 3026 in
436 2966 536 3027 causis
552 2967 730 3028 huiusmodi
746 2968 935 3039 destiterint,
951 2969 1018 3050 ipso
1033 2969 1115 3030 facto
1132 2988 1259 3029 excom-

232 3078 455 3140 municacionis
477 3081 638 3141 sentencie
661 3100 694 3142 se
714 3081 859 3141 nouerint
872 3081 1052 3153 subiacere,
1075 3102 1168 3161 aqua
1183 3100 1259 3142 con-

231 3210 309 3271 grua
330 3191 542 3253 satisfactione
564 3194 731 3272 premissa,
754 3193 792 3253 ab
808 3192 972 3273 episcopis,
994 3195 1025 3254 in
1041 3215 1174 3275 quorum
1190 3194 1259 3255 die-

231 3304 355 3365 ccsibus
377 3324 512 3383 persone
528 3304 579 3365 uel
599 3326 649 3364 res
665 3325 760 3384 super
773 3306 886 3384 quibus
903 3305 951 3367 uel
967 3315 1076 3368 contra
1090 3326 1168 3388 quas
1185 3327 1259 3387 pro-

231 3416 395 3488 cesserint,
416 3415 502 3477 iuxta
518 3416 649 3477 fornmm
666 3417 800 3477 ecclesie
817 3416 935 3497 possint
951 3418 1081 3478 absolui.

313 3524 378 3604 (59)
401 3528 477 3586 Cum
499 3547 646 3606 regnum,
668 3528 863 3608 principum,
890 3529 1041 3591 baronum
1068 3538 1098 3591 et
1124 3528 1258 3592 aliorum

231 3635 456 3697 catholicorum
480 3636 617 3698 frdelium
644 3640 805 3718 proprium
831 3648 863 3700 et
886 3640 1043 3720 peculiare
1066 3641 1105 3700 ab
1128 3642 1258 3721 antiquo

231 3745 327 3806 fuisse
349 3755 506 3819 noscatur,
528 3747 693 3822 ecclesias,
721 3752 924 3823 monasteria,
946 3753 1077 3833 locaque
1093 3773 1180 3813 sacra
1197 3755 1260 3815 deo

232 3855 396 3928 adificare,
419 3858 591 3920 destructas
613 3881 689 3922 uero
711 3862 778 3923 siue
801 3863 956 3934 concisas,
979 3865 1076 3926 autin
1092 3885 1126 3925 se
1142 3865 1210 3925 siue
1226 3866 1260 3926 in

231 3965 390 4038 ministris,
405 3967 455 4029 uel
470 3968 500 4028 in
517 3969 723 4045 facultatibus,
741 3973 870 4043 iuribus,
893 3973 1064 4054 priuilegiis
1080 3976 1130 4037 uel
1146 3975 1262 4038 immu-

231 4075 379 4138 nitatibus
404 4077 468 4139 suis
493 4079 643 4142 diminuta
667 4083 733 4143 siue
756 4102 906 4164 oppressa
932 4084 1089 4159 releuare,
1111 4086 1264 4162 reticere,

232 4189 422 4267 defendere,
441 4209 478 4253 ac
498 4190 597 4254 eciam
619 4204 814 4273 restaurare,
840 4200 935 4278 prout
955 4216 1012 4280 per
1033 4197 1105 4261 facti
1128 4199 1264 4264 euiden-
