2798 4764
248 1060 481 1149 inunum
502 1048 658 1149 nunus
680 1063 752 1147 ιιι.
777 1060 1079 1148 nncnnuun

578 1227 741 1293 MCCXCL

265 1396 442 1451 lltransnmto
456 1387 544 1449 coevo
555 1392 661 1464 capituli
673 1390 796 1448 Aliensis
811 1395 838 1448 in
850 1386 1052 1464 nrsssyt'vsnn.

229 1698 371 1765 Andreas
391 1701 441 1764 slot
463 1700 568 1784 gruem
586 1699 763 1782 ilungarie,
784 1701 960 1777 bslmnoie,
982 1701 1175 1779 Crounaoie',

147 1816 262 1890 Rama,
282 1815 408 1888 Seruio,
430 1813 576 1888 Gallicis,
597 1803 801 1889 lodomerie,
822 1813 988 1889 Comanis,
1011 1815 1174 1898 uulgaris

147 1948 210 2010 que
230 1947 296 1991 rex.
325 1926 470 1990 omnibus
491 1925 605 1988 Christi
624 1924 786 2001 fidelibus,
807 1934 970 2009 presentes
990 1927 1108 1991 litteras
1126 1927 1175 1990 in*

147 2040 314 2122 spectaris,
335 2038 469 2101 sslutem
482 2038 515 2100 in
529 2037 669 2100 omnium
683 2037 852 2102 saluatore.

229 2151 277 2212 ad
301 2150 545 2222 uniuersorum,
566 2159 630 2212 tam
654 2151 853 2231 presencium
879 2164 973 2232 quam
997 2151 1174 2215 futurorum

145 2264 292 2327 noticiam
314 2263 425 2325 barum
440 2261 523 2325 serie
539 2262 683 2325 uolumus
698 2263 883 2345 peruenire,
903 2264 989 2346 quod
1005 2283 1076 2326 oum
1090 2280 1175 2328 anno

147 2375 264 2438 domini
279 2373 445 2437 millesimo
455 2404 497 2421 -
507 2418 516 2435 .
528 2419 536 2436 .
547 2394 583 2448 e,
597 2383 628 2438 et
639 2393 795 2438 consensu
806 2375 1035 2439 uenerabilium
1051 2385 1174 2459 patrum

147 2484 474 2567 archiepiscoporum,
495 2485 736 2567 episcoporum,
754 2488 926 2562 baronum,
947 2500 1123 2570 procerum,
1143 2495 1175 2552 st

148 2598 286 2659 omnium
300 2595 453 2659 nobilium
467 2597 558 2679 regni
574 2598 672 2660 nostri
686 2598 770 2680 apurl
784 2596 911 2674 stoan,
930 2601 963 2662 in
982 2601 1051 2663 loco
1065 2609 1174 2664 nostro

148 2709 313 2782 catenali,
329 2716 486 2774 aunuente
501 2709 628 2774 domino
642 2710 810 2775 fuissemus
825 2713 981 2788 coronati,
995 2721 1026 2776 ct
1039 2713 1071 2776 in
1084 2712 1176 2798 regni

147 2821 395 2906 gubernaculum
419 2823 679 2887 concessissemus
705 2822 789 2898 iure,
821 2831 852 2887 et
877 2826 988 2889 ordine
1013 2829 1176 2909 genimre,

146 2933 254 2997 habita
268 2933 517 3017 congregacione
532 2934 689 3018 generali,
702 2936 736 2998 in
751 2953 793 2999 no
807 2966 850 2982 ·-·
861 2969 904 2987 -
917 2934 1070 2999 nobilium
1085 2936 1176 3020 regni

148 3048 263 3121 nostri,
284 3066 303 3109 a
322 3048 437 3110 sanctis
458 3049 711 3130 progenitoribus
734 3048 850 3113 nostris
872 3050 944 3113 data
965 3055 996 3111 et
1014 3042 1175 3122 concessi,

149 3178 210 3242 quo
232 3160 266 3221 in
291 3158 429 3222 articulis
455 3161 673 3242 exprimuntur
697 3160 923 3241 infrascriptis,
953 3159 1176 3223 inuiolabiliter

149 3270 239 3333 firma
253 3270 317 3333 lide
331 3272 532 3353 promisimus
546 3272 729 3335 obseruare.

231 3381 277 3463 (1)
299 3382 435 3446 Primum
453 3383 617 3446 uidelicet:
639 3385 725 3467 quod
748 3383 854 3448 omnia
875 3384 944 3447 iura
959 3381 1177 3459 ecclesiarum,

151 3494 182 3557 in
205 3495 473 3576 possessionibus,
494 3495 587 3569 loris,
608 3496 731 3558 tributis
753 3504 785 3558 et
807 3496 891 3571 aliis,
912 3514 974 3579 que
996 3495 1177 3560 ecclesiist

148 3608 265 3671 sanctis
289 3606 340 3669 uel
361 3607 429 3669 aliis
450 3607 587 3689 regibus,
613 3608 867 3691 progenitoribus
882 3610 1006 3684 nostris,
1027 3610 1095 3673 siue
1109 3609 1177 3675 aliis

148 3719 259 3783 incolis
280 3719 371 3802 regni
392 3718 491 3780 nostri
513 3718 585 3781 data
605 3728 729 3783 suntet
749 3739 914 3795 concessa,
937 3732 1175 3788 conseruamust

150 3837 182 3891 et
195 3832 301 3893 omnia
314 3830 508 3914 integraliter
521 3830 722 3896 restituemus
736 3834 776 3896 ab
791 3832 931 3898 ecelesiis
946 3845 1108 3919 occupata.

232 3938 277 4020 (2)
297 3942 375 4005 ltem
386 3943 472 4025 quod
487 3942 606 4005 nullum
618 3943 800 4007 comitatum
814 3944 904 4029 regui
918 3947 1017 4010 nostri
1028 3946 1179 4022 ecclesiis,

150 4049 203 4114 nel
228 4066 337 4114 earnm
360 4054 513 4134 prelatis,
526 4055 707 4130 baronibus,
736 4057 788 4120 uel
812 4059 978 4133 nobilibus,
1010 4057 1102 4121 alicui
1125 4056 1179 4121 uel

149 4161 310 4248 sliquibus
323 4164 357 4229 in
368 4174 558 4253 perpetuum
568 4167 778 4236 conferemus.
799 4170 956 4237 imitantes
968 4172 1002 4235 in
1015 4171 1077 4234 boc
1088 4187 1179 4234 sano·
