2798 4764
507 1044 510 1051 ’
543 1024 659 1111 ΒΜ
683 1024 739 1111 u.
764 1025 886 1111 uuus

238 1196 241 1201 ’
272 1202 543 1283 'Ltuttltuus
566 1201 831 1281 Nummum
855 1204 926 1279 uu
951 1203 1160 1282 scupus

623 1359 815 1425 uccxuur.

472 1534 497 1587 li
513 1536 658 1585 trusumto
669 1528 757 1583 varoli
770 1531 791 1585 1.
809 1546 870 1583 sur.
889 1530 962 1585 rotz.

288 1840 365 1905 Boiu
378 1839 431 1904 dei
448 1839 553 1923 pruris
567 1839 744 1923 iluugrrie,
764 1838 940 1913 Dalmatio,
961 1838 1107 1912 Croroio,
1128 1840 1234 1913 Rome,

206 1950 333 2025 Seruie,
361 1950 507 2025 Guiiioie,
534 1949 723 2013 Lodomerio
743 1948 958 2032 Cumouiequo
979 1969 1046 2013 rex.
1084 1949 1236 2013 Omnibus

207 2060 323 2127 utristi
342 2062 488 2126 fidelibus
503 2070 683 2145 presentem
697 2062 843 2146 papinum
856 2061 1044 2142 inspecturis
1057 2062 1189 2126 salutem
1205 2064 1237 2124 in

207 2172 348 2239 omium
361 2171 529 2237 suiuutore.

290 2284 397 2363 Quum
410 2286 444 2349 iu
458 2282 659 2349 multitudino
673 2285 861 2367 populorum
875 2305 985 2368 regum
995 2285 1097 2369 gloria
1107 2304 1143 2349 uo
1153 2286 1240 2368 priu-

207 2396 315 2483 dpum
334 2415 534 2481 summopere
554 2396 755 2472 recondatur,
780 2416 846 2461 uon
863 2396 1020 2461 immerito
1041 2397 1155 2481 regulis
1176 2397 1240 2461 ool·

208 2506 314 2573 uitato
336 2508 378 2571 do
401 2507 468 2571 suis
491 2506 641 2571 subiectis
666 2507 899 2589 prouisiouibus
921 2508 1124 2591 amplioribus
1145 2510 1240 2573 debet

210 2618 373 2693 ordinare,
394 2626 429 2681 ut
441 2618 538 2683 iidem
551 2618 699 2683 ieiioituto
714 2626 745 2681 et
760 2639 892 2682 numero
907 2630 1091 2703 augeantur.
1115 2622 1155 2684 ad
1170 2641 1239 2683 om·

210 2728 296 2791 uium
316 2728 421 2811 ituquu
442 2728 606 2804 noticiam,
627 2739 692 2792 tum
713 2731 913 2811 presencium
927 2751 1023 2815 quum
1040 2740 1239 2814 posterorum

209 2839 367 2925 presentis
387 2840 496 2922 soripti
516 2842 696 2904 testimonio
716 2841 862 2906 uolumus
884 2844 1061 2923 peruenire,
1082 2844 1167 2927 quod
1183 2863 1240 2907 uos

210 2950 367 3015 uniuersis
387 2950 543 3015 nobilibus
562 2953 603 3016 do
624 2952 743 3035 Soopus
767 2954 900 3017 eandem
925 2975 1021 3038 quum
1046 2956 1086 3017 ub
1110 2955 1239 3037 antiquo
1284 3024 1293 3055 Ι

210 3064 391 3131 iuuerunt
404 3084 595 3130 conseruare
609 3064 754 3129 uolentes
767 3066 958 3142 libertatem,
978 3068 1157 3131 statuimus:

294 3180 356 3254 (1)
377 3178 471 3255 Quod
485 3177 588 3243 uultus
600 3178 740 3261 ipsorum
756 3179 891 3262 utiquam
906 3179 1066 3244 conectam
1082 3181 1134 3243 uel
1149 3200 1240 3243 exuc-

212 3286 333 3353 tionem
353 3287 477 3352 soluere
498 3296 653 3363 torreatur,
681 3289 741 3351 uisi
762 3289 829 3371 ipsu
851 3289 982 3354 ooliectu
1002 3291 1042 3354 ad
1064 3291 1240 3355 seruientes

212 3398 297 3485 rogis
312 3408 344 3464 et
357 3400 435 3465 ulios
449 3400 606 3484 quoslihet
621 3400 743 3465 nobiles
763 3401 858 3464 fuerit
871 3402 1037 3485 generalis.

294 3513 355 3586 (2)
376 3512 454 3575 item
476 3532 534 3593 per
548 3511 617 3575 ioru
637 3521 668 3576 et
689 3523 796 3595 portas
819 3512 960 3576 eiusdem
981 3514 1101 3595 Scepus
1123 3514 1242 3576 uultum

213 3618 364 3684 tributum
378 3621 437 3704 ipsi
450 3622 573 3686 nobiles
587 3631 619 3686 et
631 3625 680 3686 sui
694 3622 909 3707 iohbagyouos
925 3624 1116 3707 persoluaut.

297 3732 360 3807 (3)
380 3734 458 3795 itum
473 3733 505 3795 iu
521 3734 728 3817 expedicione
742 3735 823 3799 suctu
836 3735 894 3798 sub
905 3746 1013 3800 nostro
1024 3738 1150 3810 uexillo,
1165 3758 1243 3819 quu-

213 3846 299 3918 tuor,
311 3843 365 3926 qui
377 3843 495 3908 hubent
508 3854 624 3909 terrum
638 3856 711 3911 octo
722 3856 897 3911 rratrorum
911 3846 1129 3923 sufficientem,
1145 3869 1242 3913 uuum

215 3952 340 4019 mittere
354 3955 491 4020 dsbouut
506 3957 656 4023 deoeuter
670 3967 830 4023 onustum.

299 4066 358 4144 (i)
378 4067 456 4131 ltom
478 4086 584 4132 comes
600 4070 639 4133 de
655 4069 775 4154 Scopus
796 4088 856 4134 neo
875 4069 962 4153 ipsos
977 4089 1036 4133 neo
1050 4089 1161 4136 eorum
1176 4071 1244 4135 iob-

215 4176 395 4265 morer,
418 4179 520 4267 possit
536 4178 675 4247 iudicum
695 4179 758 4246 uisi
776 4180 811 4247 iu
831 4182 934 4247 crusis
954 4182 1046 4261 turo,
1066 4191 1192 4251 moneto
1212 4190 1246 4250 ot
