2798 4764
91 352 94 356 “
179 351 311 400 annm
324 352 372 399 ιιι.
383 349 476 399 assis
490 348 639 394 ιιιιιτιι
653 347 811 395 nossrruu
825 348 866 397 ue
880 347 1019 399 anons.
1034 330 1125 395 aaut.
1148 330 1208 397 621

181 507 287 569 (latum
303 526 359 588 per
373 526 484 568 manus
500 505 624 567 discreti
639 504 698 567 uiri
713 504 851 586 magistri
867 503 1043 578 Theodori,
1064 503 1210 568 Albensis

181 618 313 680 ecclesie
329 626 434 680 nostre
450 615 613 699 prepositi,
628 615 699 679 aule
714 624 822 678 nostre
833 614 1089 690 uicecancellarii,
1104 614 1211 681 dilecti

180 737 211 792 et
232 727 334 792 fidelis
360 729 468 792 nostri.
500 749 584 792 anno
606 728 725 791 domini
750 728 841 791 MCC.
863 727 1070 810 nonagesimo
1096 728 1210 810 primo,

180 848 293 904 octauo
309 840 461 903 kalendas
475 841 586 903 marcii
600 841 689 921 regni
705 847 810 903 autem
825 839 922 903 nostri
936 840 1040 921 primo
1055 860 1147 902 anno.

492 1378 670 1463 tunm
695 1378 753 1463 111.
779 1376 900 1460 ttttats

230 1569 496 1644 ultumas
523 1568 800 1645 HOSPITUM
829 1570 899 1642 DE
925 1569 1160 1645 uuolton.

612 1743 777 1807 mccxct.

496 1912 520 1965 lt
539 1909 724 1978 manuscriptis
743 1911 896 1963 cornidesii.

263 2189 404 2252 Andreae
421 2188 472 2250 dei
486 2188 592 2269 gracia
605 2195 665 2250 ete.
679 2208 745 2251 rex.
766 2188 896 2270 Regiam
910 2188 1001 2250 decet
1014 2188 1210 2251 maiestatem

183 2318 349 2361 nnmerum
364 2297 523 2380 hospitum
537 2299 596 2360 sibi
610 2297 832 2364 famolancium
847 2299 1069 2382 multiplicare,
1088 2311 1119 2362 et
1133 2318 1211 2381 pau·

182 2412 356 2493 pertatibus
378 2420 410 2473 et
428 2412 536 2492 inopie
550 2411 690 2492 ipsorum
703 2412 888 2486 subuenire,
909 2421 944 2474 ut
957 2412 1051 2475 iidem
1066 2431 1084 2473 a
1099 2430 1211 2474 neces·

182 2523 325 2585 sitatibus
344 2524 484 2605 ipsorum
506 2521 660 2598 nlleuiati,
683 2524 816 2586 naturali
831 2525 957 2588 domino
979 2524 1159 2588 teruencius
1179 2531 1212 2588 el

183 2637 365 2719 expedicius
380 2637 505 2699 ualeant
521 2636 695 2699 deseroire.
717 2637 848 2718 proinde
865 2638 905 2700 ad
920 2638 1139 2701 uniuersorum
1153 2656 1212 2700 no·

184 2749 288 2811 ticiam
303 2757 412 2812 tenore
428 2749 627 2831 presencium
641 2748 788 2811 uolumus
803 2749 984 2828 peruenire,
1006 2751 1091 2832 quod
1106 2750 1214 2833 hospi·

184 2861 266 2924 tibus
281 2861 394 2923 nostris
410 2862 449 2924 de
467 2860 594 2923 Thorda
609 2904 617 2922 .
632 2904 664 2923 ..
685 2859 790 2935 Alina,
811 2860 865 2943 qui
880 2861 986 2922 omnia
1006 2860 1214 2924 instrumenta

183 2970 322 3054 ipsorum
337 2992 433 3053 super
446 2980 529 3035 statu
543 2970 696 3035 libertatis
712 2992 823 3035 eorum
838 2971 982 3035 coniecta
997 2970 1029 3032 in
1044 2979 1147 3033 castro
1162 2970 1215 3033 uia

183 3084 277 3157 Baio,
300 3092 441 3166 ternpore
458 3086 660 3147 Tartarorum
676 3129 806 3147 ......
822 3085 951 3146 eosdem
966 3082 1111 3145 l'artaros
1126 3082 1214 3144 (lixe-

184 3202 256 3257 runt
276 3195 346 3275 igne
370 3216 441 3258 esse
463 3205 628 3258 consumta
653 3206 684 3258 et
705 3196 804 3258 eciam
828 3201 1048 3266 concremata,
1075 3193 1160 3272 qrrocl
1181 3200 1214 3257 et

184 3305 275 3366 nobis
293 3326 352 3387 per
366 3305 480 3368 multos
503 3307 637 3367 barones
658 3314 690 3367 ei
712 3305 833 3367 nobiles
855 3305 944 3384 regni
960 3303 1059 3365 nostri
1075 3302 1214 3364 constitit

184 3416 358 3491 euidenter,
385 3418 469 3479 illam
492 3429 524 3481 et
543 3418 675 3479 eandem
698 3417 909 3479 concessimus
930 3416 1120 3486 libertatem,
1150 3433 1211 3497 qua

185 3527 323 3610 hospites
348 3531 446 3593 nostri
470 3531 508 3591 de
529 3528 710 3602 licesaltna,
741 3529 805 3590 Zek
830 3539 861 3592 et
886 3527 982 3589 Koios
1008 3526 1213 3608 gratulantur,

182 3649 353 3704 statuentes
368 3641 558 3723 specialiter:

266 3754 323 3827 (1)
345 3753 382 3814 Ut
397 3752 500 3813 nullus
512 3753 660 3832 uoyuoda
674 3761 782 3813 noster
794 3772 849 3833 pro
862 3761 1003 3832 tempore
1015 3751 1212 3828 constitutus,

184 3882 220 3925 ac
240 3863 437 3944 periochialis
452 3882 557 3924 comes
575 3863 614 3925 de
631 3862 776 3935 Thorda,
797 3862 848 3925 uel
863 3860 1014 3925 officiales
1029 3863 1212 3938 eorundem,

183 3974 216 4035 in
231 3974 295 4037 ullo
310 3975 440 4039 articulo
452 3994 632 4038 caussarum
649 3974 769 4055 possint
782 3975 834 4037 uel
849 3975 984 4038 debeant
995 3995 1050 4036 eos
1064 3974 1213 4050 iudicare,

183 4092 292 4168 preter
306 4107 472 4168 personam
487 4096 594 4149 nostre
610 4086 780 4149 maiestatis
795 4087 846 4150 uel
862 4086 1045 4169 magistrum
1060 4082 1214 4147 Tauerni·

185 4216 295 4261 corum
308 4206 506 4278 nostrorum,
526 4200 581 4286 qui
594 4219 653 4284 pro
669 4208 810 4284 tempore
825 4199 922 4264 fuerit
935 4197 1130 4262 constitutus.
1151 4214 1212 4263 nac
1258 4202 1268 4211 ’
