2798 4764
278 353 350 401 runa
372 352 459 400 nora
482 355 631 401 crnrarrs
653 358 683 400 ru
704 359 810 403 nosne
833 358 1009 407 irruamus.
1031 345 1121 408 1251.
1157 343 1217 411 tn

265 512 343 585 (28)
365 511 443 571 item
458 511 603 571 uolumus
619 520 651 573 ut
665 512 768 573 nulius
788 514 920 575 ludeum
943 535 1038 596 super
1052 516 1215 583 solucione

184 625 350 706 pignorum
365 622 397 682 iu
412 642 468 682 sua
484 623 582 683 serinii
599 625 649 684 die
664 626 779 685 audeat
794 645 951 687 coercere.

267 737 343 809 (20)
365 736 440 796 item
454 735 632 816 quicunque
644 736 837 797 Christianus
852 739 948 799 ludeo
964 759 1020 819 per
1032 739 1095 800 uim
1111 741 1216 804 ahstu-
1260 821 1279 841 θ

184 848 254 910 ierit
269 848 381 928 pignus
397 867 506 917 suum,
529 847 651 927 etquid
667 849 822 910 uioierrter
836 850 867 909 in
883 852 977 911 domo
992 871 1048 912 sua
1066 870 1217 915 exercue-

183 962 238 1031 rit,
261 969 293 1021 ut
308 959 442 1019 uioiator
459 977 581 1020 camere
597 966 702 1019 nostre
719 961 858 1039 grauiter
874 961 1030 1041 puniatur.

266 1072 342 1143 (30)
365 1070 441 1131 Item
458 1079 565 1130 contra
580 1070 710 1129 ludeum
725 1090 820 1150 super
831 1071 932 1131 causis
948 1072 1029 1133 inter
1040 1092 1073 1133 se
1087 1072 1215 1147 exortis,

183 1200 337 1262 nusquam
352 1200 410 1260 per
425 1200 515 1240 suum
530 1180 666 1240 iudicem
682 1179 713 1239 in
729 1180 844 1242 iudicio
861 1183 1050 1261 proceditur.

266 1293 344 1364 (31)
367 1292 536 1352 Statuimus
553 1291 668 1361 eciam,
691 1291 774 1371 quod
790 1292 815 1351 si
831 1292 926 1353 iudex
941 1293 1084 1363 ciuitatis
1105 1294 1215 1376 inqua

184 1405 268 1466 iudei
285 1410 455 1475 morantur,
469 1401 605 1462 noluerit
617 1402 745 1463 eosdem
760 1404 933 1464 secundum
949 1412 1090 1465 tenorem
1106 1405 1216 1467 huius·

183 1517 267 1576 modi
283 1513 380 1575 nostri
401 1513 556 1593 priuilegii
580 1512 736 1585 iudicare,
758 1514 815 1574 sed
831 1522 939 1575 contra
953 1522 1066 1577 statute
1081 1535 1215 1579 consue·

183 1626 297 1688 tudinis
320 1633 351 1686 et
372 1624 547 1686 libertatum
573 1623 710 1703 ipsorum
736 1623 888 1685 hacteuus
915 1627 1082 1688 obseruata
1104 1645 1215 1709 aggra-

182 1756 258 1798 uare
281 1736 430 1807 uoluerit,
453 1735 634 1815 priusquam
657 1734 747 1796 mihis
770 1756 827 1815 per
849 1734 933 1814 ipsos
955 1737 1142 1810 innotuerit,
1162 1757 1214 1800 re·

182 1856 356 1919 moueatur,
379 1855 410 1909 et
424 1848 502 1907 atius
519 1848 557 1907 de
573 1855 679 1908 nostra
694 1846 831 1908 sciencia
846 1848 1061 1910 constituatur.

266 1961 426 2022 [tantem
449 1958 508 2019 hec
531 1966 637 2020 nostra
660 1958 844 2020 constitucio
868 1969 1048 2040 perpetuam
1074 1960 1214 2025 obtineat

180 2071 375 2142 firmitatem,
397 2077 560 2149 presentes
582 2069 794 2129 concessimus
816 2070 941 2143 literas,
967 2070 1098 2150 duplicis
1120 2069 1212 2152 sigilii

182 2180 279 2243 nostri
301 2180 469 2240 munimine
491 2180 665 2239 roboratas.
697 2179 804 2241 datum
826 2200 909 2240 anno
932 2181 970 2242 ab
992 2181 1212 2243 incarnacione

183 2292 313 2352 MCCLI.
341 2312 441 2354 nouas
464 2292 656 2351 Decembris.
685 2292 774 2370 regni
796 2300 900 2353 autem
916 2293 1013 2352 nostri
1033 2311 1116 2354 anno
1131 2290 1214 2353 xvl.

521 2548 549 2564 ff:
552 2548 576 2563 ,“.’.
580 2546 671 2564 .·.':·.:.=·.
675 2543 868 2562 ’.ἴ-’,ῗῗὶὲΣὲ-ῗῧ

403 2738 606 2821 srrratnl
631 2736 729 2817 unu
755 2733 996 2816 sotttontn

619 2894 776 2983 IURA

185 3072 345 3146 NOVAE
359 3065 631 3145 clvlTATls
651 3069 705 3139 ΙΝ
720 3065 907 3140 MONTE
921 3062 1216 3140 IABLANlCE

631 3221 763 3283 iicon.

439 3364 460 3413 Ε
477 3361 557 3413 Lucio
574 3362 604 3412 de
621 3377 700 3424 regno
718 3358 852 3410 Dalmatius
868 3358 913 3408 W.
935 3359 959 3408 9.

268 3627 330 3686 Nos
344 3624 531 3704 Stephanus,
549 3625 651 3683 Bonus
667 3622 765 3682 tocius
781 3617 958 3688 Sciauonie‚
973 3616 1118 3678 uolumus
1133 3615 1214 3682 seire

185 3738 358 3808 uniuersos,
380 3737 465 3816 quod
489 3754 545 3794 nos
569 3733 768 3794 considerata
789 3729 971 3792 tortitudine
986 3727 1101 3789 montis
1114 3724 1215 3791 labin·

184 3847 259 3908 nich
274 3858 305 3909 et
318 3848 460 3927 inspecta
482 3844 612 3906 utilitate
633 3842 790 3914 eiusdem,
813 3840 969 3903 collocare
991 3837 1136 3900 uolumus
1156 3857 1216 3901 no·

183 3978 257 4020 uam
280 3958 436 4020 ciuitatem
458 3956 497 4017 ad
515 3955 668 4016 honorem
690 3952 809 4014 domini
833 3950 915 4031 regis
938 3949 1097 4030 Hungarie
1119 3966 1216 4030 super

184 4071 307 4130 eodem.
329 4066 437 4147 populi
458 4074 562 4128 autem
584 4061 733 4125 Arbensis
756 4061 871 4135 insula,
899 4061 1001 4123 missis
1020 4058 1214 4132 solemnibus

183 4180 307 4244 nunciis
320 4180 396 4255 suis,
418 4176 565 4242 uidehcet
583 4176 686 4239 iudice
702 4175 830 4240 Andrea
850 4175 889 4238 de
905 4174 1085 4257 Catopagna
1106 4178 1138 4233 et
1149 4169 1213 4231 Do·
