2798 4764
353 369 529 418 maocsan
549 368 673 417 mma
691 368 879 418 ursmarus
903 348 983 437 (85).
1122 343 1186 420 Μ-

237 632 304 718 (35)
330 634 482 714 Quomodo
497 636 618 699 Tartari
637 637 702 700 iilos
716 638 766 717 qui
778 657 807 726 ss
819 638 852 699 io
865 638 948 701 siluis
961 635 1183 712 absconderunt,

156 750 326 831 deceperint.
371 747 530 829 Capernnt
551 746 673 831 aliquos
695 768 752 830 per
766 747 861 811 siluas
880 748 1046 822 latitantes,
1068 755 1099 811 et
1113 764 1186 812 eos·

156 861 228 925 dem
244 861 302 922 sub
316 859 377 921 bac
390 879 471 923 noce
486 860 652 934 miserunt,
666 860 751 942 qnod
767 861 909 943 quisquis
924 859 1020 923 uellet
1033 862 1073 922 ad
1087 859 1186 924 fideus

157 991 266 1035 eornm
288 991 323 1034 se
344 972 437 1045 dare,
458 990 588 1033 securus
608 973 738 1046 reditus,
759 971 842 1034 infra
860 981 980 1036 eertum
1001 972 1185 1046 terminum,¹

157 1084 197 1146 ad
211 1083 337 1164 propria
359 1081 508 1144 ueniendi
529 1081 657 1144 daretur
671 1081 710 1144 ei.
740 1101 876 1165 quornm
890 1082 1011 1154 uerbis,
1040 1101 1111 1144 cnm
1126 1081 1185 1145 bo-
1238 1115 1240 1119 ·

158 1195 259 1257 mines
278 1194 339 1256 iam
354 1200 483 1274 propter
497 1193 680 1256 uictnalinm
698 1195 860 1276 penuriam
875 1201 1084 1266 morerentur,
1104 1200 1187 1258 tote·

157 1304 228 1367 liter
243 1305 454 1377 crediderunt,
475 1302 563 1366 etsie
579 1322 700 1377 omnes,
722 1305 776 1386 qui
791 1291 1009 1367 remanserant
1022 1304 1063 1366 ad
1073 1304 1185 1371 domos
1220 1318 1223 1322 ’

159 1415 301 1497 proprias
327 1423 400 1478 sunt
425 1415 554 1477 reuersi.
585 1423 617 1478 et
640 1435 710 1477 cnm
731 1416 810 1478 sitne
834 1434 947 1497 magne
968 1422 1089 1488 essent,
1118 1420 1187 1477 erat

159 1527 261 1590 adbuc
285 1525 420 1608 populns
444 1525 599 1601 infinitus,
627 1527 680 1609 qui
704 1525 858 1602 latitabat;
884 1528 927 1591 ita
950 1527 1035 1610 quod
1057 1527 1097 1590 ad
1120 1534 1186 1590 tres

160 1638 257 1701 dietas
276 1644 361 1700 terra
375 1637 459 1701 iacta
474 1647 521 1701 est
534 1638 688 1719 populosa
710 1648 741 1702 et
755 1639 893 1722 quelibet
914 1639 988 1702 uitta
1011 1637 1107 1722 alege
1126 1637 1185 1701 sibi

159 1767 266 1831 regem
290 1749 330 1811 de
344 1749 499 1822 Tartaris,
524 1766 619 1830 quem
640 1750 768 1832 optauit.
797 1768 861 1831 quo
882 1746 965 1812 iacto
988 1754 1188 1813 cumessam

160 1868 302 1941 tempora
321 1860 487 1933 messium,
507 1859 614 1941 fruges
634 1860 825 1923 unanimiter
845 1860 1057 1943 collegerunt,
1079 1866 1111 1922 et
1131 1853 1186 1923 eae

161 1990 197 2034 aa
220 1972 383 2044 stramina,
412 1980 445 2034 et
468 1971 575 2034 fenum
601 1979 633 2034 et
656 1972 716 2036 alia
740 1973 781 2036 ad
804 1962 920 2035 horrei
944 1972 1187 2054 congregabant

160 2084 282 2147 stabant
295 2084 459 2146 nobiscum
469 2083 590 2146 Tartari
604 2093 636 2147 et
646 2083 777 2146 Comani
791 2084 893 2145 simul.
913 2085 1063 2146 uidebant
1078 2103 1188 2165 quam-

162 2194 285 2277 plurimi
307 2205 338 2259 et
358 2182 551 2278 gandebant,
577 2194 764 2269 letabuntur,
785 2196 870 2277 quod
891 2202 996 2276 patres
1018 2215 1075 2276 per
1095 2193 1188 2267 fidas,

158 2305 260 2369 mariti
275 2327 332 2389 per
346 2326 478 2380 uxores,
500 2307 613 2369 fratres
631 2326 688 2388 per
702 2325 827 2368 sorores
849 2303 996 2388 pulchras
1018 2306 1113 2367 uitam
1136 2320 1189 2366 re·

160 2419 337 2492 diruebant,
366 2417 434 2479 illas
458 2419 500 2481 ad
523 2418 645 2482 libitum
669 2437 779 2480 eornm
804 2422 1042 2487 concernentes,
1074 2421 1107 2477 et
1129 2418 1189 2496 pro

161 2531 298 2612 quodam
319 2530 379 2593 iltis
400 2529 497 2592 fiebat
518 2529 644 2603 solacio,
664 2536 698 2590 ut
711 2527 743 2589 in
757 2533 929 2609 conspectu
943 2523 1041 2608 patris
1055 2524 1107 2588 uel
1122 2540 1190 2591 ma'·

160 2640 224 2713 riti,
232 2659 312 2703 uxor
323 2641 375 2703 uei
386 2641 450 2703 iilia
463 2641 673 2723 stuprabatur.
695 2638 921 2702 constituerunt
932 2637 1086 2712 canesios,
1096 2638 1129 2701 id
1140 2641 1191 2702 est

161 2751 291 2826 balinos,
305 2751 358 2834 qni
370 2751 525 2815 iusticiam
536 2751 685 2825 facerent,
699 2759 730 2814 et
741 2748 787 2812 eis
798 2769 907 2832 equos,
922 2748 1077 2824 animalia,
1092 2767 1191 2824 arma,

161 2863 268 2936 reaia,
290 2871 321 2926 et
335 2863 524 2926 uestimenta
544 2861 631 2927 utilia
655 2869 871 2944 procurarent.
900 2861 990 2924 etsie
1003 2867 1209 2944 procurator

162 2994 249 3038 mena
266 2975 305 3038 de
320 2974 387 3037 istis
403 2973 537 3037 dominis
557 2983 624 3038 erat
645 2993 726 3036 unns
746 2981 778 3036 et
799 2989 880 3056 pene
895 2973 979 3037 mille
995 2973 1084 3036 uilias
1098 2989 1191 3056 rege·

163 3088 232 3160 bat,
253 3096 284 3150 et
298 3094 388 3149 erant
407 3086 525 3149 canesii
547 3086 614 3149 iere
636 3092 773 3149 centum.
800 3104 913 3168 pacem
926 3085 1137 3158 habebamus,
1158 3091 1191 3148 et

163 3200 248 3274 iora3
269 3199 413 3281 iustaque
428 3199 597 3280 unicuique
610 3198 732 3262 iusticia
746 3198 945 3262 seruabatur.
968 3197 1014 3259 eis
1025 3197 1190 3260 mitteban-

164 3319 214 3372 tur
237 3310 447 3393 pulcherrime
472 3310 663 3391 pneliarnm3
691 3312 748 3374 sed
775 3328 863 3384 oues,
890 3309 990 3372 boues
1014 3307 1066 3370 uel
1089 3324 1191 3389 equos

165 3420 311 3485 ductores
334 3440 391 3502 pro
412 3421 466 3485 tati
486 3422 580 3484 xenio
593 3422 797 3484 reducebant.
826 3420 1058 3484 conueniebant
1072 3414 1192 3482 canesii

165 3552 247 3615 pene
261 3533 399 3615 qualibet
416 3534 600 3614 septimana.
630 3552 691 3616 ego
708 3552 785 3596 nero
800 3533 905 3616 sepius
920 3538 955 3594 ut
967 3531 1064 3594 uitam
1079 3542 1190 3594 eorum

164 3646 354 3727 aspicerem,
376 3652 408 3706 et
421 3644 543 3726 aliquos
558 3646 598 3708 de
613 3644 781 3707 maioribus
796 3663 977 3717 noscerem,
992 3651 1023 3706 et
1036 3652 1072 3706 nt
1084 3643 1192 3707 addis·

165 3776 266 3820 cerem
291 3758 317 3821 si
342 3756 394 3818 uia
414 3757 622 3820 redemcionis
643 3757 749 3838 aliqua
771 3775 807 3819 se
830 3757 957 3830 aderet,
980 3756 1020 3819 ad
1041 3774 1098 3821 eos
1118 3762 1192 3820 cun

164 3887 235 3932 meo
249 3870 376 3932 canesio
391 3869 591 3932 accedebam.
620 3868 755 3951 quadam
770 3866 841 3930 uice
856 3875 1067 3951 preceperunt
1080 3882 1193 3933 omues

165 3981 280 4043 canesii
295 3981 326 4041 in
341 3981 506 4054 mandatis,
525 3987 558 4042 nt
572 3980 611 4043 de
627 3977 721 4041 certis
735 3977 817 4041 uillis
831 3977 893 4040 uiri
906 3985 938 4042 et
951 3977 1101 4043 mulieres
1113 3993 1193 4061 pus·

165 4091 256 4174 rique
270 4090 362 4155 simul
377 4111 448 4153 cnm
462 4091 643 4155 muneribus
658 4090 691 4152 iu
702 4076 811 4152 eorum
825 4088 1023 4172 presenciam
1036 4087 1193 4151 uenirent.

166 4203 354 4269 timebamus
376 4205 416 4267 de
436 4203 497 4268 boc
516 4222 644 4270 rumore
658 4221 723 4267 noa
736 4201 913 4278 modicum,
933 4219 1061 4268 causam
1074 4198 1122 4263 rei
1135 4214 1193 4281 pe·
