2798 4764
202 301 264 368 ato
440 319 555 367 smus
579 320 743 366 nurerum
768 320 822 365 suo
844 321 923 366 usur
944 321 990 367 nr.

204 477 282 540 bons
305 476 367 538 duo
387 474 483 538 millia
504 495 688 539 marearum.
718 475 883 558 episcopus
899 476 1117 559 Zagrabiensis
1138 498 1235 561 super

203 588 320 652 flumen
337 589 412 662 Soa,
432 588 552 650 habens
568 587 853 670 milie‘quingentas
869 608 1002 651 mareas.

287 701 322 763 in
345 699 502 763 Daimacia
531 707 604 762 sunt
629 701 691 762 (luo
718 699 1033 783 archiepiscopatus:
1063 702 1234 765 laeezeusis

204 812 325 876 habens
347 811 531 895 quingentas
554 832 692 886 marom,
712 811 928 892 Espaletensis
950 813 1071 877 habens
1086 814 1236 896 quadrin-

205 932 315 1007 gentas
331 942 460 986 mareas.
480 924 564 987 unde
575 924 788 1005 Espaletensis
803 930 835 986 et
848 923 1025 986 insimiliter
1038 923 1157 990 habent
1170 924 1235 987 sui·

205 1034 373 1117 traganeos
391 1035 512 1097 decem.

287 1147 354 1209 Rex
375 1145 508 1228 Ungarie
533 1145 572 1208 de
594 1145 697 1208 reditu
721 1152 847 1208 monete
870 1145 1048 1209 suehabet
1072 1146 1236 1228 sexaginta

206 1257 301 1321 millia
313 1277 433 1319 marcas
446 1277 641 1339 perannum.
662 1257 746 1320 idem
758 1257 856 1320 habet
869 1257 908 1318 de
922 1257 988 1320 sale
1004 1277 1062 1319 suo
1078 1277 1129 1318 xvr
1141 1255 1235 1319 millia

206 1388 340 1433 marcas.
367 1370 450 1432 idem
470 1369 566 1432 habet
587 1368 639 1432 de'
647 1368 789 1452 pedagiis
812 1375 843 1432 et
856 1368 1022 1451 passagiis,
1045 1377 1076 1431 et
1090 1369 1236 1433 mercatis

207 1501 263 1546 seu
278 1482 364 1556 soris,
383 1503 444 1565 que
460 1483 563 1544 omnia
578 1500 636 1544 sua
649 1487 731 1555 sunt,
752 1498 820 1543 xxx
833 1480 929 1543 millia
943 1500 1129 1543 marcarum.
1151 1482 1234 1544 idem

207 1593 303 1656 habet
324 1593 363 1655 de
383 1592 494 1656 alienis
514 1591 691 1676 hospitibus
713 1594 797 1675 regis
818 1593 857 1655 de
872 1592 1062 1675 Ultrasyluas
1084 1609 1126 1652 xv
1141 1592 1236 1654 millia

208 1723 393 1766 marcarum.
420 1704 504 1766 idem
518 1703 613 1765 habet
634 1705 673 1766 (le
695 1724 750 1766 sua
769 1705 865 1768 tercia
881 1714 967 1786 parte
984 1706 1023 1768 de
1037 1706 1236 1786 septuaginta

209 1816 332 1879 duobus
346 1815 512 1879 comitibus
533 1815 597 1877 suis
612 1816 651 1878 de
666 1815 792 1878 redditu
808 1835 913 1878 annuo
929 1837 992 1879 xxv
1007 1817 1101 1879 millia
1116 1836 1236 1878 marca-

208 1947 289 1991 rum.
318 1927 402 1989 idem
423 1928 519 1990 habet
540 1928 579 1991 de
601 1926 680 1989 duce
704 1925 872 1990 Solanonie
892 1947 1088 2010 perannum
1110 1946 1132 1988 x
1153 1925 1236 1988 mille

209 2056 339 2101 marcas.

291 2150 511 2233 Unusquisque
537 2149 683 2212 comitum
705 2149 900 2233 septuaginta
924 2151 1056 2213 duorum
1081 2151 1179 2213 semel
1204 2151 1235 2212 in

209 2281 291 2326 anuo
306 2282 413 2346 regem
429 2261 562 2343 Ungarie
578 2270 737 2342 procurat,
760 2270 791 2324 et
806 2271 972 2345 antequam
990 2262 1029 2324 de
1044 2282 1154 2327 mensa
1168 2282 1236 2323 sur-

210 2380 276 2456 gat,
294 2373 383 2436 'nona
399 2375 451 2435 dat
466 2361 581 2437 munus
594 2382 719 2436 centum
734 2393 919 2436 marcarum.
952 2383 983 2437 et
998 2375 1110 2456 aliquis
1126 2394 1236 2437 eorum

209 2504 243 2547 n.
257 2504 284 2547 e.
302 2505 433 2547 marcas.
454 2486 614 2568 inquibus
630 2486 669 2547 ad
685 2469 786 2548 minus
802 2487 991 2568 presumitur
1005 2505 1126 2548 summa
1140 2485 1236 2546 solius

209 2570 294 2678 regis
307 2596 393 2678 larga
409 2598 646 2678 eomputaoione
661 2617 682 2658 x
698 2597 781 2659 mille
796 2617 981 2659 marcarum.
1011 2604 1043 2658 et
1054 2606 1163 2679 preter
1177 2596 1237 2658 hec

210 2707 292 2773 dona
307 2707 431 2788 regine,
453 2717 485 2770 et
498 2706 633 2768 filiorum
648 2708 730 2789 regis
745 2728 874 2789 magna,
895 2710 925 2769 in
941 2716 1072 2791 argento
1086 2724 1142 2768 seu
1157 2724 1235 2789 pan·

209 2806 257 2881 iris
272 2819 381 2882 sericis
395 2828 426 2882 et
441 2820 540 2902 equis.
562 2827 594 2882 et
608 2829 713 2900 preter
725 2818 786 2884 heo
802 2821 969 2883 tricesima.

218 2918 223 2925 ’
292 2930 428 3011 Populus
444 2941 525 2994 terre
540 2931 605 3013 regi
620 2930 694 2993 iacit
707 2931 822 2994 uictum
838 2917 1021 3014 plenarium.
