2798 4764
187 322 251 386 bdt
336 328 931 389 commemoraremus.
972 323 1063 391 im

189 491 342 555 minutum
365 490 424 557 isit
445 490 613 557 concilium
633 492 859 574 suuadietuus,
880 492 1079 576 pontificatus
1103 496 1218 578 prelati

186 601 375 667 sanctissimi
396 602 492 685 patris
510 602 628 669 demini
648 601 766 669 Nicolai
789 622 871 686 pape
885 605 936 667 ΠΙ.
958 622 1043 669 anuo
1061 607 1217 671 secundo.

269 713 315 796 (ll
338 714 420 790 Quia
440 715 521 779 sicut
538 714 650 797 prelati
664 735 807 798 quosque
828 717 887 779 sibi
905 716 1045 783 subditos
1064 719 1217 802 dignitate

189 838 221 893 et
245 827 429 891 auctoritate
454 826 645 908 precellunt,
674 827 717 891 its
739 827 890 900 moribus,
921 828 1001 901 uita,
1032 828 1156 904 babitu,
1184 840 1217 895 ct

187 936 435 1003 conuersacione
452 937 593 999 honestis
615 938 805 1019 precellere,
841 947 871 1001 et
893 940 1063 1020 precedere
1086 941 1217 1017 debent,

188 1052 318 1117 eosdem
333 1070 403 1112 cum
419 1069 528 1112 eorum
543 1049 607 1113 nita
627 1050 653 1112 si
672 1050 712 1114 sit
725 1051 826 1125 bona,
847 1051 1024 1133 etamplius
1038 1052 1065 1114 si
1079 1053 1119 1115 sit
1134 1053 1216 1116 mala

186 1165 329 1228 trabatur
353 1182 371 1224 a
397 1161 528 1224 subditis
553 1162 584 1225 in
611 1163 806 1245 exemplum,
834 1165 1014 1237 statuimus,
1044 1166 1130 1248 quod
1156 1166 1215 1246 ipsi

187 1274 301 1358 prelati
320 1291 470 1339 amousm
490 1283 523 1337 et
547 1280 708 1337 toasomm
733 1275 917 1356 parentibus
936 1277 1065 1341 omnino
1085 1277 1215 1353 auribus

187 1389 371 1453 circularem
392 1388 478 1450 iuxta
497 1386 690 1469 regularium
711 1404 769 1449 seu
792 1386 1011 1469 religiosorum
1032 1389 1215 1470 generalem

185 1500 445 1565 consuetudinem
467 1498 686 1582 approbatam,
713 1518 785 1561 oum
808 1498 894 1561 nulla
912 1497 1022 1581 religio
1045 1499 1214 1581 pontificali

187 1613 338 1694 religione
359 1611 400 1674 sit
419 1612 529 1682 maior,
550 1609 590 1672 de
612 1619 717 1674 cetero
739 1609 899 1684 deterant,
920 1611 959 1673 ab
974 1610 1059 1673 omni
1079 1631 1213 1675 excessu

186 1723 220 1787 is
240 1722 370 1805 capillis,
391 1730 422 1783 et
443 1720 570 1784 deiectu
591 1720 720 1784 notabili
740 1721 773 1783 iu
796 1741 932 1797 corone,
955 1723 1097 1803 protinus
1119 1723 1214 1787 absti-

186 1841 316 1906 nemea,
336 1831 418 1895 deut
430 1831 515 1894 enirn
529 1839 693 1895 seruantes
706 1831 739 1893 in
754 1832 900 1914 predictis
920 1832 981 1894 sibi
1001 1832 1145 1896 subditos
1156 1853 1214 1917 po-

186 1950 292 2009 terunt
304 1943 488 2029 reformare.

268 2053 319 2136 (2)
340 2057 487 2119 Preteres
500 2056 665 2120 statuimus
682 2065 716 2119 et
731 2055 925 2131 ordinamus,
944 2057 1031 2138 quod
1045 2055 1158 2139 prelati
1173 2058 1213 2123 de

186 2177 379 2233 ceterorum
401 2167 561 2251 equitant,
582 2166 634 2231 uel
649 2169 747 2231 eciam
761 2168 794 2231 iu
808 2167 934 2250 publico
950 2169 1113 2250 pedestres
1127 2169 1213 2245 ines-

186 2282 281 2355 dont,
311 2280 506 2343 habeantet
529 2278 674 2344 delerant
698 2279 842 2344 ambias
869 2280 957 2343 albas
986 2279 1053 2343 siue
1080 2288 1215 2357 rosetas,

185 2412 264 2475 quas
281 2411 407 2474 semper
425 2391 483 2455 sub
505 2391 614 2474 cappis
634 2390 704 2454 siue
725 2390 898 2465 mantellis,
930 2399 1002 2456 aute
1025 2401 1134 2474 peetus
1160 2392 1214 2457 uel

185 2512 256 2585 post
273 2500 387 2566 collum
406 2502 481 2564 birse
499 2502 574 2564 indo
594 2503 744 2566 connexis
757 2502 918 2576 deterant,
939 2523 1009 2567 cum
1024 2504 1057 2566 iu
1072 2504 1212 2585 publico,

185 2625 217 2680 et
239 2625 328 2679 extra
350 2623 473 2678 recreta
492 2613 699 2679 habitacionis
721 2635 830 2678 eorum
859 2616 944 2697 ipsos
973 2616 1139 2698 contigerit
1165 2618 1213 2679 ire

185 2727 236 2787 uel
255 2735 350 2788 stare.
370 2726 572 2807 prohibemus
590 2734 696 2791 autem
718 2746 757 2788 ne
777 2726 837 2808 ipsi
852 2727 963 2808 prelati
977 2727 1016 2789 de
1032 2737 1139 2790 cetero
1155 2729 1212 2791 de·

184 2837 288 2900 ierant
307 2836 358 2900 uel
378 2836 516 2898 habeant
536 2812 709 2909 mantellas,
731 2856 803 2899 curn
820 2837 935 2919 quibus
953 2838 1105 2901 hactenus
1121 2839 1213 2922 equi·

183 2957 266 3021 tare,
288 2956 321 3010 et
335 2965 414 3029 quos
435 2955 467 3010 et
486 2946 519 3009 in
533 2946 669 3028 propriis
688 2956 721 3011 et
742 2948 851 3012 alienis
866 2948 1016 3031 hospiciis
1029 2970 1093 3013 non
1108 2951 1209 3015 solum

183 3079 289 3123 eoram
312 3058 436 3123 famulis
456 3058 535 3131 suis,
555 3059 612 3121 sed
633 3059 733 3122 eciam
755 3079 860 3129 corsus
885 3060 954 3124 aliis
977 3072 1212 3127 consueuerant

183 3171 318 3235 deterre.
338 3170 545 3253 permittimus
559 3178 663 3233 autem
675 3171 761 3252 qood
776 3171 898 3252 possint
910 3171 1028 3237 habere
1043 3173 1210 3239 mantellos

181 3285 334 3349 rotundos
348 3284 416 3348 siue
430 3283 579 3347 sehardus
593 3283 796 3366 longitudinis
811 3284 990 3360 moderate,
1018 3305 1137 3368 eosque
1152 3287 1210 3355 da

181 3396 265 3467 farre
286 3416 356 3459 eum
379 3396 516 3477 capuciis
534 3396 687 3478 separatis
705 3396 746 3460 sb
760 3397 807 3460 eis
825 3405 967 3479 ternpore
982 3397 1141 3479 pluuioso,
1159 3401 1209 3467 ni·

182 3526 260 3570 noso
279 3528 336 3571 seu
357 3508 518 3588 pruinoso,
538 3515 569 3570 et
590 3526 662 3570 cum
683 3507 722 3570 sd
741 3507 909 3582 exereitus,
927 3529 984 3571 seu
1000 3509 1209 3585 coriaeioues,

181 3626 235 3681 aut
254 3617 479 3699 expediciones
502 3636 543 3679 cs
564 3619 658 3681 certis
677 3627 711 3682 et
734 3619 922 3691 necessariis
945 3620 1045 3683 causis
1068 3640 1087 3683 a
1107 3622 1208 3685 sacris

180 3729 351 3792 canonibus
371 3728 498 3791 minime
518 3731 693 3812 reprobatis
714 3750 768 3794 eos
786 3731 952 3814 contigerit
964 3733 1132 3814 proticisci.
1157 3733 1208 3796 in-

179 3858 275 3922 super
295 3839 496 3921 probibemus
520 3861 561 3904 ne
585 3841 714 3924 prelati,
739 3843 789 3907 uel
813 3841 1018 3907 ecclesiarum
1040 3844 1210 3909 cathedra·

177 3951 254 4015 liuns
267 3952 429 4026 maurici,
449 3961 503 4016 aut
522 3952 619 4036 aliqui
640 3954 692 4019 alii
713 3955 747 4017 in
766 3955 981 4036 personalibus
1000 3956 1208 4038 dignitatibus

177 4084 235 4128 seu
248 4064 280 4128 in
293 4064 393 4127 sacris
404 4064 565 4130 ordinibus
575 4067 735 4131 constituti
745 4066 896 4150 deinceps
911 4068 970 4132 sub
981 4067 1137 4133 mantellis
1151 4071 1208 4137 nel

176 4175 286 4263 cappis
306 4196 364 4261 pro
389 4183 538 4262 paratura
564 4178 670 4247 uarios
691 4196 944 4265 queruncanue
968 4179 1108 4246 colorum
1133 4181 1207 4253 sius
