2798 4764
216 320 289 387 ’338
466 340 499 390 s.
513 339 656 387 mursam
676 338 765 386 neers
788 337 952 386 oacuermu
974 339 1006 386 u.

227 495 254 558 si
269 515 412 558 auserem
428 495 478 558 uei
494 495 629 577 gatiuam
645 495 763 557 furatus
779 495 881 569 suerit,
897 495 1080 557 monoculus
1094 493 1257 568 efficiatur,

228 617 260 671 et
274 608 358 690 quod
374 608 493 669 furatus
509 617 556 669 est
570 608 689 669 reddat.

313 717 379 798 (11)
401 720 444 780 De
461 725 540 798 [orto
562 722 739 780 clericorum.
786 719 871 780 Ordo
888 708 1039 781 clericalis
1062 719 1087 781 si
1111 739 1255 782 auserem

229 841 261 896 et
281 831 444 914 gallinam,
467 841 520 894 aut
542 853 635 913 poma
656 831 708 893 uel
723 832 779 914 hys
794 832 905 893 similia
920 832 1040 894 furatus
1056 832 1165 904 suerit,
1187 853 1258 893 sco-

229 945 277 1027 pis
293 954 444 1007 tantuma
461 946 607 1023 magistro
623 945 807 1025 corrigatur,
837 945 892 1006 sed
909 946 994 1025 quod
1009 944 1129 1007 furatus
1145 954 1192 1007 est
1208 967 1259 1007 rev

216 1058 343 1121 stimat.
367 1057 466 1117 maius
482 1056 539 1137 hys
554 1057 579 1116 si
595 1056 714 1116 furatus
730 1055 836 1128 suerit,
858 1057 896 1117 ab
912 1056 1059 1137 episcopo
1076 1077 1133 1117 suo
1146 1058 1257 1138 degra-

231 1168 322 1231 detur
338 1176 368 1230 et
383 1168 497 1229 iudicio
514 1166 634 1249 uulgari
650 1168 826 1250 damnetur.

313 1277 379 1359 (12)
401 1280 445 1340 Dr
459 1282 546 1340 tidero
566 1281 599 1339 in
616 1283 695 1358 [orto
711 1293 833 1360 reperto.
878 1281 1002 1361 Siquis
1023 1281 1101 1342 liber
1116 1282 1145 1342 X
1161 1282 1258 1343 doua-

230 1391 347 1452 riorum
367 1391 506 1472 precium
528 1390 647 1452 furatus
669 1390 777 1464 suerit,
799 1391 915 1453 furtum
939 1393 1109 1454 duodecies
1132 1394 1258 1465 reddat,

231 1513 263 1566 et
276 1523 371 1565 utrum
388 1503 502 1563 bouem
519 1501 686 1583 persoluat.
716 1522 827 1564 seruus
842 1512 947 1565 autem
963 1504 988 1566 si
1005 1503 1064 1565 tale
1081 1503 1196 1565 furtum
1213 1504 1260 1564 se·

232 1616 324 1688 cerit,
354 1613 482 1695 duplum
504 1616 616 1677 reddat
639 1624 670 1677 et
692 1634 798 1676 nasum
820 1616 949 1677 amittat.
975 1637 1084 1678 seruus
1108 1616 1257 1697 profugus

137 1741 139 1744 '
231 1727 258 1790 si
273 1725 385 1787 alicubi
401 1726 432 1786 in
448 1725 529 1786 surto
546 1726 761 1807 deprehensus
777 1726 871 1789 fuerit
886 1729 1062 1789 obcecetur.
1085 1729 1116 1790 et
1131 1728 1203 1789 ideo
1219 1748 1259 1788 ue

232 1838 441 1919 suspendatur
452 1858 510 1899 nec
521 1838 626 1919 lingua
638 1839 838 1900 abscindatur
849 1839 1056 1912 decernimus,
1068 1848 1101 1900 ut
1112 1840 1136 1900 si
1150 1849 1260 1920 postea

232 1952 377 2015 domiuus
391 1970 466 2012 suus
482 1970 551 2012 eum
567 1950 735 2024 inuenerit,
756 1951 895 2032 requirat
909 1972 966 2032 per·
981 1972 1053 2012 eum
1068 1952 1260 2033 siquidper-

233 2064 321 2126 didit.

317 2173 384 2256 (13)
411 2175 444 2237 Ut
461 2177 533 2237 nota
547 2176 762 2254 neqociotorum
777 2177 861 2236 liceat
876 2195 967 2236 emero
980 2179 1026 2236 oet
1040 2178 1161 2237 uendere
1175 2197 1261 2256 equor

232 2291 279 2350 oct
300 2291 383 2350 boues
404 2288 464 2350 uisi
485 2300 627 2367 quantum
647 2289 672 2347 ei
693 2308 801 2349 neccsse
820 2290 909 2366 faerit
932 2290 1101 2368 capitatum.
1153 2288 1261 2349 Nullus

233 2412 390 2463 mercator
410 2401 441 2462 iu
463 2400 567 2481 atiquo
582 2399 675 2461 huius
699 2409 781 2462 terre
797 2400 933 2461 confinio
948 2420 1063 2481 equum
1079 2408 1131 2461 aut
1146 2400 1261 2461 bouem

233 2514 374 2576 uendere
390 2511 441 2575 uel
456 2531 559 2575 emere
576 2520 748 2591 presumat,
770 2512 826 2573 sed
841 2530 956 2591 equum
971 2510 1169 2572 solummodo
1185 2507 1259 2570 sibi·
1312 2494 1324 2518 ⁶

233 2631 298 2685 met
313 2625 351 2685 ad
367 2622 605 2703 expedicionem
621 2623 849 2695 necessarium,
871 2630 925 2683 aut
940 2623 1037 2684 boues
1053 2623 1091 2683 ad
1108 2622 1259 2683 arandum

234 2745 322 2816 aptos
339 2735 364 2795 si
379 2735 514 2795 uoluerit
529 2743 620 2796 emat.

315 2843 379 2925 (a)
401 2846 445 2906 Dc
460 2847 629 2908 oeudiciono
647 2868 785 2926 equorum
806 2851 852 2908 oet
873 2850 955 2908 boam
977 2850 1039 2910 siae
1053 2850 1185 2910 licencia.
1230 2846 1260 2908 Si

235 2956 303 3040 quis
320 2978 434 3038 equum
451 2959 490 3019 ad
507 2959 707 3020 ueudcudum
724 2959 790 3020 siue
806 2959 935 3021 iiceueia
951 2960 1033 3040 regis
1049 2962 1079 3022 iu
1092 2960 1260 3023 coutiuium

234 3070 371 3142 duxerit,
394 3091 494 3151 equus
515 3070 553 3130 ab
575 3070 715 3131 eiusdem
739 3069 864 3132 coufiuii
887 3072 998 3133 comite
1020 3073 1189 3144 auferatur,
1211 3072 1262 3133 uel

235 3183 308 3263 equi
332 3183 474 3243 domiuus
496 3181 526 3242 iu
550 3201 707 3243 carcerem
727 3182 875 3255 mittatur,
898 3183 998 3244 donec
1015 3184 1192 3245 testimonio
1209 3202 1263 3242 co-

234 3294 316 3356 mitis
331 3294 379 3356 sui
394 3292 626 3373 comprobetur.
659 3301 690 3354 et
703 3292 729 3354 si
746 3314 817 3354 reus
834 3294 971 3356 extiterit
985 3296 1065 3356 sicut
1080 3295 1128 3355 sur
1143 3303 1262 3375 pereat,

234 3406 282 3468 siu
298 3412 401 3466 autem
424 3404 503 3466 liber
518 3412 548 3465 et
562 3424 671 3485 sospes
686 3404 816 3478 euadat,
838 3413 869 3467 et
883 3425 998 3487 equum
1015 3428 1108 3488 quem
1133 3406 1264 3468 adduxit

236 3517 363 3580 amittat.

319 3627 387 3708 (15)
410 3630 452 3689 De
472 3631 643 3708 privacione
664 3629 784 3691 honoris
807 3631 954 3692 comitum.
1006 3629 1142 3691 Comites
1167 3628 1264 3689 coufi-

236 3740 358 3803 uiorum
375 3741 399 3800 si
416 3759 514 3820 equos
531 3741 581 3801 uel
596 3742 693 3803 boues
708 3743 788 3803 uitra
808 3742 887 3804 fines
908 3741 1001 3802 huius
1027 3741 1123 3822 patrie
1146 3741 1213 3800 siue
1229 3740 1264 3800 ii·

237 3850 345 3913 ceucia
365 3850 447 3931 regis
469 3849 564 3911 ueudi
585 3853 800 3932 permiserint,
823 3851 986 3913 comitatus
1001 3850 1120 3912 honore
1135 3850 1265 3931 priueu-

236 3972 295 4026 tur.
324 3964 471 4026 custodes
491 3984 567 4046 ergo
583 3964 805 4036 confiniorum,
827 3963 880 4046 qui
895 3963 987 4043 uulgo
1003 3963 1085 4024 Ewri
1103 3975 1265 4037 uocantur,

236 4077 263 4140 si
279 4077 398 4158 absque
415 4076 551 4139 sciencia
571 4076 720 4139 comitum
741 4077 802 4140 tate
819 4075 895 4159 quid
917 4077 1150 4150 consenseriut,
1172 4075 1265 4139 iiber-

237 4197 333 4257 tatem
357 4189 497 4252 amittant
519 4188 545 4251 si
567 4208 721 4274 pauperes
744 4188 870 4253 suerint.
902 4186 962 4251 ittis
981 4210 1059 4252 uero
1083 4191 1265 4254 custodibus
