2798 4764
160 350 489 413 ssumnrrrnsau
502 365 736 414 memsancorr
749 347 1102 415 antonomum
1125 347 1185 414 sor

159 530 248 603 parte
268 521 385 584 inserte
405 530 437 584 et
450 523 565 604 scripte
584 521 789 596 habebantur,
811 530 841 585 et
855 542 951 604 quam
965 523 1187 604 grauissimum

159 642 225 697 erat
236 641 267 695 et
278 633 480 708 laboriosum,
491 636 553 696 imo
565 635 776 716 periculosum
788 643 832 697 tot
844 635 1007 717 priuilegia
1019 635 1143 699 deferre
1153 635 1187 698 in

157 747 280 808 uiarum
295 744 484 820 discrimine,
501 749 621 830 etquis
636 749 734 810 eciam
749 748 886 829 quedam
901 755 1035 820 uetusta,
1049 748 1187 828 quedam

160 876 312 939 aquarum
334 858 551 920 madidacione
570 877 609 921 ex
625 859 743 921 eisdem
759 859 1038 940 corrumpebantur
1051 867 1084 920 et
1098 859 1188 922 uidc-

157 968 272 1030 bantur
286 968 425 1030 breuiter
439 967 597 1041 annulari,
618 969 747 1033 racione
762 968 908 1052 equitatis
923 971 1074 1051 quasdam
1091 969 1188 1032 iiber·

157 1086 237 1142 tates
248 1098 286 1140 ex
295 1080 522 1144 donacionibus
533 1081 573 1143 de
584 1080 703 1144 eisdem
716 1079 811 1142 literis
824 1079 1067 1162 priuilegiatibus
1078 1085 1186 1143 sancte

159 1189 378 1272 strigoniensis
396 1190 531 1253 ecclesie
547 1199 703 1273 perpetuo
715 1190 813 1253 factas
830 1199 861 1252 et
874 1210 1054 1264 concessas,
1076 1191 1115 1253 ad
1130 1211 1187 1254 ue·

158 1300 306 1363 nerabitis
320 1300 417 1382 patris
432 1301 551 1363 domini
566 1300 700 1383 Phitippt
723 1301 951 1382 archiepiscopi
965 1302 1186 1384 strigoniensis

157 1410 325 1473 instantem
338 1411 530 1493 peticionem
550 1420 582 1475 et
595 1411 708 1475 iustam
727 1410 1009 1494 supplicacionem,
1030 1413 1069 1475 dc
1084 1411 1187 1475 consi·

158 1523 200 1586 lio
223 1523 349 1585 domine
371 1524 469 1585 biario
493 1522 648 1585 consortis
670 1531 778 1585 nostre
799 1523 982 1585 charissime
1007 1524 1133 1605 regine,
1154 1530 1186 1586 et

159 1634 310 1696 baronum
332 1643 512 1698 nostrorum
530 1633 563 1695 in
584 1642 726 1696 nostrum
740 1633 940 1716 priuilegium
959 1622 1108 1716 tanuam
1124 1634 1188 1696 ori·

159 1744 261 1825 ginaie
276 1744 372 1807 inseri
386 1744 516 1807 fecimus
530 1752 563 1806 et
576 1745 758 1819 transcribi,
778 1753 814 1807 ut
826 1747 852 1807 si
867 1745 1007 1827 predicta
1020 1743 1187 1828 priuilegia

158 1863 313 1919 uetustate
338 1864 596 1918 consummantur
618 1856 670 1917 uel
691 1875 765 1919 casu
783 1857 986 1940 contingente
1005 1858 1188 1938 perdantur,
1212 1871 1214 1874 ’

159 1988 255 2049 super
280 1967 427 2048 predictis
453 1967 598 2030 omnibus
625 1976 766 2029 nostrum
796 1967 992 2050 priuilegium
1018 1988 1076 2049 pro
1101 1966 1187 2032 tottii

160 2079 304 2162 originali
327 2079 489 2151 habeatur,
511 2098 551 2140 ne
572 2079 603 2140 id
619 2079 705 2160 quod
720 2079 817 2142 semei
831 2080 892 2142 deo
907 2081 1044 2142 dicatum
1060 2090 1125 2154 est,
1146 2081 1187 2144 ad

161 2191 309 2272 profanos
330 2209 408 2252 usus
427 2197 604 2252 reuocetur.
633 2209 767 2270 quarum
787 2190 915 2271 quidem
935 2190 1110 2253 libertatem
1123 2209 1188 2255 una

160 2302 219 2364 bac
232 2311 296 2365 ast:

242 2414 299 2487 (1)
321 2413 407 2495 quod
421 2413 524 2476 nultus
538 2413 675 2475 iudicum
690 2413 776 2474 curie
792 2421 898 2475 nostre
912 2412 963 2475 uei
978 2412 1188 2493 palatinorum

159 2521 249 2605 regni
269 2523 385 2597 nostri,
405 2544 462 2588 seu
482 2523 663 2606 quicunque
685 2521 816 2585 comites
838 2523 890 2584 uel
910 2523 1029 2584 iudices
1044 2541 1189 2604 quocun·

160 2654 222 2716 que
251 2634 377 2697 nomina
400 2636 619 2708 nominentur,
650 2634 785 2717 populos
807 2632 939 2696 ecclesie
963 2634 1188 2716 strigoniensis

160 2744 421 2820 condicionarios,
442 2746 625 2828 iobagiones
639 2766 714 2810 suos
730 2745 895 2808 uniuersos
910 2747 1050 2809 iudicare
1062 2745 1189 2810 ualeant

159 2857 210 2921 uei
226 2865 421 2941 presumant,
442 2860 501 2922 sed
515 2858 656 2921 eiusdem
672 2859 804 2922 ecclesie
818 2858 1040 2941 strigoniensis
1058 2858 1189 2934 iudices,

160 2971 309 3035 uidelicet
328 2971 486 3053 palatinus
500 2991 577 3034 suus
593 2972 645 3034 uel
658 2972 756 3034 iudex
768 2971 856 3034 curie
871 2991 943 3044 sue,
965 2979 1019 3034 aut
1032 2970 1188 3035 terrestris

160 3101 265 3146 comes
287 3101 345 3164 per
359 3082 632 3165 archiepiscopum
647 3084 804 3165 deputati,
824 3083 856 3144 in
872 3082 1016 3144 omnibus
1039 3082 1142 3143 causis
1155 3087 1189 3146 st

164 3215 272 3257 earum
288 3194 427 3257 articulis
441 3194 635 3258 iudicabunt.

245 3308 305 3378 (2)
326 3307 404 3369 item
418 3305 569 3370 decimam
588 3315 708 3385 partem
723 3306 763 3368 de
785 3305 909 3368 urburis
932 3300 1188 3384 prouenientibns

162 3415 249 3496 regie
265 3415 417 3480 maiestati
435 3418 591 3499 percipiet
605 3417 862 3500 archiepiscopus
876 3412 1113 3494 strigoniensis,
1134 3411 1189 3493 (μ’

162 3524 257 3588 fuerit
269 3546 327 3607 pro
341 3535 483 3609 tempore
498 3549 553 3610 per
568 3535 666 3590 totum
686 3546 817 3609 regnum
831 3523 1002 3605 Hungarie.

244 3638 302 3713 (3)
323 3639 400 3702 item
415 3639 556 3702 similiter
572 3639 726 3701 decimam
740 3644 862 3719 partem
877 3634 1029 3717 percipiet
1041 3633 1126 3697 idem
1138 3653 1190 3698 ar·

160 3751 379 3834 obiepiscopus
388 3761 462 3816 ante
472 3751 579 3813 omnia
589 3751 628 3812 de
639 3749 791 3812 fructibus
802 3766 1007 3820 camerarum,
1021 3765 1078 3828 pro
1089 3765 1190 3827 quan·

161 3872 319 3946 tacunque
341 3863 476 3946 pecunia
498 3870 647 3945 poterunt
667 3861 782 3934 locari,
818 3858 958 3940 exeeptis
978 3857 1191 3941 ponderibus,

162 3996 225 4058 qne
240 3975 427 4039 officialibus
442 3973 671 4056 archiepiscopi
687 3991 744 4055 pro
758 3968 939 4034 ferramenti
956 3968 1098 4034 custodia
1116 3974 1192 4033 sunt

164 4090 323 4172 deputata.

246 4201 307 4277 (t)
328 4202 405 4265 item
419 4199 562 4264 similiter
575 4198 616 4262 de
630 4197 804 4282 pecudibus
825 4203 857 4260 et
877 4194 1047 4280 pecoribus
1063 4193 1190 4276 exigen-
