2798 4764
217 350 281 420 U
416 345 592 418 mioniae
612 366 736 415 emmau
756 362 943 415 mammea
970 347 1047 434 (ab).

218 524 308 589 datas
320 524 487 597 irruentes,
506 518 574 586 illae
589 526 823 605 expugnarunt,
845 531 876 586 et
889 521 922 584 in
936 519 1071 585 insulam
1084 523 1249 599 intrantes,

218 654 284 699 nnn
296 635 486 698 inuenerunt
506 631 643 714 aliquem
658 633 698 695 de
712 632 827 696 neside
841 633 896 715 qui
915 633 1059 716 sagittam
1075 634 1250 709 emitteret,

219 747 273 811 uel
295 746 328 808 in
349 764 432 828 equo
453 744 506 807 uel
524 744 659 826 pedibus
679 742 791 807 obuius
810 742 869 808 illis
889 744 981 806 ieret.
1003 762 1066 827 que
1080 751 1113 808 et
1126 745 1250 827 qualia,

220 866 297 942 quot
316 866 348 920 et
361 864 478 939 quanta
500 855 608 939 iniqua
626 856 669 918 lbi
685 857 717 918 el
731 855 870 918 crudelia
883 863 1162 938 perpetrauernnt,
1182 876 1248 921 non

219 967 320 1032 solum
338 967 420 1030 uisui
435 973 542 1030 essent
554 966 718 1041 terribilia,
739 967 796 1030 sed
811 964 1089 1049 perhorrescerent
1101 967 1248 1032 homines

219 1079 338 1143 audire.
369 1086 401 1141 et
414 1078 528 1141 exinde
542 1076 650 1160 spoliis
664 1077 841 1159 asportatis,
862 1077 1021 1140 denudata
1035 1077 1202 1142 mulierum
1216 1087 1248 1144 et

82 1241 87 1249 ,
218 1190 382 1255 bominum
401 1206 550 1271 eorpora,
571 1189 707 1271 quedam
727 1188 881 1252 frustatim
903 1188 1020 1262 diuisa,
1041 1185 1178 1272 quedam
1199 1190 1248 1253 ln·

219 1310 312 1387 tegra
324 1309 552 1365 remanserunt.
582 1309 614 1365 et
627 1315 699 1363 eum
714 1300 855 1382 plurimi,
876 1300 931 1382 qul
944 1298 1158 1376 latitauerant,
1179 1302 1249 1384 opi⁴¹

218 1421 379 1488 narentur,
399 1431 456 1477 eos
473 1421 544 1496 pest
558 1414 642 1477 diem
656 1414 789 1477 tercium
803 1411 987 1486 reeessisse,
1007 1432 1067 1495 pro
1081 1413 1248 1496 aequitem·

218 1525 268 1590 ‹lia
282 1525 469 1588 nietualibua
488 1540 651 1588 recursum
672 1524 713 1587 ad
735 1522 870 1586 insulam
890 1523 1086 1599 babuerunt,
1106 1533 1139 1588 et
1153 1539 1248 1589 oeen-

218 1637 282 1719 pati
296 1655 315 1699 a
330 1635 478 1710 Tartaris,
499 1633 554 1718 qui
569 1655 603 1699 ee
618 1635 661 1698 ibi
675 1634 919 1709 absconderant,
940 1634 1120 1716 paucissimi
1136 1652 1247 1699 euaee«

219 1753 303 1810 runt.
334 1765 395 1830 ego
419 1764 497 1810 uero
520 1765 579 1828 per
603 1747 712 1822 siluae,
743 1754 890 1829 tanquam
915 1745 1078 1829 profugus,
1107 1747 1246 1810 omnium

220 1857 387 1922 destitutus
401 1857 527 1932 auxilio,
551 1856 786 1933 mendieabam,
807 1865 840 1921 et
852 1858 901 1920 oui
916 1876 1029 1941 magna
1042 1859 1247 1935 donaueram,

219 1968 275 2034 nix
298 1969 375 2032 mibi
400 1968 632 2052 eleemosynam
657 1969 850 2054 porrigebat,
881 1971 923 2036 ita
948 1971 1033 2054 quod
1058 1973 1247 2036 neeeeaitate

218 2081 310 2145 lamis
332 2088 363 2144 et
377 2081 443 2144 sitis
458 2101 508 2143 me
523 2080 627 2144 aerius
643 2090 848 2165 perurgente,
869 2082 908 2146 de
929 2090 1021 2146 noete
1036 2082 1247 2166 compellebar

218 2192 335 2257 intrare
357 2193 509 2268 insulana,
530 2200 563 2257 et
582 2212 716 2277 eorpora
737 2205 882 2259 euertere
903 2203 1116 2271 mortuorum,
1142 2203 1177 2260 ut
1197 2214 1247 2260 ee-

218 2305 337 2389 pultam
352 2305 484 2369 iarinnm
499 2313 531 2369 et
543 2322 656 2370 carnea
669 2308 710 2370 ad
723 2322 812 2371 esum
828 2305 919 2382 milri,
939 2304 993 2369 nel
1007 2307 1092 2370 aliud
1104 2305 1251 2371 comesti·

217 2415 281 2481 bile
305 2416 493 2480 inuenirem.
524 2423 556 2481 et
577 2418 618 2480 de
641 2425 732 2481 noete
754 2417 907 2501 quidquid
928 2415 1131 2481 inueniebam
1154 2417 1249 2482 idad

217 2528 314 2592 siluas
336 2527 460 2612 longius
483 2531 694 2610 reportabam.
726 2550 745 2593 o
765 2529 916 2594 attendite
942 2537 973 2592 et
998 2529 1125 2604 uidete,
1154 2548 1249 2614 quam

217 2635 271 2700 illa
287 2638 424 2718 pessima
439 2637 506 2700 uita
520 2647 597 2702 erat.
625 2648 698 2721 post
717 2639 873 2703 decimum
895 2640 948 2703 uel
962 2641 1149 2723 trigesimum
1165 2640 1248 2704 diem

218 2745 335 2810 intrani
349 2746 499 2822 insulam,
521 2757 666 2812 euertere
681 2767 815 2833 corpora
829 2759 1033 2815 mortuorum.
1055 2758 1190 2834 quantus
1203 2750 1248 2815 ibi

220 2866 344 2941 poterat
357 2877 427 2922 esse
442 2858 554 2934 luctus,
575 2868 710 2942 quantus
725 2862 767 2922 lbi
781 2869 905 2943 poterat
919 2880 989 2926 esee
1004 2864 1097 2939 letor,
1110 2873 1246 2948 quantus

219 2978 343 3052 poterat
363 2988 433 3033 esse
454 2970 557 3046 timor,
586 2970 753 3035 aduertite.
782 2992 847 3036 non
869 2975 1050 3051 esthemo,
1071 2983 1106 3041 ut
1127 2977 1250 3061 opinor,

219 3079 381 3164 quitantia
395 3081 428 3144 in
442 3081 580 3145 animam
594 3083 731 3147 reductis
746 3098 898 3167 penarum
912 3089 1092 3169 generibus,
1106 3106 1172 3151 non
1185 3097 1249 3153 ter-

218 3200 353 3258 reretur.
373 3192 538 3275 opertebat
551 3214 601 3257 me
612 3194 757 3259 inuenire
768 3214 930 3273 cauernae,
943 3198 997 3262 uel
1008 3196 1120 3265 ioueae
1131 3198 1248 3274 iaeere,

219 3303 271 3368 uel
292 3304 422 3368 arborea
437 3324 571 3388 querere
590 3306 782 3389 perforatae,
803 3307 929 3392 inques
951 3329 1001 3372 me
1022 3328 1148 3394 possem
1169 3310 1250 3374 reci·

219 3436 309 3499 pere,
325 3436 395 3481 eum
410 3416 455 3480 illi
471 3418 655 3482 densitatem
669 3421 830 3503 ueprium,
845 3440 943 3505 opaea
957 3440 1138 3497 tremorum,
1152 3439 1249 3504 aqua·

219 3546 288 3590 rurn
303 3529 471 3610 profunda,
486 3530 605 3594 intimia
618 3530 838 3608 solitudinum,
852 3542 1000 3618 tanquam
1015 3552 1110 3597 eanea
1123 3531 1247 3611 lepores

160 3718 165 3724 ι
218 3646 251 3702 et
270 3657 363 3722 apros
383 3641 624 3725 inuestigantea,
645 3658 832 3727 percurrere
846 3645 1048 3708 uidebantur.
1076 3641 1171 3704 siluae
1190 3638 1246 3700 bas

217 3767 277 3833 per
291 3768 432 3815 mensem
451 3759 484 3816 et
504 3753 638 3837 amplius
658 3754 854 3838 quesierunt,
883 3761 916 3816 at
932 3768 1003 3814 enm
1022 3769 1080 3834 per
1093 3749 1162 3833 ipsa
1177 3749 1248 3813 loca

218 3863 353 3948 populos
373 3866 564 3950 nequierant
586 3863 769 3929 interimere
793 3863 976 3940 uniuersos3
1003 3880 1040 3926 ae
1063 3862 1104 3926 ad
1127 3878 1247 3926 nouum

146 3989 153 3997 ·
218 3993 322 4061 genna
335 3977 455 4045 itandis
467 3977 572 4043 taliter
584 3984 819 4043 memorant.
