2798 4764
305 1102 440 1188 tttttut
471 1084 656 1186 tutatuta
688 1096 1156 1189 utututttttttttsttttsts

626 1287 846 1380 VITA

216 1469 567 1548 §Molendum
591 1501 619 1549 s.
640 1470 878 1546 ANBREAE
891 1468 1248 1546 CONFttssoltts

325 1626 379 1689 ar
394 1624 607 1689 nauantem
628 1624 842 1700 ueniants,
863 1624 1138 1688 nnamrmuu.

537 1796 561 1848 E
578 1795 656 1848 Surio
673 1796 706 1847 sd
721 1795 787 1848 diem
807 1797 828 1848 l.
844 1796 916 1849 atati.

299 2081 343 2165 ll)
374 2085 530 2167 Tempore
564 2083 618 2147 illo
644 2105 707 2167 quo
741 2085 799 2146 sub
825 2082 1072 2146 christianissimi
1097 2080 1246 2164 Stephani

215 2195 299 2280 regis
315 2204 408 2270 nutu,
429 2216 544 2260 nomen
559 2203 590 2259 et
605 2195 716 2280 religio
732 2196 855 2258 deitatis
870 2196 902 2257 in
915 2195 1075 2257 Pannonia
1090 2194 1176 2258 rudis
1192 2194 1248 2256 ad·

215 2307 276 2370 bue
292 2306 479 2391 pullulabat,
502 2308 607 2372 audita
632 2308 715 2371 lama
738 2307 812 2370 beni
834 2306 976 2381 rectoris,
999 2306 1085 2370 multi
1101 2326 1140 2370 ex
1154 2306 1245 2369 terris

216 2420 283 2483 aliis
298 2422 439 2485 canonici
461 2430 492 2486 et
511 2420 657 2486 menuebi
681 2422 719 2484 ad
735 2421 855 2504 ipsum,
876 2421 965 2502 quasi
981 2420 1020 2483 ad
1035 2427 1155 2502 patrem
1171 2440 1246 2482 eon-

214 2531 370 2604 fluebant,
399 2551 464 2592 nun
483 2532 610 2614 quidem
635 2531 766 2594 alicuius
790 2551 884 2594 causa
908 2530 1101 2594 necessitatis
1126 2530 1245 2603 coacti,

214 2641 272 2704 sed
292 2649 326 2703 ut
346 2661 463 2703 nouum
489 2651 596 2705 sancte
620 2640 874 2704 conuersacionis
898 2642 1046 2723 gatrdium
1072 2661 1110 2703 ex
1133 2659 1243 2703 eorum
1324 2656 1326 2661 ·

214 2760 374 2813 conuentu
394 2751 627 2834 adimpleretur.
660 2753 741 2815 inter
756 2771 836 2834 quos
854 2752 980 2835 quidam
1004 2751 1103 2813 saneti
1117 2750 1244 2831 spiritus

213 2863 362 2926 instinctu
385 2871 494 2936 tactus,
516 2884 555 2926 ex
577 2864 746 2927 rusticitate
763 2864 851 2947 qumi
874 2884 946 2927 rusa
968 2882 1008 2926 ex
1029 2862 1126 2945 spinis
1148 2869 1245 2937 ortus,

215 2973 341 3036 nemine
357 2975 530 3038 Zeerardus
546 2975 626 3038 hanc
641 2975 672 3038 in
688 2975 819 3054 patriam
834 2976 873 3038 de
888 2986 973 3039 terra
983 2972 1173 3039 Polonerum
1190 2975 1244 3039 ad·

215 3086 316 3159 uenit,
339 3095 369 3149 et
384 3107 401 3148 a
416 3086 561 3169 Philippo
577 3087 705 3161 abbate,
726 3087 814 3148 euius
831 3086 1056 3150 mortasterium
1071 3087 1173 3149 zober
1188 3106 1244 3148 ne·

215 3198 364 3261 minutum
386 3198 417 3261 in
440 3198 584 3261 Nitrieusi
611 3198 767 3261 territorio
791 3197 831 3260 ad
855 3198 1010 3260 bonorem
1036 3219 1061 3260 s.
1084 3196 1244 3278 llippolyti

214 3311 358 3394 martyris
372 3311 465 3372 situm
480 3318 560 3384 erat,
582 3309 689 3372 babitu
705 3316 833 3391 accepte
850 3318 881 3371 et
896 3309 1039 3372 Andreas
1055 3307 1243 3381 nominatus,

90 3418 93 3423 ’
214 3423 405 3487 eremiticam
428 3422 526 3485 uitam
549 3442 644 3506 egere
668 3420 795 3483 studuit.
826 3419 868 3482 ibi
891 3440 967 3483 uero
989 3428 1106 3502 quanta
1128 3418 1245 3481 contri-

213 3532 302 3593 cione
317 3534 421 3595 cordis
437 3542 467 3597 et
481 3535 623 3617 eorporis
638 3531 854 3597 maceraeiene
869 3531 1015 3595 afflixerit
1029 3550 1117 3606 sese,
1140 3551 1178 3593 ex
1191 3551 1242 3594 re·

212 3640 333 3704 lacione
354 3644 498 3726 discipuli
518 3648 586 3708 eius
606 3647 689 3711 beati
711 3643 890 3716 Benedicti,
913 3664 982 3705 eum
998 3662 1037 3705 eo
1053 3662 1243 3707 conuersan·

210 3749 261 3824 tis,
283 3771 344 3833 que
358 3753 483 3828 audiui,
506 3756 613 3837 paucis
635 3757 732 3819 literis
755 3754 905 3816 mandare
929 3752 1068 3815 decreui.
1097 3772 1157 3834 ego
1173 3753 1243 3835 qui-

211 3861 283 3924 dem
298 3862 436 3937 Maurus,
457 3865 518 3928 deo
541 3866 709 3929 miserante
733 3884 816 3928 nune
837 3862 1021 3945 episcopus,
1042 3867 1116 3924 tuuc
1135 3870 1241 3925 auteur

208 3991 291 4057 puer
311 3973 526 4051 scholasticus,
547 3977 649 4039 uirum
670 3980 787 4040 bonum
811 3975 884 4038 uidi.
912 3976 969 4038 sed
985 3993 1045 4058 que
1068 3982 1153 4037 esset
1172 3975 1239 4038 eius

211 4086 415 4151 conuersacie
429 4108 493 4151 non
507 4088 578 4150 uisu
592 4085 649 4151 sed
663 4086 771 4151 auditu
785 4084 925 4172 percepi.
949 4087 990 4149 ad
1005 4093 1146 4150 nostrum
1162 4107 1239 4172 ergo

209 4196 435 4265 monasterium
449 4198 481 4264 in
494 4198 649 4267 bonorem
663 4197 745 4265 beati
761 4195 917 4285 pontilicis
931 4196 1057 4264 Martini
1071 4216 1238 4267 cumeoru-
