2798 4764
305 370 563 419 oomrrrurrosrrs
585 370 720 419 srnoeus
742 369 915 417 ronanus.-
937 350 1029 419 lm.
1116 347 1180 418 508

158 527 269 609 quibus
286 525 338 588 uel
357 547 491 608 persone
506 535 614 590 contra
629 548 707 609 quas
722 527 817 589 luerit
829 526 1017 601 iudicatum,
1045 527 1084 589 ad
1098 526 1180 589 reci·

156 638 301 719 piendam
323 650 355 701 et
375 639 598 702 admittendam
614 638 831 721 exceptionem
850 637 1029 725 huiusmodi
1051 658 1107 719 per
1121 656 1180 720 op·

156 757 287 829 portuno
310 750 451 811 remedia
475 749 712 830 compellantur.
747 769 817 808 cum
842 767 922 829 quos
947 748 997 809 dei
1021 748 1115 809 timor
1137 747 1180 810 dc

155 860 237 922 malo
251 880 314 923 non
331 869 473 935 reuocat,
495 880 576 942 pena
591 860 761 922 cohercere
778 860 892 921 debeat
907 858 1097 939 temporalis.

237 969 304 1052 (57)
325 972 493 1035 Statuimus
515 973 600 1054 quod
622 971 761 1032 uniuersi
784 978 816 1033 et
833 969 946 1051 singuli
966 979 1073 1032 nostre
1094 968 1180 1052 lega-

155 1083 264 1155 cionis,
285 1083 501 1164 cuiuscunque
520 1083 582 1145 sint
602 1081 810 1154 excellencie,
832 1080 990 1163 dignitatis
1005 1090 1057 1144 aut
1071 1089 1181 1155 status,

156 1194 360 1275 temporalem
388 1193 635 1255 iurisdictionem
664 1193 833 1264 babentes,
868 1192 909 1254 ad
936 1193 1180 1273 requisicionenr

157 1305 347 1385 prelatorum
362 1325 418 1367 seu
433 1305 569 1367 iudicum
581 1303 861 1367 ecclesiasticorum
876 1313 983 1367 contra
997 1304 1133 1367 rebelles
1148 1311 1182 1368 at

156 1415 382 1487 inobedientes,
404 1436 459 1479 eos
473 1416 525 1478 uel
539 1434 648 1477 eorum
661 1414 837 1477 sentencias
853 1424 1101 1488 contemnentes,
1122 1433 1183 1478 sen·

158 1545 221 1586 non
235 1534 398 1606 parentes,
420 1525 497 1589 ittae
511 1525 555 1587 rei
570 1526 704 1588 iudicate
719 1528 758 1587 ab
774 1525 819 1587 eis
834 1526 873 1587 de
888 1525 952 1599 bis,
973 1533 1005 1588 et
1019 1545 1115 1606 super
1128 1524 1184 1588 bis-

158 1658 219 1718 que
242 1636 457 1719 principaliter
478 1638 530 1699 uel
554 1637 729 1699 incidenter
751 1637 790 1698 de
816 1637 1043 1699 consuetudine
1067 1635 1119 1699 uel
1140 1638 1180 1700 de

157 1748 223 1809 iuro
246 1750 285 1809 ad
309 1746 425 1822 lorum,
445 1747 710 1821 iurisdictionem,
730 1768 786 1810 seu
802 1748 1018 1830 cognicinnem
1040 1748 1181 1828 ipsorum

156 1869 296 1941 spectare
311 1868 493 1933 noscuntur,
514 1868 697 1922 reuerenter
711 1858 872 1920 brachium
887 1878 943 1920 sue
958 1856 1183 1920 iurisdictionis

155 1970 352 2053 impendant,
374 1970 508 2034 rebelles
532 1979 563 2033 et
581 1970 808 2042 inobedientes,
829 1979 923 2051 atque
946 1990 1009 2031 non
1032 1977 1205 2050 parentes·

154 2080 334 2143 huiusmodi
359 2101 395 2143 ac
416 2081 701 2143 excommunicatos
723 2099 866 2162 quosque
891 2081 931 2141 ab
956 2080 1032 2162 ipsis
1054 2079 1182 2161 prelatis

155 2212 212 2255 seu
227 2192 450 2255 ecclesiasticis
468 2192 623 2253 iudicibus
643 2211 699 2253 seu
714 2190 789 2253 alias
805 2192 844 2253 ab
858 2191 985 2253 bomine
1002 2191 1051 2253 uel
1066 2210 1085 2252 a
1098 2191 1182 2265 ture,

157 2304 259 2366 redire
281 2305 320 2364 ad
340 2303 475 2366 ecclesie
498 2303 647 2365 unitatem
671 2321 707 2364 ac
728 2303 907 2366 satisfacere
929 2323 985 2384 pro
1000 2303 1103 2366 causis
1124 2322 1187 2384 pro·

156 2415 270 2496 quibus
295 2415 639 2477 excommunicaciones
668 2415 846 2477 huiusmodi
874 2416 1091 2488 incurrerunt,
1124 2430 1185 2497 per·

157 2527 400 2606 occupacionem
421 2526 573 2588 bonorum
590 2547 650 2607 que
666 2526 726 2588 sub
740 2545 796 2587 sua
811 2526 1024 2589 iurisdictione
1039 2535 1127 2599 suut,
1148 2535 1181 2590 et

157 2636 215 2700 alia
228 2646 404 2718 opportuna
418 2635 558 2699 remedia
571 2637 799 2718 compellendo.
820 2639 860 2699 ad
872 2637 956 2719 quod
973 2638 1085 2720 prelati
1100 2637 1182 2700 iudi·

156 2769 207 2810 ces
227 2769 282 2828 por
304 2765 467 2809 censuram
490 2745 732 2809 ecclesiasticam
757 2745 994 2829 compellantur·
1021 2749 1080 2830 ipsi
1102 2768 1179 2812 uero

156 2858 266 2940 prelati
282 2868 314 2920 et
327 2857 527 2920 ecclesiastici
543 2857 662 2920 iudices
677 2878 769 2920 uersa
786 2859 854 2919 uice
868 2858 1015 2920 laicorum
1031 2860 1178 2933 iudicum,

154 2992 209 3033 sua
224 2970 435 3033 iurisdictione
449 2970 481 3030 iu
495 2969 554 3041 his,
575 2979 606 3032 et
620 2990 715 3050 super
730 2969 778 3031 bis
793 2990 855 3051 que
871 2970 1029 3031 canonicis
1045 2989 1107 3031 non
1123 2971 1180 3032 ob·

155 3084 283 3145 uenient
297 3083 456 3154 institutis,
470 3102 597 3164 quoque
612 3082 777 3154 adiuuent,
795 3091 827 3144 et
840 3092 947 3145 contra
964 3081 1179 3143 inobedientes

156 3204 187 3256 et
201 3194 335 3256 rebelles
350 3193 491 3264 illorum,
513 3213 549 3253 ac
572 3193 709 3272 ipsorum
730 3191 918 3253 secularium
938 3192 1075 3252 iudicum
1090 3189 1179 3253 iustis

156 3305 323 3366 sentenciis
338 3324 400 3365 non
416 3312 581 3384 parentes,
601 3303 738 3383 gladium
754 3324 809 3364 sue
825 3301 985 3384 potestatis
1000 3310 1031 3364 et
1045 3299 1181 3363 anctori-

154 3416 237 3487 tatis,
261 3415 504 3477 ecclesiasticam
529 3412 646 3476 scilicet
670 3432 852 3485 censuram,
879 3411 1077 3492 impendant,
1106 3429 1178 3472 cum

156 3528 195 3590 ab
216 3527 291 3608 ipsis
311 3527 503 3589 secularibus
526 3524 679 3586 iudicibus
700 3545 796 3604 super·
809 3524 870 3585 boc
892 3521 1006 3584 luerint
1028 3521 1179 3603 requisiti.

239 3638 303 3719 (58)
325 3640 496 3701 Statuimus
511 3638 596 3719 quod
619 3657 728 3699 omues
744 3655 837 3697 cause
858 3637 897 3697 ad
915 3634 1018 3696 sorum
1031 3634 1185 3696 ecclesia-

154 3751 265 3812 sticum
280 3750 486 3831 pertinentes,
501 3766 606 3808 coram
621 3747 787 3809 ordinariis
802 3746 852 3807 uel
868 3745 1085 3808 ecclesiasticis
1099 3743 1180 3808 iudi·

156 3858 243 3922 cibns
257 3861 341 3923 iuxta
361 3880 467 3922 sacras
488 3869 519 3922 et
533 3859 685 3940 legitimas
700 3858 1024 3940 sanctionesregitari,
1045 3855 1180 3932 tracuri,

157 3969 207 4032 uel
229 3972 373 4033 uentilari
389 3973 540 4044 debeant,
562 3980 594 4034 et
616 3991 672 4051 per
687 3991 741 4033 eos
755 3971 853 4033 libere
867 3978 899 4032 et
913 3971 1030 4052 absque
1046 3969 1181 4052 impedi-

157 4089 263 4142 mento
277 4080 341 4142 ullo
357 4081 408 4143 uel
422 4080 584 4146 obstaculo
599 4081 774 4154 terminari,
795 4090 827 4143 et
840 4082 866 4144 si
878 4081 931 4163 qui
943 4081 1070 4164 quando
1084 4097 1180 4160 super

154 4192 335 4256 huiusmodi
353 4193 457 4257 causis
478 4191 680 4277 apostolicam
700 4195 810 4257 sedem
831 4193 884 4257 uel
897 4192 978 4257 alios
989 4190 1186 4276 superiores,
