2798 4764
381 364 503 410 auraici
524 363 689 410 nacmruu
711 359 887 408 cononanrr
913 358 1014 409 mars.
1151 343 1211 409 361

186 498 346 582 dumtairat
361 519 454 601 (ligna
470 518 615 581 constitui
632 517 789 591 examine,
811 523 864 580 tuo
880 517 979 579 eciam
994 515 1141 578 indicina
1157 516 1213 579 de·

186 632 381 696 trabencinm
397 631 577 695 muniantur
590 631 702 693 liuore.

268 745 331 819 (1)
353 743 472 806 Placuit
486 743 553 824 regi
576 749 606 805 et
620 741 759 804 omnium
774 741 907 804 concilio
927 751 962 805 ut
984 741 1064 803 (lotis
1086 740 1212 803 cuiusli-

183 856 236 918 bet
250 857 465 938 possessiones
481 855 677 917 monasteriis
693 875 749 917 seu
760 854 900 916 ecclesiis
916 854 1037 916 abeato
1050 853 1211 934 Stephano

185 988 258 1050 rego
274 968 423 1049 disposite
438 967 623 1028 inconuulse
639 975 821 1029 remaneant
835 974 867 1029 et
881 975 995 1029 cetera.

266 1082 325 1154 (2)
348 1078 429 1154 Quia
451 1079 585 1161 populus
609 1088 716 1142 noster
730 1080 850 1161 magnis
870 1100 946 1160 sepe
966 1089 1029 1142 tam
1048 1080 1100 1142 uie
1115 1100 1210 1163 quam

183 1189 289 1272 inopie
311 1189 470 1251 laboribus
493 1197 699 1272 pregrauatus
722 1210 777 1272 pro
792 1190 933 1272 qualibet
946 1192 1132 1254 necessitate
1156 1211 1211 1253 cu-

185 1304 262 1364 riam
278 1300 415 1384 regalem
432 1302 518 1363 adire
534 1323 597 1364 non
611 1311 725 1383 potest,
743 1303 790 1364 bis
806 1303 837 1364 in
853 1322 947 1376 anno,
967 1303 1000 1366 id
1015 1312 1063 1367 est
1077 1302 1109 1363 in
1123 1301 1211 1366 sesti·

184 1414 280 1477 nitate
304 1414 516 1496 apostolorum
531 1413 666 1494 Philippi
690 1423 721 1477 et
739 1414 858 1489 lacobi,
887 1422 918 1478 et
932 1415 964 1476 in
979 1416 1097 1477 octauis
1112 1415 1210 1479 sancti

184 1525 355 1600 Michaelis,
385 1527 539 1608 synodum
561 1525 593 1586 in
616 1544 828 1607 unoquoque
852 1526 1035 1607 episcopatu
1057 1525 1210 1589 celebrari

184 1637 410 1711 constituimus,
432 1638 463 1699 in
478 1658 541 1720 qua
556 1649 618 1702 tarn
634 1658 740 1700 comes
756 1645 787 1701 et
802 1641 942 1713 comites,
963 1659 1057 1721 qnam
1072 1637 1210 1720 reliquo·

184 1770 251 1813 rum
270 1751 505 1832 magistratuum
529 1757 699 1832 potestates
721 1749 759 1812 acl
782 1770 873 1812 suum
894 1750 1076 1832 episcopum
1092 1769 1210 1813 conue-

183 1863 285 1936 niant,
308 1863 346 1924 ad
362 1882 457 1944 quam
472 1865 651 1945 quicunque
667 1861 767 1925 eciam
789 1863 856 1925 sine
874 1862 975 1944 sigillo
992 1869 1123 1925 uocatus
1145 1879 1208 1923 non

184 1974 321 2048 uenerit,
342 1995 415 2035 reus
429 1974 533 2036 iudicii
549 1975 617 2037 crit.

265 2088 319 2163 (3)
341 2087 524 2168 Alienigena
544 2088 700 2168 presbiter
714 2086 764 2150 uel
783 2088 941 2169 dyaconus
958 2107 1029 2149 cum
1048 2107 1210 2150 commen·

183 2201 302 2263 danciis
317 2200 414 2263 literis
429 2199 628 2282 recipiantur.
659 2201 712 2281 qui
728 2220 804 2263 uero
819 2200 971 2261 hactenus
989 2199 1107 2281 recepti
1126 2205 1209 2273 sunt,

184 2312 210 2375 si
229 2312 296 2374 iure
319 2313 464 2374 uenerint
484 2312 713 2385 examinentur,
735 2321 889 2392 quatenus
908 2312 947 2374 de
969 2311 1082 2393 quibus
1105 2311 1210 2391 aliqua

183 2443 275 2487 aures
290 2435 412 2488 nostras
432 2424 536 2507 pulsat
550 2425 693 2498 infamia,
715 2423 747 2485 bi
768 2425 807 2485 ab
822 2423 927 2486 allicio
943 2430 1085 2498 cessent,
1107 2423 1209 2486 donec

182 2535 234 2597 uel
248 2536 362 2598 iudicio
377 2544 549 2617 purgentur
563 2535 614 2598 uel
630 2536 669 2598 de
685 2544 767 2598 terra
782 2534 992 2598 eliminentur.

263 2647 319 2722 (l)
343 2647 451 2708 Nullus
466 2647 593 2729 indigue
607 2647 675 2709 sine
690 2646 876 2710 fideiussore
891 2648 1068 2730 recipiatur.

264 2761 324 2835 (5)
346 2760 572 2841 Episcoporum
597 2769 628 2823 et
653 2761 800 2823 comitum
825 2760 978 2843 capellani
998 2761 1051 2822 uel
1072 2760 1211 2843 reliquo·

182 2891 261 2944 rum,
282 2891 339 2953 per
352 2870 488 2953 sigillum
505 2873 642 2955 episcopi
659 2873 710 2935 nel
724 2873 953 2955 archiepiscopi
967 2873 1007 2935 ad
1017 2873 1209 2936 causandum

182 2992 343 3066 cogantur.

264 3097 324 3171 (6)
346 3096 378 3158 Si
393 3095 525 3158 clericus
540 3115 610 3158 cum
625 3095 710 3160 laicis
727 3118 853 3160 causam
872 3098 982 3172 babet,
1003 3118 1060 3179 per
1074 3097 1210 3179 sigillum

182 3207 291 3270 iudicis
315 3208 414 3269 laicus
439 3219 577 3290 cogatur.
609 3209 636 3272 si
661 3231 737 3272 uero
760 3211 858 3272 laicus
881 3211 975 3273 habet
997 3229 1123 3272 causam
1138 3227 1209 3271 curn

184 3320 308 3394 clerico,
329 3341 387 3403 per
405 3320 541 3403 sigillum
565 3321 706 3403 episcopi
727 3322 777 3384 uel
800 3321 1054 3403 archipresbiteri
1077 3317 1209 3381 clericus

183 3441 320 3515 cogatur,
342 3434 381 3495 ab
397 3433 506 3515 eisque
522 3453 593 3495 cum
609 3432 712 3495 iudice
727 3453 784 3495 suu
800 3432 1027 3496 examinentur.

264 3546 325 3623 (7)
347 3545 379 3607 Si
403 3544 465 3605 duo
487 3545 616 3606 comites
638 3565 696 3626 pro
717 3564 812 3608 cansa
831 3545 935 3627 aliqua
957 3544 1155 3618 dissedeant,
1176 3541 1210 3607 in

180 3657 358 3736 supradicta
373 3657 493 3738 synodo
509 3657 711 3719 uentilentur.

265 3770 324 3845 (8)
347 3770 377 3831 si
401 3769 463 3831 cluo
485 3770 614 3832 abbates
639 3768 875 3846 contenderint,
901 3769 933 3832 in
954 3770 1067 3835 eadem
1087 3771 1210 3856 synodo

180 3882 367 3945 iudicentur.

269 3997 328 4071 (9)
349 3996 484 4058 Maiores
497 3995 629 4059 ministri
644 3996 728 4079 regis
742 3997 794 4059 uel
808 3999 895 4061 ducis
911 4008 941 4063 et
956 3999 1118 4082 capellani,
1133 4018 1213 4082 quo·

180 4128 250 4171 rum
265 4108 408 4191 personis
422 4108 586 4192 indignum
601 4118 649 4173 est
663 4129 770 4174 coram
784 4111 888 4180 iudice
905 4112 988 4180 inira
1004 4132 1038 4176 se
1054 4111 1210 4188 conterre,

180 4219 339 4287 incudem
353 4220 476 4306 synodo
490 4221 678 4294 iudicentur,
1213 4232 1218 4239 ’

920 4323 962 4396 2l
