2798 4764
471 393 600 440 cronos
617 372 918 460 massonus-(tl).
1163 378 1205 443 Π

180 546 240 611 culi
254 545 439 628 requiescas
452 546 485 608 in
499 546 613 629 gaudio
628 545 775 630 paradisi.
805 547 957 631 suigilans
979 556 1084 613 autem
1104 550 1205 614 aduo-

181 659 263 722 csnit
278 657 460 741 episcopum
482 666 514 721 et
533 657 688 721 uisionem
710 658 814 721 edicit.
844 660 952 723 endem
967 681 1044 724 uero
1060 661 1110 726 die
1124 661 1204 726 hora

180 772 224 836 tx
237 778 340 835 tactus
354 770 442 833 lehre
458 769 634 834 debilitatus
649 777 706 845 est,
721 778 753 835 et
767 771 881 834 cecidit
895 771 927 834 in
940 770 1063 836 lectum.
1087 782 1119 837 et
1133 793 1204 838 cum

179 884 238 949 sihi
257 881 407 945 transitus
428 881 511 944 diem
532 881 694 945 imminere
715 882 929 965 cognouisset,
950 884 1108 947 accersitis
1124 887 1206 969 epis-

180 995 264 1077 copis
285 1002 316 1057 et
337 993 531 1075 principibus
553 1002 584 1056 et
603 993 778 1067 comitibus,
799 1002 831 1057 et
845 993 954 1076 primis
968 993 1080 1077 palacii
1095 995 1143 1057 sui
1157 995 1206 1058 in·

180 1106 324 1179 senibus,
346 1105 386 1168 de
402 1104 517 1167 Christi
531 1105 705 1168 uocacione
720 1106 897 1180 exsultans,
918 1105 1070 1169 indicauit
1082 1105 1128 1169 eis
1142 1107 1205 1169 dis·

182 1216 373 1283 solucionem
394 1216 444 1279 sui
464 1216 606 1298 corporis
627 1215 800 1279 imminere.
828 1225 900 1299 post
919 1216 979 1280 hec
1000 1216 1147 1281 tractauit
1166 1215 1207 1281 ad

185 1330 229 1395 cis
240 1330 281 1394 de
294 1329 423 1392 alumno
436 1327 573 1391 tiliorum
594 1349 740 1404 snorum,
762 1334 793 1394 el
808 1330 963 1393 commisit
978 1349 1033 1393 eos
1054 1329 1087 1391 in
1105 1328 1205 1392 mani·

188 1444 360 1507 hassorum
372 1450 404 1505 et
414 1440 494 1504 Kaul
507 1441 629 1504 comitis
639 1442 698 1504 suh
708 1443 905 1505 sacrimento.
927 1441 1042 1505 deinde
1056 1441 1096 1505 ds
1106 1461 1206 1505 uxore

193 1562 222 1617 et
232 1573 334 1638 regno
355 1553 409 1636 qui
423 1561 495 1636 post
512 1548 613 1636 ipsum
628 1562 743 1616 terram
761 1561 885 1636 regeret
899 1561 929 1617 et
943 1553 1101 1617 nouellam
1116 1551 1205 1636 plan·

190 1664 337 1729 ucionenr
350 1684 415 1728 non
430 1665 614 1738 exsiccaret,
634 1665 690 1729 sed
705 1664 888 1728 Christianis
902 1665 1050 1748 placeret.
1071 1685 1205 1730 consen·

186 1777 336 1840 dentibus
350 1777 493 1841 omnibus
507 1775 616 1839 Album
639 1776 764 1840 nomine
784 1777 865 1840 inter
878 1796 913 1839 se
927 1776 1077 1839 maiorem
1091 1783 1124 1841 et
1136 1793 1205 1840 rec-

184 1899 282 1954 torem
296 1888 471 1972 elegerunt.
500 1887 612 1952 deinde
636 1896 764 1969 paterne
787 1889 907 1951 monuit
927 1888 997 1952 illos
1018 1887 1204 1952 catholicam

183 2000 277 2064 idem
292 2000 479 2074 obseruare,
501 2019 595 2082 quarn
616 2006 801 2080 acceperant
820 2018 943 2073 amare,
963 1999 1116 2063 iusticiam
1136 1999 1205 2063 uin·

184 2112 253 2176 uilo
266 2132 405 2195 superne
420 2113 555 2176 caritatis
569 2111 700 2195 diligere
716 2119 747 2174 et
761 2111 881 2174 caritati
897 2130 1024 2194 operam
1039 2112 1125 2186 dare,
1145 2111 1205 2175 hu·

184 2223 321 2287 militatis
336 2224 439 2286 studio
453 2223 632 2305 inuigilare,
652 2242 711 2305 pro
726 2222 871 2284 omnihus
884 2241 962 2285 uero
975 2221 1102 2287 nauelis
1117 2223 1206 2306 plan-

181 2335 310 2399 tacionis
326 2333 563 2397 Christianitatis
584 2335 759 2397 custodiam
779 2334 939 2397 adhihere.
968 2332 1016 2395 his
1032 2333 1121 2397 dictis
1141 2353 1206 2395 ma·

182 2468 240 2512 uns
253 2457 286 2512 et
301 2446 410 2510 oculos
423 2445 533 2509 leuans
548 2446 587 2509 ad
605 2447 706 2509 celum
722 2446 846 2508 orabat:
868 2445 979 2528 regina
993 2445 1052 2509 celi
1067 2453 1098 2508 et
1112 2452 1207 2508 terre.

183 2558 366 2643 inperatrix
381 2565 412 2621 et
426 2557 599 2621 coadiutrix
614 2557 729 2632 inclita,
744 2566 798 2621 tuo
812 2557 986 2641 patrocinio
1000 2566 1139 2632 sanctum
1154 2577 1207 2621 cc·

182 2671 306 2736 clusium
322 2689 394 2732 cum
408 2669 564 2753 episcopis
580 2678 610 2733 et
622 2669 719 2743 clero,
733 2689 864 2753 regnum
880 2689 952 2732 cum
967 2669 1160 2752 principibus
1175 2669 1208 2735 et

182 2781 304 2865 populis
327 2781 386 2843 suh
407 2780 464 2843 alis
485 2788 539 2843 tue
560 2781 766 2863 protectionis
788 2781 943 2865 relinquo.
979 2781 1093 2864 quibus
1115 2780 1209 2845 dictis

182 2890 252 2955 cleo
271 2878 466 2954 intirmorum
490 2910 607 2973 corpus
626 2913 719 2955 snum
739 2893 846 2974 inungi
865 2893 971 2975 peciit.
999 2900 1072 2974 post
1086 2892 1208 2955 unctio·
1296 2920 1302 2939 ι

182 3023 269 3068 ren:
285 3003 380 3066 credo
394 3003 427 3065 in
441 3003 551 3076 deum,
565 3012 655 3086 pater
669 3012 776 3067 noster
791 3012 912 3078 cantat,
933 3002 1048 3087 quihus
1063 3001 1208 3068 ultimum

142 3157 149 3168 -
182 3113 384 3188 benedicens,
404 3114 547 3177 mnnihus
563 3117 699 3178 extensis
713 3136 837 3178 sursum
852 3115 943 3179 dixit:
964 3117 997 3180 in
1007 3135 1124 3179 manns
1138 3124 1208 3179 tuas

184 3227 308 3292 domine
323 3228 395 3292 lesu
410 3227 533 3291 Christe
547 3227 733 3292 commendo
749 3228 884 3291 animam
898 3249 1011 3293 meam.

264 3451 330 3535 (1¹)
354 3455 397 3518 Dc
412 3465 505 3517 morte
518 3466 545 3517 st
559 3456 680 3536 planctu
692 3456 768 3535 repis
783 3452 925 3536 Stephani
941 3463 968 3516 et
981 3455 1136 3516 musculo.
1158 3455 1209 3517 ln·

183 3564 283 3629 stahtu
304 3573 409 3628 autern
430 3565 621 3640 solemnitas,
648 3575 755 3628 sancte
778 3564 829 3628 dei
851 3564 1010 3647 genitricis
1032 3566 1208 3650 assumpcio

183 3675 337 3761 plurima,
365 3676 406 3739 ad
426 3695 522 3759 quam
537 3696 647 3740 ornnes
661 3677 753 3740 solito
768 3696 856 3739 more
868 3677 902 3738 in
915 3675 1026 3739 hlhnm
1049 3676 1209 3742 ciuitatem

183 3789 419 3863 conduxerunt,
446 3797 478 3852 et
490 3789 633 3852 tentoriis
649 3796 995 3873 camposoperucrunt
1020 3788 1210 3872 planxerunt
1283 3785 1284 3790 ’

182 3910 289 3966 autem
303 3921 375 3965 curn
395 3921 505 3966 ornnes
525 3900 633 3985 popuii
647 3901 823 3985 Hungarie,
844 3901 937 3965 simul
950 3903 984 3965 iu
997 3922 1096 3966 unum
1110 3901 1209 3966 duces

182 4023 217 4079 et
229 4032 394 4098 pauperes.
415 4014 559 4099 episcopi
572 4034 645 4078 curn
660 4013 744 4080 clero
758 4023 853 4081 cantu
867 4014 1059 4080 lamentabili
1075 4016 1209 4079 animm

182 4129 253 4196 eius
274 4128 549 4206 commendabunt,
570 4137 665 4215 atquc
686 4128 839 4196 fabricato
854 4148 1010 4196 marmore
1035 4148 1120 4195 nouo
1141 4117 1228 4197 moi
