2798 4764
406 323 440 373 rc
454 324 583 384 rocam
601 322 725 383 marna
743 303 1032 394 marmur-tall,
1166 309 1231 389 U
1306 371 1312 379 ,

202 475 258 563 qui
271 480 462 562 nequierunt
475 481 515 545 ad
526 489 661 555 castrum
674 481 805 566 lugere,
825 490 1027 549 neeauerunt
1048 491 1081 548 et
1094 492 1230 559 casleu

200 591 286 666 illico
301 592 541 668 circumdantes,
563 613 605 657 ex
618 595 763 675 opposito
779 596 819 657 ad
841 616 963 659 murum
978 615 1095 660 nouum
1108 603 1232 680 septen

203 703 365 769 maebinaa
385 711 575 786 paruerunt,
596 714 627 769 et
640 706 692 770 die
706 716 865 790 noctuque
880 709 1010 772 cumeis
1025 709 1167 777 emittere
1184 709 1232 777 la·

201 815 302 898 pider,
324 834 467 898 quemue
481 835 584 879 nouus
600 837 704 881 murus
720 818 840 884 dirutus
855 826 957 884 estex
972 826 1037 889 tota
1051 819 1231 901 nullatenu

202 935 418 1003 cessauerant,
440 936 471 993 et
491 927 627 995 turribus
643 929 753 994 dirutis
773 940 869 1012 atque
890 931 1004 1005 muris,
1028 950 1231 1011 congrearun

201 1038 375 1113 dederunt,
406 1046 438 1102 et
461 1049 564 1102 castro
589 1060 645 1121 per
669 1040 858 1104 uioleneiam
882 1050 1046 1124 occupato,
1077 1048 1231 1123 ceperunt

201 1150 324 1227 milites,
347 1157 379 1215 et
392 1150 578 1228 canonicor,
599 1160 631 1217 et
648 1153 741 1230 alios,
762 1155 817 1236 qui
832 1173 895 1215 non
910 1154 1038 1216 suerunt
1050 1153 1083 1215 in
1097 1173 1232 1236 occup&
1351 1219 1357 1225 ,

201 1261 292 1336 cinne
312 1262 405 1327 castri
425 1262 530 1344 gladio
550 1263 715 1327 interemti.
748 1263 874 1327 domine
896 1283 989 1338 uero,
1011 1264 1177 1331 domicello
1198 1271 1232 1329 et

201 1372 306 1454 nuella
327 1373 466 1450 nobiter,
486 1395 522 1437 se
541 1375 573 1442 in
596 1375 761 1440 eeclesiam
778 1375 991 1439 cathedralem
1013 1375 1154 1458 recipere
1173 1395 1232 1441 no·

199 1481 335 1549 luerunt.

281 1595 345 1677 ipsi
365 1616 442 1659 uero
456 1597 578 1660 Tartari
601 1597 744 1660 iecerunt
765 1617 851 1661 arma
871 1617 891 1661 a
910 1596 1058 1663 militibus
1078 1597 1138 1663 sibi
1152 1598 1231 1674 dari,

200 1713 232 1780 et
246 1726 303 1789 per
315 1714 470 1773 tormenta
484 1708 660 1782 durissima,
677 1707 832 1792 quidquid
845 1708 1024 1775 babuerunt
1037 1728 1056 1773 a
1070 1707 1230 1777 canantur

200 1827 409 1883 extorserunt
431 1827 462 1883 et
476 1820 549 1902 quia
566 1819 777 1885 cathedralem
793 1819 975 1884 ecclessiam
993 1821 1099 1885 subito
1113 1820 1231 1887 inum

199 1929 404 2012 nequierunt,
425 1930 497 2012 igue
512 1930 656 2012 apposito
671 1931 854 2004 ecclesiam,
875 1941 907 1997 et
922 1933 1076 2008 dominae,
1091 1938 1123 1994 et
1137 1929 1232 2015 quid-

199 2041 274 2121 quid
294 2048 362 2103 erat
384 2041 416 2102 in
437 2041 570 2104 eeclesia
590 2043 840 2107 combusserunt.
864 2044 897 2105 in
912 2043 980 2107 aliis
995 2064 1071 2106 uero
1087 2041 1228 2112 eccleriie

199 2158 245 2221 tot
258 2150 378 2215 seelera
393 2153 432 2215 de
448 2152 631 2216 mulieribus
646 2160 824 2234 patrarunt,
842 2159 877 2215 ut
892 2154 993 2216 tucius
1007 2153 1048 2216 sit
1061 2152 1230 2226 subticere,

201 2282 241 2324 ne
255 2260 400 2325 bumines
414 2263 455 2327 ad
469 2262 660 2345 nequissima
675 2263 877 2327 instruantur.
898 2263 1030 2335 nobiles,
1053 2262 1150 2335 ciues,
1170 2261 1231 2331 rai·

200 2370 281 2448 lites,
301 2384 334 2438 at
348 2374 508 2448 canonici,
531 2383 619 2439 extra
633 2374 792 2440 ciuitatem
806 2375 837 2440 in
852 2393 964 2456 campo
978 2373 1105 2437 suerunt
1119 2391 1229 2436 omues

199 2485 268 2549 uiue
288 2485 393 2568 aliqua
415 2487 530 2568 pietate
546 2487 687 2570 iugulati.
716 2494 786 2568 post
798 2486 858 2548 hec
872 2493 1050 2549 sanctorum
1064 2482 1231 2567 sepulchra

200 2596 336 2659 totaliter
349 2606 546 2672 euerteruut,
568 2605 600 2661 et
617 2597 751 2680 pedibus
772 2596 933 2661 sceleratis
957 2596 1105 2680 reliquias
1128 2594 1230 2667 calca-

200 2715 329 2781 uerunt,
350 2707 527 2782 thuribula,
548 2728 673 2783 eruces,
695 2717 728 2772 et
747 2707 861 2772 calices
883 2715 1230 2782 lineamentarem

71 2880 75 2887 ,
199 2836 270 2893 rea,
291 2826 323 2882 et
337 2819 399 2882 alia
412 2818 519 2882 dedita
535 2820 575 2882 ad
590 2819 694 2884 altaris
709 2819 880 2883 ministeria
895 2819 1155 2884 comminuerunt.
1180 2817 1230 2889 i!-

202 2929 410 2995 troducebant
429 2929 461 2992 in
477 2929 626 2994 ecclesias
641 2931 761 2996 mixtim
776 2929 863 2995 uiros
878 2939 910 2994 et
923 2929 1091 3006 mulierea;
1112 2937 1145 2993 at
1158 2935 1231 3012 nott

199 3049 323 3123 turpem
334 3041 459 3109 illorum
470 3040 673 3117 abusionem,
689 3043 816 3106 eosdem
827 3042 945 3106 ibidem
956 3041 1121 3104 necabant.
1142 3045 1230 3121 po*

199 3171 294 3234 quam
309 3159 416 3216 autem
429 3153 535 3216 omnia
547 3172 663 3219 eueree
673 3159 762 3224 sunt,
784 3161 815 3220 et
831 3153 912 3215 fetor
925 3149 1131 3214 intolerabilis
1152 3167 1229 3231 pru-

200 3263 326 3327 cederet
345 3283 386 3326 ex
407 3264 591 3345 corporibus
612 3263 847 3336 defunctorum,
875 3261 989 3326 exinde
1011 3263 1228 3337 recesserunt,

201 3379 232 3435 et
246 3380 364 3436 tautum
378 3375 467 3438 loeus
480 3374 566 3437 solus
581 3374 740 3437 remansit.
759 3373 904 3436 homines
919 3371 973 3452 qui
988 3390 1046 3452 per
1059 3368 1155 3431 situas
1169 3367 1230 3433 air·

201 3484 390 3565 cumpositas
403 3485 583 3558 latitabant,
597 3491 814 3548 conuenerunt
827 3483 960 3555 ibidem,
974 3488 1009 3543 ut
1023 3479 1129 3562 aliqua
1142 3496 1229 3547 cem

199 3593 333 3660 ertibilia
353 3596 541 3661 inuenireut.
576 3604 608 3660 et
629 3615 699 3659 cum
720 3602 880 3659 uerterent
902 3591 1021 3674 lapidee
1043 3598 1075 3655 et
1095 3607 1241 3678 corpure·

199 3715 409 3783 mortuorum,
431 3709 553 3773 Tartari
574 3707 678 3771 subito
692 3712 767 3770 sunt
778 3703 917 3778 reuersi,
937 3713 971 3769 et
989 3704 1099 3767 uiuum
1122 3702 1162 3768 de
1180 3699 1230 3771 tti-

198 3820 356 3895 uentibus,
382 3840 461 3904 quor
483 3821 526 3884 ibi
547 3819 761 3902 reperiebant,
788 3817 947 3880 neminem
972 3815 1170 3879 dimiserunt.
1194 3821 1230 3891 et

199 3931 246 4001 eiu
266 3951 368 4012 usqne
388 3931 429 4001 ad
447 3939 622 4007 extremum
640 3928 762 3993 fiebant
775 3927 916 4011 quotidie
937 3946 1021 3992 uuue
1038 3934 1170 4010 strages.
1191 3929 1230 4005 et

199 4061 272 4106 eum
294 4040 402 4126 plures
423 4040 600 4106 interlicere
623 4059 688 4105 nou
707 4038 880 4114 baberent,
906 4057 947 4104 ex
967 4044 1034 4103 tato
1049 4035 1165 4103 minda
1178 4054 1230 4111 rar

200 4160 375 4217 cesserunt.
395 4171 453 4219 uos
468 4173 556 4231 uem,
580 4152 635 4241 qui
647 4150 681 4215 iu
693 4149 793 4229 aibrir,
810 4151 894 4217 inter
907 4148 1071 4237 indagine·
1085 4143 1229 4229 mom
