2798 4764
178 325 240 391 622
260 342 391 389 sumn
405 342 450 389 ru.
464 332 554 389 nors
568 344 716 389 nrnrnrss
732 342 886 388 nosetrou
903 340 944 386 ou
959 328 1097 387 rdomr.
1117 320 1215 388 tuot.

177 497 384 562 residencinm
402 498 528 562 racione
550 500 720 573 indicatus,
743 519 802 561 nec
816 498 965 560 indicium
983 498 1063 560 inter
1079 498 1214 561 eosdem

178 610 283 673 fucere
304 610 355 673 uel
377 630 528 674 exercere
551 621 712 693 presumat
730 631 767 673 oc
782 611 881 672 eciam
898 612 1067 674 descensus
1088 611 1214 674 uiolen-

115 790 124 799 ,
178 732 242 797 tos,
271 723 327 785 sed
344 708 400 805 per
414 723 552 788 uillicum
568 724 741 786 eorundem
757 704 964 786 communiter
980 768 988 785 .
1004 723 1213 785 ...debeant

177 833 319 896 iudicari.

261 947 318 1020 (2)
341 945 557 1008 Concessimns
582 946 680 1009 eoinm
704 947 824 1009 eisdem
848 946 931 1020 forn,
963 946 1041 1008 serio
1063 955 1150 1009 sexta
1170 947 1212 1008 ab

178 1056 257 1120 bora
278 1056 495 1138 pomeridiano
515 1077 615 1141 usqne
637 1058 747 1120 boram
763 1058 972 1139 uespertinum
989 1059 1040 1120 die
1055 1057 1212 1131 sabbathi,

179 1171 297 1252 absque
321 1169 384 1231 utto
405 1169 521 1233 tributo
536 1171 679 1233 omnibus
702 1171 803 1252 ipsum
823 1171 924 1233 sorum
941 1190 1034 1232 consu
1049 1169 1214 1233 mercandi

177 1281 364 1344 intrantibus
380 1282 614 1344 celebrandum.

262 1395 321 1469 (3)
345 1395 514 1457 Statuimus
537 1396 637 1457 eciam
654 1396 740 1478 quod
763 1395 903 1478 hospites
926 1397 1022 1459 nostri
1043 1397 1161 1458 ibidem
1178 1395 1212 1456 in

179 1506 307 1570 Thorda
322 1505 479 1569 domicttta
493 1506 657 1582 babentes,
669 1509 710 1571 de
725 1509 880 1571 mercibus
894 1529 1004 1572 eorum
1019 1509 1137 1570 nullum
1155 1509 1213 1571 tri-

179 1618 289 1680 butum
303 1617 429 1680 soluunt
443 1661 738 1681 .............
763 1621 895 1682 eundem
910 1619 1042 1681 sormam
1057 1629 1157 1682 status
1173 1619 1212 1680 ii·

180 1727 308 1790 bertntis
337 1727 468 1790 aliorum
496 1728 655 1811 hospitum
682 1737 862 1792 nostrornm
889 1732 989 1793 eciam
1017 1732 1137 1793 eisdem
1169 1733 1210 1794 de

177 1839 361 1920 regia....

263 1951 322 2027 (b)
445 1960 481 2016 ut
504 1961 576 2015 ante
601 1953 715 2016 testum
742 1954 824 2017 beuti
848 1955 972 2017 biortini
998 1965 1069 2018 octo
1094 1956 1211 2017 diebus

179 2065 320 2148 proxime
342 2066 585 2146 precedentibus
608 2066 702 2129 iidem
726 2067 807 2130 snies
829 2070 860 2130 in
876 2067 947 2130 sniis
962 2068 1076 2131 fodinis
1091 2069 1212 2132 nostris

175 2178 307 2241 liberem
322 2178 488 2240 exercendi
503 2188 535 2240 et
548 2181 708 2242 uendendi
723 2181 860 2244 babeant
874 2180 1063 2243 fucultatem.

260 2288 582 2370 (5)1nsupereciam
606 2292 758 2372 quosdam
782 2301 880 2354 terras
900 2301 1039 2365 nostrus,
1066 2292 1213 2369 Kitibed,

176 2399 459 2462 dearnubteink
475 2447 483 2462 .
499 2446 507 2463 .
522 2446 530 2463 .
546 2446 554 2463 .
578 2409 608 2464 et
629 2402 740 2464 situum
756 2411 894 2465 nostrum
909 2402 1126 2485 Kiraiyerdeje
1152 2424 1216 2466 no-

177 2519 291 2585 catam,
314 2511 396 2573 nitra
417 2514 695 2576 Tordnbasndebia
718 2515 921 2589 existentem,
950 2536 1007 2597 pro
1031 2535 1069 2577 eo
1091 2525 1125 2578 ut
1150 2536 1215 2580 nu·

176 2644 281 2686 merus
296 2644 404 2685 eorum
421 2626 528 2707 angeri
549 2628 662 2707 possit,
685 2626 888 2710 relinquimus
905 2629 1022 2689 eisdem
1040 2629 1214 2709 possiden-

176 2735 263 2809 dam,
284 2746 376 2834 prout
392 2746 483 2798 anteo
498 2739 537 2799 ub
552 2741 679 2821 antiqno
695 2741 939 2802 dinoscobuntnr
954 2742 1146 2822 possedisse.

258 2849 370 2909 Datum
392 2868 475 2910 nnno
491 2850 608 2912 domini
629 2853 793 2914 millesimo
809 2852 856 2913 CC
872 2855 1075 2933 nonagesimo
1092 2856 1217 2935 primo,

176 2959 265 3040 regni
280 2947 496 3023 autemnostri
512 2981 593 3022 nnno
608 2965 721 3044 primo.
