2798 4764
196 353 349 436 melam
363 383 407 434 nr.
425 381 516 437 neers
537 384 740 437 consrnmro
762 386 1007 441 ecccrsnsrrm.
1030 371 1121 440 1169.
1162 371 1222 442 383

194 543 368 624 pertinere,
390 551 476 606 tanto
492 552 659 607 teneantur
674 545 807 627 prouida
828 546 1036 610 sollicitudine
1055 558 1086 611 et
1100 547 1224 613 cautela

193 656 377 729 intendere,
399 665 515 738 quanto
537 678 595 738 pro
617 657 739 720 honore
762 677 781 719 a
804 659 909 721 diuina
932 659 1142 741 disposicione
1158 662 1224 723 col-

192 767 255 830 lato
271 769 386 830 debent
400 789 458 830 suo
474 769 607 831 creatori
627 771 804 832 uberiorem
820 771 1027 834 deuociunem
1044 793 1099 853 pre
1109 775 1221 836 ceteris

193 880 352 942 exhibere.
383 900 420 943 ea
437 889 563 963 propter
579 884 705 964 propria
726 886 852 947 racione
868 884 986 946 inducti
1006 893 1036 948 et
1051 886 1222 948 saluberri-

194 992 252 1053 mis
268 992 543 1055 exbortacionibus
558 995 598 1054 M.
612 995 799 1056 uenerabilis
821 1005 926 1058 sancte
942 1016 1071 1057 romane
1087 996 1219 1061 ecclesie

192 1101 356 1164 cardinalis
371 1104 558 1184 propensius
575 1106 792 1186 attenciusque
807 1108 996 1180 commoniti,
1012 1108 1218 1170 deuocionem

192 1233 319 1295 quoque
347 1216 528 1277 uenerande
557 1215 708 1278 memorie
743 1217 825 1297 regis
851 1217 952 1299 Geyse
984 1219 1078 1299 patris
1106 1219 1219 1292 nostri,

190 1344 283 1407 quam
305 1325 388 1387 circa
410 1335 641 1388 sacrosanctam
656 1329 828 1391 Romanam
851 1328 1015 1390 ecclesiam
1031 1338 1062 1391 et
1076 1339 1218 1392 sanctum

189 1445 329 1499 nostrum
347 1439 506 1500 dominum
523 1438 734 1500 Alexandrum
749 1440 930 1522 pontificem
949 1442 1067 1503 studuit
1081 1462 1138 1522 per
1151 1461 1218 1502 om·

190 1550 242 1612 nia
256 1550 424 1622 exhibere,
446 1551 547 1612 modis
565 1552 708 1613 omnibus
724 1553 836 1633 quibus
852 1574 1017 1634 possumus
1032 1554 1145 1617 imitari
1161 1573 1218 1615 uo·

188 1660 299 1735 lentes,

271 1776 329 1848 (l)
351 1773 612 1839 constitucionem
634 1796 729 1858 super
752 1776 953 1858 deposicione
976 1783 1007 1838 et
1030 1785 1218 1841 transmuta-

189 1885 278 1948 cione
300 1885 538 1967 episcoporum,
560 1888 644 1968 quod
662 1886 695 1948 in
709 1888 773 1950 suis
789 1889 922 1969 posteris
939 1888 1066 1951 domino
1081 1890 1216 1951 Alexan-

186 1997 243 2059 dro
258 2016 339 2079 pape
361 2005 392 2060 et
413 1999 475 2061 suis
496 2000 730 2060 successoribus
746 2000 883 2061 noscitur
897 1999 1107 2073 concessisse,
1128 2001 1217 2063 uide·

185 2108 272 2172 licet:
296 2109 382 2191 quod
405 2110 522 2192 absque
545 2112 728 2174 auctoritate
748 2119 779 2173 et
802 2111 933 2173 consilio
956 2112 1024 2173 eius
1043 2119 1074 2172 et
1089 2132 1216 2174 succes·

184 2241 291 2283 sorum
311 2242 439 2283 suorum
456 2223 689 2304 deposicionem
710 2242 766 2284 seu
789 2221 1029 2283 translacionem
1051 2223 1216 2303 episcopo-

184 2353 253 2395 rum
270 2354 333 2397 nou
348 2333 464 2396 iaceret
480 2333 530 2396 uel
545 2333 613 2395 fieri
629 2334 832 2415 permitteret,
854 2333 1084 2406 confirmamus,
1107 2310 1213 2395 ettam

183 2444 215 2506 in
235 2445 327 2507 nobis
343 2466 435 2528 quam
456 2446 489 2506 in
512 2447 643 2526 posteris
667 2453 819 2526 perpetuo
841 2443 1063 2506 inuiolabiliter
1086 2447 1213 2508 duratu-

183 2577 250 2620 ram
266 2578 441 2620 censemus.

265 2671 316 2750 (2)
340 2673 489 2733 Preterea
503 2680 736 2733 antecessorum
757 2678 933 2732 nostrorum
952 2670 1210 2732 consuetudinem

181 2791 265 2845 retro
279 2783 473 2864 temporibus
489 2783 626 2844 habitam
648 2782 875 2864 relinquentes,
897 2783 928 2843 in
943 2783 1034 2844 uobis
1050 2790 1080 2844 et
1094 2784 1208 2846 nostris

183 2894 315 2976 posteris
333 2893 485 2956 immobili
507 2894 652 2956 firmitate
673 2894 838 2957 ualiturum
860 2893 1032 2967 sancimus,
1053 2895 1137 2975 quod
1154 2894 1209 2955 de·

183 3006 365 3068 cedentibus
389 3005 563 3088 episcopis,
584 3007 616 3067 in
632 3008 725 3069 rebus
741 3005 971 3087 episcopalibus
986 3014 1208 3086 procuratores

180 3117 277 3179 laicos
301 3118 340 3179 de
363 3126 467 3179 cetero
490 3138 553 3178 non
576 3138 727 3198 ponemus
748 3127 842 3199 atque
857 3118 930 3198 poni
948 3115 1122 3178 nullatenus
1137 3136 1208 3195 per-

181 3229 354 3301 mittemus,
376 3230 432 3291 sed
453 3230 603 3291 honestos
623 3229 770 3300 clericos,
794 3230 922 3309 quinon
939 3227 977 3287 ad
998 3225 1208 3305 uoluptatem,

181 3340 237 3400 sed
260 3341 298 3401 ad
320 3340 540 3402 necessitatem
561 3341 660 3401 uictus
681 3341 720 3402 de
740 3339 879 3420 ipsarum
896 3337 1098 3401 ecclesiarum
1114 3335 1207 3397 rebus

182 3451 342 3513 moderate
359 3452 519 3531 accipiant,
542 3451 656 3512 ibidem
672 3451 879 3520 instituemus,
901 3449 954 3530 qui
969 3447 1090 3528 reliqua
1104 3447 1209 3508 omnia

181 3561 340 3625 bonafide
356 3571 386 3624 et
400 3564 466 3624 sine
482 3563 591 3623 iraude
608 3562 711 3643 aliqua
727 3562 765 3622 ad
781 3558 1054 3622 reedificacionem
1069 3559 1207 3640 ipsarum

181 3671 385 3735 ecclesiarum
408 3681 439 3734 et
459 3673 623 3734 domorum
643 3671 868 3752 episcopalium
889 3690 945 3731 seu
968 3671 1207 3744 canonicorum,

182 3783 221 3843 ad
237 3804 313 3846 usus
329 3804 455 3866 quoque
473 3805 657 3866 pauperum,
678 3784 842 3845 uiduarum
858 3791 889 3845 et
904 3782 1117 3864 orphanorum
1131 3782 1209 3844 lide-

180 3892 251 3959 liter
267 3897 401 3958 debeant
416 3916 589 3959 asseruare.

264 4004 309 4088 (3)
332 4009 393 4069 Nos
407 4028 484 4070 uero
500 4015 531 4070 et
545 4007 662 4090 posteri
678 4006 776 4068 nostri
797 4007 873 4069 nihil
891 4027 1027 4090 unquam
1042 4007 1082 4070 de
1095 4006 1208 4069 iisdem

180 4118 274 4180 rebus
289 4118 321 4179 in
338 4139 411 4180 usus
428 4120 571 4201 proprios
586 4119 717 4182 ulterius
731 4120 920 4200 redigemus,
941 4119 1001 4180 nisi
1017 4117 1108 4189 forte,
1123 4115 1208 4196 quod

181 4231 271 4308 absit,
284 4231 392 4294 hostes
412 4231 502 4315 regni
518 4232 552 4296 in
569 4250 665 4296 manu
682 4230 788 4296 ualida
801 4229 881 4295 lines
895 4229 994 4314 ipsius
1008 4227 1099 4308 regni
1111 4224 1209 4289 intra·
