2798 4764
505 1026 621 1110 tutu
645 1027 700 1111 lli.
726 1025 848 1111 utus

168 1217 446 1300 ‚ntunuuns
474 1219 750 1296 nosrtnuu
773 1222 844 1295 DE
869 1219 1121 1298 BlSTRlCZ.

606 1376 752 1439 MCCLV.

490 1533 512 1585 E
536 1533 662 1585 tabulario
680 1534 865 1598 strigoniensi.

245 1793 319 1857 Bcla
341 1793 393 1856 dei
417 1792 523 1875 gracia
544 1793 697 1874 Ungarie,
717 1794 894 1869 Dalmacio,
916 1794 1062 1868 Croacie,
1084 1796 1192 1870 Romo,

163 1907 289 1981 Seruio,
312 1907 455 1979 Gallicie,
484 1904 688 1979 Lodomcrie‚
711 1905 926 1989 Cumauieque
946 1927 1019 1981 rex,
1045 1907 1191 1973 omnibus

163 2018 276 2081 Christi
291 2018 437 2080 fidelibus
454 2026 514 2079 tam
530 2018 745 2098 presentibus,
767 2037 860 2099 quam
876 2017 1002 2090 suturis,
1029 2026 1192 2098 presentes

160 2130 278 2193 litteras
293 2130 489 2211 inspecturis
510 2128 643 2191 salutem
658 2129 690 2191 in
705 2128 843 2189 omnium
858 2128 1026 2190 saluatoro.
1056 2129 1189 2192 circum-

163 2241 283 2320 spectio
306 2261 415 2323 regnm
439 2240 571 2322 prouida
594 2239 675 2302 solet
693 2259 768 2300 suos
791 2239 970 2302 libertatum
990 2238 1084 2301 titulis
1099 2241 1192 2302 ador·

164 2369 255 2424 nare,
270 2359 304 2413 ut
318 2352 429 2414 merito
444 2351 543 2432 possit
557 2370 707 2411 uumerus
723 2349 781 2410 sibi
796 2347 1019 2411 famolancium
1041 2368 1192 2432 augmen-

164 2463 240 2536 tari,
279 2482 349 2524 cum
374 2482 413 2522 ex
439 2462 499 2523 boc
523 2461 624 2523 honor
650 2459 840 2522 excellencie
866 2460 952 2542 regie
977 2470 1192 2539 conseruntur,

164 2575 296 2656 proinde
312 2575 352 2638 ad
368 2573 587 2637 uniuersorum
602 2574 749 2635 noticiam
764 2580 873 2635 tenore
888 2572 1088 2654 presencium
1102 2572 1194 2636 nolu·

167 2707 234 2748 mus
254 2685 440 2767 peruenire,
462 2686 547 2767 qnod
568 2705 626 2747 nos
648 2683 821 2766 hospitibus
837 2685 952 2746 nostris
968 2686 1006 2747 dc
1022 2705 1105 2747 noua
1120 2683 1195 2765 uilln

166 2797 307 2860 Bistricia
335 2817 431 2878 propo
454 2795 611 2878 Lypzhcw
636 2796 777 2857 bonoad
800 2815 908 2859 eorum
929 2796 1194 2880 supplicacioneut

165 2909 377 2973 concessimus
392 2907 584 2972 libertatem:

248 3023 303 3094 (l)
326 3028 359 3081 ut
374 3019 543 3101 plebanum
565 3020 605 3082 de
625 3020 783 3083 communi
804 3020 921 3103 eligant
942 3022 1118 3094 uoluntate,
1139 3019 1195 3104 qui

166 3151 223 3212 per
244 3132 329 3212 ipsos
348 3129 521 3193 uenerabili
539 3132 619 3212 patri
634 3132 841 3216 strigoniensi
863 3131 1102 3213 archiepiscopo
1123 3151 1195 3211 pro-

165 3243 348 3317 sentabitur,
368 3244 400 3303 in
416 3263 524 3306 eorum
540 3243 704 3305 ecclesiam
719 3253 873 3325 perpetuo
889 3242 1132 3304 confirmandus.

249 3353 307 3426 (2)
337 3354 485 3416 Pretcrea
508 3354 647 3415 uillicum
671 3354 723 3415 uel
750 3354 886 3415 iudicem
913 3353 952 3415 dc
981 3352 1194 3418 uniuersitatis

167 3462 297 3525 consilio
320 3463 435 3546 eligant
456 3474 487 3529 et
510 3486 681 3539 consensu,
701 3487 760 3547 per
774 3465 912 3547 spacium
928 3464 1020 3525 unius
1034 3464 1107 3526 anni
1121 3487 1194 3547 pcr-

166 3594 362 3647 mausurum,
385 3576 436 3657 qui
453 3596 506 3638 eos
521 3577 553 3639 in
569 3577 713 3639 omuibus
728 3576 793 3639 suis
815 3575 931 3637 caussis
952 3574 1113 3651 iudicabit,
1135 3597 1193 3643 neo

162 3686 194 3747 in
211 3695 275 3748 toto
291 3707 389 3769 regno
404 3688 564 3770 Hungarie
579 3697 729 3771 poterunt
746 3709 842 3770 super
857 3688 961 3770 aliqua
977 3708 1192 3755 cainaeorum

163 3797 223 3860 alio
238 3799 529 3884 iudiceconueniri.

211 3886 217 3896 ⁸
245 3913 304 3987 (3)
325 3914 403 3975 ltem
418 3932 547 3987 aurum,
568 3919 732 3994 argentum
748 3922 779 3976 et
795 3913 900 3978 onmia
915 3915 977 3980 alia
992 3914 1116 3979 metalla
1135 3936 1193 4000 par

161 4030 260 4086 totum
285 4025 464 4100 comitatum
487 4025 526 4088 (lc
548 4024 675 4100 Zolum,
705 4025 786 4089 inira
807 4035 906 4091 metas
929 4048 1003 4091 suas
1026 4029 1191 4110 exquirere

161 4143 322 4217 poterunt,
345 4156 439 4218 quam
464 4135 495 4198 in
522 4135 624 4211 terris,
653 4157 747 4220 quam
771 4137 803 4199 in
827 4140 1019 4212 nemoribus,
1047 4138 1135 4200 siluis
1159 4144 1193 4202 ol

898 4239 938 4300 32
