2798 4764
177 328 240 402 did
501 344 685 425 uousrrou
705 349 747 402 oe
766 353 880 403 imo.

177 508 252 572 torri
276 509 438 573 candentis
453 508 650 574 Uaradinum.
681 510 736 575 obi
760 510 946 575 benedictus
969 516 1091 594 portato
1119 507 1216 575 torro

177 617 362 682 iustificatos
378 629 434 684 est

260 733 339 807 (15)
361 731 515 796 Fabianus
536 735 576 797 de
600 735 674 797 uilia
694 735 780 797 Baka
802 735 941 816 impeciit
958 734 1144 797 samsonem
1168 733 1216 797 de

178 861 295 926 genere
316 842 426 925 Opour
447 845 487 907 de
513 846 626 908 damno
650 845 775 927 triginta
797 864 985 918 marcarum,
1012 845 1119 907 iudico
1139 845 1216 908 Fiia

178 956 291 1018 comite
306 955 423 1018 uionio
439 957 555 1020 Nicoiai
575 956 704 1038 palatini
723 957 856 1031 comitis,
885 956 1035 1039 pristaldo
1049 957 1147 1018 Paulo
1169 955 1215 1019 do

177 1066 253 1130 uilia
267 1066 375 1130 Ynata.
410 1067 542 1149 predicti
565 1069 772 1132 aduersantcs
792 1069 982 1132 Uaradinum
1012 1069 1051 1130 ad
1071 1087 1214 1130 examen

178 1177 256 1243 farri
270 1179 432 1242 candentis
448 1180 572 1254 directi,
594 1181 696 1243 taliter
708 1181 751 1242 ibi
766 1182 976 1253 conueniunt,
997 1180 1081 1261 quod
1101 1178 1214 1261 proia-

179 1300 229 1356 tus
240 1291 404 1373 Sampson,
418 1293 566 1355 redderet
581 1293 763 1355 aduersario
774 1311 831 1353 suo
846 1293 904 1355 tria
919 1291 1021 1373 capita
1031 1291 1212 1365 hominum,

179 1421 259 1484 quos
274 1403 456 1477 abstulerat,
471 1410 502 1465 et
516 1404 626 1466 decern
640 1403 749 1476 boues,
764 1413 795 1465 et
809 1403 1057 1484 quadringentos
1072 1401 1211 1464 cubulos

179 1511 262 1585 uini,
283 1513 323 1576 de
338 1511 452 1576 eubulo
472 1513 510 1575 de
525 1515 675 1595 Sumugy,
697 1520 728 1575 et
741 1513 967 1595 quinquaginta
990 1511 1121 1574 cubulos
1143 1510 1212 1575 aiii-

180 1622 270 1704 ginis,
291 1631 429 1705 quatuor
440 1623 634 1704 palmorum,
656 1630 688 1685 et
701 1624 786 1685 idem
800 1623 994 1686 satisfaceret
1004 1623 1112 1684 iudici.
1136 1642 1212 1704 par·

177 1741 242 1796 tem
258 1741 362 1796 autem
377 1732 517 1815 pristaldi
532 1734 670 1797 Fabiano
685 1733 761 1795 daco
776 1735 934 1797 conuenit.

263 1845 347 1923 (16)
372 1845 525 1927 Scymcha
548 1852 733 1928 procurator
746 1846 901 1908 Desiderii
921 1845 1061 1927 episcopi
1076 1847 1116 1907 de
1132 1846 1213 1910 uilia

180 1957 336 2030 Tomona,
365 1954 499 2036 litigauit
519 1976 589 2017 oum
613 1957 749 2038 quodam
774 1959 813 2019 de
839 1958 951 2019 eadem
976 1955 1050 2018 uilia
1075 1959 1211 2022 nomine

179 2068 300 2142 Kezed,
323 2067 429 2129 dicens
445 2067 530 2148 quod
545 2066 709 2148 pecuniam
725 2067 830 2132 fratris
844 2067 892 2130 sui
907 2069 974 2130 sine
989 2068 1106 2131 herede
1124 2089 1217 2132 mor·

177 2179 240 2254 toi,
269 2186 394 2241 centum
419 2198 533 2259 pensas
559 2177 732 2251 ualentem,
761 2178 965 2251 occultasset,
990 2177 1092 2239 iudice
1120 2179 1217 2242 nesi-

179 2290 268 2352 derio
283 2291 443 2373 episcopo,
465 2288 614 2370 pristaldo
633 2289 745 2351 Scenm
763 2288 803 2351 do
822 2289 1002 2371 supradicta
1024 2287 1109 2350 uilia.
1138 2310 1218 2372 pra-

178 2400 357 2464 nominatus
370 2401 474 2464 Kezcd
494 2408 619 2481 portato
633 2399 779 2462 candenti
793 2398 877 2462 ferro
892 2399 1036 2462 Uaradioi
1058 2399 1219 2463 iustifica-

178 2519 229 2574 tus
244 2520 302 2575 est.

261 2626 340 2699 (17)
362 2624 523 2705 Agazones
544 2623 626 2705 regis
647 2622 686 2685 de
709 2621 782 2683 uilla
803 2622 913 2694 zanni,
935 2621 1053 2685 scilicet
1066 2622 1159 2684 Toka
1181 2634 1219 2689 ct

180 2734 305 2808 Tobias,
325 2734 531 2814 impetierunt
543 2735 734 2795 Touernicos
748 2734 842 2815 regis,
864 2735 903 2796 de
919 2733 1028 2796 eadem
1045 2733 1133 2806 uilla,
1150 2737 1218 2798 sci-

179 2842 252 2906 licet
272 2847 379 2903 Zotam
402 2850 433 2904 et
447 2845 613 2915 Thomam,
643 2843 791 2916 dicentes,
820 2846 904 2925 quod
929 2854 1067 2907 extorres
1090 2855 1218 2909 essent.

179 2973 260 3036 quos
283 2952 458 3014 Demetrius
478 2953 635 3033 magister,
656 2962 806 3035 precepto
828 2954 911 3036 regis
935 2955 1129 3028 discuciens,
1152 2977 1218 3038 per

179 3064 364 3149 pristaidum
379 3084 468 3127 suum
483 3064 650 3125 Martinum
670 3065 710 3127 de
725 3066 799 3127 nilla
813 3068 934 3130 Edeien
949 3069 1061 3130 direxit
1075 3067 1117 3129 ad
1133 3089 1219 3132 exa·

181 3196 254 3240 men
267 3175 342 3238 ferri
358 3175 518 3237 candentis
534 3175 721 3237 Uaradinum
741 3177 795 3238 ubi
817 3179 948 3258 predicti
962 3197 1118 3260 agazones
1133 3199 1219 3244 con·

181 3289 312 3352 ueniunt
325 3289 400 3351 dare
416 3288 597 3349 Tauarnicis
620 3289 819 3351 medietatem
843 3296 926 3352 terre
949 3291 1029 3352 illius
1046 3291 1139 3354 metis
1151 3292 1219 3355 im·

181 3400 307 3482 positis,
337 3406 368 3462 et
397 3398 491 3461 iudici
514 3400 721 3462 communiter
742 3400 936 3475 satisfacere,
965 3400 1106 3482 pristaidi
1131 3421 1218 3467 nero

179 3522 302 3594 partem
317 3512 375 3573 soii
390 3510 552 3573 Tanarnici
568 3511 795 3591 persoluerent.

261 3621 345 3698 (18)
370 3621 519 3684 Youanka
539 3620 622 3682 iilius
641 3619 751 3703 Bariay
771 3624 909 3703 impetiit
927 3623 1135 3705 ioubagiones
1153 3626 1219 3691 Sc·

179 3729 313 3792 bastiani
327 3732 366 3792 de
381 3733 461 3804 Pou,
483 3732 602 3794 scilicet
616 3730 799 3793 alienantem
815 3741 847 3795 ct
861 3734 980 3814 Kepam
995 3732 1075 3795 tilios
1086 3735 1218 3802 Nicoiai

181 3841 221 3903 de
237 3839 329 3913 furto,
356 3840 458 3903 iudice
474 3842 601 3904 Nicoiao
617 3842 754 3923 palatino
770 3844 900 3917 comite,
921 3844 1072 3926 pristaldo
1087 3845 1217 3929 Cepam

181 3954 221 4015 de
236 3951 311 4014 uilla
325 3951 443 4015 Ladan.
471 3955 602 4035 predicti
616 3954 702 4018 iures
717 3963 839 4038 portato
854 3955 939 4018 ferro
954 3955 1110 4020 combusti
1125 3970 1220 4026 sunt.

180 4065 238 4129 sed
251 4061 385 4126 nichae!
400 4063 541 4146 confugit
554 4068 594 4129 ad
609 4066 783 4130 ecclesiam.

263 4175 346 4256 (19)
366 4174 446 4241 Nixa
466 4174 506 4240 de
526 4174 602 4243 uilia
621 4179 718 4246 Nona
735 4178 874 4266 impaciit
892 4179 1053 4270 quendam
1076 4183 1220 4259 nominc
