2798 4764
214 282 274 363 lSS
308 297 456 345 unrrrm
470 295 613 345 nuceas
626 297 700 342 vrrs
720 296 745 341 s.
760 295 914 342 sreonau
928 295 1019 341 naurs
1034 275 1152 361 (5-6).

297 560 344 645 (5)
367 562 510 626 Nascitur
521 560 643 625 interea
655 560 813 644 predictus
827 580 847 622 a
860 560 988 623 domino
1002 559 1085 623 lilius
1101 559 1245 644 principi,

213 695 325 759 quem,
346 673 520 737 seeundum
537 673 741 754 prophem,
763 680 929 754 autequam
947 671 981 734 in
996 681 1085 734 utero
1100 671 1247 754 concipe-

212 795 310 860 retur,
335 784 480 848 dominus
505 783 611 856 nouit,
640 793 672 847 ct
697 782 747 847 oui
769 791 940 865 antequam
964 792 1157 858 nasceretur,
1190 803 1246 865 per

213 896 497 979 prothomartyrem
519 914 610 958 suum
631 915 748 957 nomen
769 893 892 957 indidit.
921 895 1006 956 huno
1029 894 1089 957 deo
1112 894 1245 959 dilectus

212 1005 401 1071 Adalhertus
423 1004 588 1087 episcopus
611 1003 747 1067 crismali
767 1004 956 1086 baptismate
977 1005 1151 1069 seeundum
1176 1022 1247 1067 cre·

214 1114 353 1180 dulitatis
368 1136 425 1178 sue
439 1114 605 1178 ueritatem
619 1114 755 1190 intinxit,
781 1124 813 1179 et
826 1123 992 1198 susceptor
1006 1136 1081 1179 suns
1096 1116 1163 1198 ipse
1177 1114 1246 1178 t'uit.

213 1246 331 1292 nomen
341 1210 401 1289 sihi
416 1225 596 1309 impositum
611 1235 661 1290 est
673 1227 862 1309 Stephanus,
884 1229 969 1310 qnod
985 1226 1122 1291 alienum
1137 1247 1157 1290 a
1171 1247 1247 1290 cou-

214 1336 285 1403 silio
301 1337 352 1401 dei
367 1338 464 1401 luisse
480 1358 545 1403 non
561 1338 730 1402 oredimus.
750 1339 928 1421 Stephanus
944 1338 1061 1421 qnippe
1073 1358 1178 1421 grece,
1193 1358 1248 1401 co-

213 1459 344 1513 ronatus
364 1457 457 1512 sonat
470 1448 577 1512 latine.
605 1448 708 1531 ipsum
724 1448 853 1530 quidem
867 1457 898 1511 ct
911 1447 944 1510 in
960 1449 1020 1510 hoo
1033 1447 1141 1511 seculo
1156 1467 1248 1511 eoro-

214 1580 292 1625 nare
314 1560 393 1623 deus
416 1558 517 1622 noluit
539 1558 579 1621 ad
599 1558 689 1641 regni
704 1557 898 1641 potenciam,
920 1557 998 1621 etin
1012 1558 1117 1621 futuro
1131 1578 1249 1623 corona

214 1668 418 1735 beatitudinis
432 1689 558 1752 semper
571 1657 726 1732 manentis
742 1667 892 1731 redimire
908 1667 1128 1743 decreuit,.ad
1146 1668 1248 1749 perci·

215 1780 363 1865 piendam
379 1780 442 1844 uite
454 1780 536 1862 iugis
547 1780 781 1844 indeficientem
792 1780 934 1862 gloriam.
949 1779 1158 1862 strigoniensi
1169 1800 1247 1844 uero

216 1891 333 1977 oppido
346 1891 517 1956 natiuitatis
532 1892 696 1957 exordium
711 1890 835 1966 hahuit,
857 1900 888 1955 et
903 1912 983 1972 puer
993 1891 1097 1954 adhuc
1111 1889 1250 1955 sciencia

215 2004 418 2089 grammatice
439 2003 514 2068 artis
535 2005 575 2067 ad
598 2004 691 2086 piene
711 2003 839 2065 inbutus
861 2011 919 2066 est.
946 2001 1047 2066 creuit
1060 2002 1164 2065 inians
1178 2002 1250 2065 dili-

215 2114 302 2199 genti
326 2124 358 2178 et
377 2114 475 2198 regali
493 2113 629 2178 nutritus
649 2114 800 2188 educatu,
831 2113 886 2195 qni
911 2121 1069 2177 transacta
1093 2113 1249 2196 puericia,

217 2234 383 2309 postquam
406 2226 538 2308 gradum
560 2224 778 2289 adolescencie
799 2224 933 2307 primum
953 2222 1108 2297 ascendit,
1130 2242 1249 2287 couno·

216 2336 293 2403 natis
307 2344 397 2420 pater
410 2355 486 2399 snus
496 2334 657 2418 Hungarie
674 2334 869 2416 primatibus,
883 2356 954 2398 oum
968 2335 1078 2399 ordine
1092 2333 1248 2417 sequenti,

215 2469 275 2533 per
285 2447 459 2511 commanis
474 2445 639 2510 consitium
651 2445 815 2528 colloquii,
835 2446 937 2510 lilium
951 2466 1042 2509 suum
1054 2444 1251 2536 Stephanum

217 2566 289 2642 post
310 2580 344 2622 se
366 2546 575 2641 regnaturum
596 2558 712 2641 populo
736 2557 887 2641 prefecit,
909 2558 1002 2619 etad
1023 2557 1083 2618 hoc
1097 2555 1249 2619 corroho-

216 2668 365 2743 randum,
386 2689 406 2731 a
428 2669 560 2751 singulis
582 2678 812 2732 sacramentum
833 2667 949 2751 exegit.
980 2673 1049 2748 post
1063 2666 1123 2729 heo
1137 2665 1248 2748 plenus

218 2779 355 2854 dierum,
372 2799 455 2842 anno
470 2779 628 2842 dominice
643 2778 873 2843 incarnacionis
886 2777 1105 2842 hocce-mo.
1125 2776 1248 2837 llll-mo

217 2890 352 2953 Vll-mo.
373 2888 471 2953 seculi
492 2909 628 2972 nequam
651 2911 820 2973 erumpnas
838 2888 946 2955 celesti
967 2886 1099 2951 mutauit
1122 2885 1248 2969 gaudio.

219 3009 252 3065 et
271 3003 382 3064 eodem
402 3021 485 3098 anno
503 3003 615 3065 heatus
636 3002 803 3086 episcopus
818 3002 1006 3066 Adalhertns
1027 3018 1121 3064 nausa
1143 2998 1250 3083 predi-

219 3113 311 3178 candi
326 3112 417 3177 uerhi
431 3113 484 3177 dei
498 3112 657 3178 Prusciam
673 3114 849 3196 ingressus,
868 3113 913 3177 ibi
928 3113 1032 3196 palma
1045 3119 1182 3194 martyry
1196 3130 1249 3172 co·

218 3234 349 3293 renatus
364 3233 422 3291 est.

303 3448 351 3534 (6)
377 3451 452 3515 Post
470 3449 589 3514 obitum
613 3468 690 3512 uero
713 3449 822 3532 patris,
849 3450 1027 3532 Stephanus
1047 3448 1150 3512 adhuc
1172 3448 1249 3512 ado·

218 3561 361 3636 lesoens,
382 3563 493 3627 fauore
514 3562 690 3647 principum
712 3569 744 3624 et
764 3560 863 3643 plebis
886 3560 918 3621 in
937 3561 1032 3643 patris
1049 3559 1162 3624 solium
1182 3560 1251 3623 lau-

219 3671 366 3734 dabiliter
377 3683 556 3755 prouectus,
572 3671 749 3740 ardenciori
764 3671 870 3735 animo
885 3671 968 3754 oepit
981 3670 1121 3733 ueritatis
1136 3691 1250 3753 propa·

219 3790 309 3864 gater
331 3782 484 3858 existere,
506 3785 580 3867 quia
603 3785 748 3869 quamuis
768 3782 1092 3847 adolescendo-annis
1106 3783 1250 3857 floreret,

219 3912 285 3957 non
300 3876 404 3955 tamen
420 3912 474 3955 cor
489 3880 521 3958 in
538 3915 609 3969 ore,
630 3897 688 3959 sed
703 3916 737 3958 os
752 3894 785 3957 in
799 3894 894 3956 corde
908 3892 1053 3956 habehat
1079 3891 1251 3983 scriptura-

220 4023 289 4066 rum
304 4000 497 4076 diuinarum,
517 4003 633 4086 quihus
648 4004 790 4088 adprime
805 4003 972 4085 ssngrnhat,
994 4021 1058 4064 non
1073 3996 1251 4082 immemor,

221 4113 372 4180 iudicium
387 4122 418 4179 et
432 4113 587 4179 iusticiam
601 4113 634 4177 in
648 4115 748 4179 oculis
763 4115 976 4200 proponebat,
999 4112 1088 4180 iuxta
1100 4114 1179 4179 illud
1194 4116 1250 4181 Sa-
