2798 4764
230 358 295 425 590,
380 370 640 427 nonsummum
661 368 797 420 sueonos
817 373 973 421 suorssrs.
1015 353 1108 423 tert.

229 530 451 605 iamdudum,
480 529 644 603 uidelicet,
672 528 758 611 quod
778 527 849 595 laici
867 527 1029 601 ecclesius,
1055 528 1258 604 monasteria,

231 658 403 722 serumque
424 641 650 723 possessiones,
675 649 707 703 et
726 640 795 707 iura
814 639 889 706 iuris
911 649 1094 722 patronatus
1117 661 1174 705 seu
1195 639 1257 704 alio

231 773 420 836 quocunque
445 760 608 835 pretextu,
629 770 693 815 non
716 752 835 834 absque
856 753 1025 815 damnabili
1047 762 1078 815 ct
1093 753 1257 817 manifesta

230 864 385 946 sacrilegii
405 873 480 928 nota
494 864 584 946 quasi
605 863 820 931 indifferenter
834 873 1029 946 occuparunt
1042 865 1204 937 hactenus,
1225 873 1258 928 et

216 977 371 1060 'quotidie
399 984 574 1058 occupant,
612 985 644 1037 et
671 975 891 1041 damnabiliter
919 976 1059 1039 detinent
1087 986 1258 1057 occupata,

230 1107 363 1172 quarum
386 1087 490 1170 alique
512 1095 584 1151 sunt
603 1088 750 1168 deputate
772 1087 961 1151 habitationi
985 1096 1015 1150 et
1034 1088 1142 1150 usibus
1162 1089 1259 1150 laico-

230 1220 316 1273 rum,
337 1200 397 1263 alie
420 1219 497 1263 uero
513 1199 621 1261 usibus
641 1198 850 1263 iumentorum
867 1206 899 1263 et
914 1199 1046 1261 eliorum
1062 1199 1258 1273 animalium,

230 1310 379 1377 altaribus
403 1317 434 1372 et
455 1308 524 1373 aliis
548 1311 587 1373 ad
606 1309 721 1373 cultum
736 1309 878 1372 diuinum
897 1309 940 1373 ibi
956 1310 1077 1373 statutis
1093 1309 1144 1391 oia
1159 1311 1259 1373 deuo·

231 1420 322 1487 tione
336 1419 476 1485 fidelium
492 1429 523 1484 et
544 1420 728 1483 auctoritate
752 1419 934 1501 pontificum
949 1421 1115 1485 destructis
1130 1430 1162 1484 et
1177 1429 1258 1484 tota·

229 1534 301 1597 liter
315 1532 515 1605 deformatis,
536 1551 594 1595 nus
608 1539 717 1596 contra
732 1532 911 1595 huiusmodi
925 1541 1064 1615 pestem,
1085 1553 1179 1616 quam
1195 1534 1257 1614 pati

230 1644 317 1707 nullo
332 1646 425 1706 modo
442 1663 607 1723 possumus
622 1663 681 1707 neo
695 1643 846 1707 debemus
860 1644 988 1705 omnino
1002 1644 1201 1707 intendentes
1216 1645 1256 1708 de

230 1754 346 1821 salubri
360 1755 502 1817 remedio
518 1755 703 1836 prouidere,
728 1775 837 1819 omues
854 1764 886 1819 et
899 1756 1039 1838 singulos
1054 1757 1256 1819 ecclesiarum

231 1874 263 1930 et
282 1866 559 1939 monasteriorum,
580 1867 735 1929 bonorum
757 1887 794 1930 ao
815 1867 995 1931 huiusmodi
1016 1869 1195 1931 detentores
1217 1888 1258 1931 ex

229 1984 317 2060 parte
342 1977 394 2040 dei
414 1976 636 2060 omnipotentis
660 1986 692 2041 et
710 1979 768 2041 sub
793 1979 1007 2041 obtestatione
1029 1977 1126 2040 diuini
1150 1979 1258 2041 iudicii

229 2067 468 2163 ammonemus,¹
492 2099 647 2172 quatenus
672 2089 837 2164 ecclesius,
871 2091 1060 2153 monasteria
1083 2110 1257 2171 earumque

229 2201 445 2283 possessiones
467 2210 499 2265 et
518 2202 600 2276 iura,
623 2222 684 2283 qus
707 2202 810 2264 taliter
825 2210 1021 2282 occuparunt
1040 2222 1097 2265 seu
1117 2203 1258 2265 detinent

229 2322 394 2393 occupata,
415 2312 447 2374 in
463 2332 561 2395 regno
576 2321 607 2377 et
623 2312 712 2376 terris
726 2310 887 2394 predictis,
908 2312 1084 2376 diecesanis
1099 2312 1256 2394 episcopis

228 2420 281 2485 uel
295 2422 364 2483 aliis
380 2424 558 2497 ordinariis,
581 2431 633 2486 aut
648 2422 716 2485 aliis
731 2422 949 2488 ecclesiasticis
964 2424 1106 2504 personis
1121 2423 1161 2485 ad
1175 2442 1256 2503 quus

228 2534 372 2615 predicta
387 2544 529 2615 spectare
544 2543 726 2607 noscuntur,
748 2535 827 2597 insta
842 2555 899 2598 sex
913 2554 1037 2597 menses
1054 2553 1072 2595 a
1087 2535 1137 2596 die
1153 2534 1256 2616 publi·

227 2644 362 2705 cacionis
384 2646 537 2725 presentis
556 2645 791 2709 constitutionis
811 2646 1056 2727 computandos,
1078 2666 1149 2708 cum
1171 2646 1255 2708 sruc-

226 2754 309 2817 tibus
332 2755 447 2817 exinde
469 2757 623 2836 perceptis
644 2757 778 2821 reddero
798 2767 829 2820 et
853 2758 1017 2821 restituere
1040 2778 1102 2819 non
1126 2770 1254 2837 postpo-

229 2873 318 2939 nant,
348 2865 486 2948 alioqoin
513 2867 651 2948 prelatus
676 2869 867 2940 detentores,
897 2889 976 2950 qtros
1001 2871 1256 2932 excommunica·

229 2976 327 3039 tionis
349 2978 507 3040 sentencie
530 2979 727 3041 decernimus
748 2979 928 3052 subiacere,
949 2980 988 3041 ad
1009 2979 1253 3061 requisitionem

228 3088 352 3151 illorum
368 3088 613 3162 ordinariorum,
638 3089 669 3151 in
685 3110 819 3171 qnorum
835 3091 952 3153 diecesi
968 3093 1018 3152 uel
1038 3091 1254 3153 iurisdictione

230 3210 282 3264 tud
296 3201 436 3263 ecclesiis
451 3199 503 3263 uel
519 3221 626 3263 eorum
642 3202 733 3263 bouis
748 3210 780 3264 et
793 3201 912 3263 iuribus
928 3204 1070 3283 predicto
1084 3212 1157 3265 sunt
1171 3223 1257 3265 com·

228 3313 339 3386 missa,
372 3313 485 3376 uelde
511 3322 617 3375 cetero
643 3313 852 3386 comittentur,
887 3313 928 3375 ab
955 3315 1097 3375 omnibus
1126 3315 1255 3394 prelatis

208 3470 211 3478 ·
228 3427 315 3507 regni
337 3426 496 3506 ilungarie
515 3436 665 3507 trossulum
681 3426 719 3486 ud
734 3425 911 3506 Hungaros,
933 3433 965 3487 el
980 3426 1018 3486 nb
1033 3426 1092 3488 illis
1107 3427 1146 3488 de
1161 3426 1255 3487 Polo-

227 3536 294 3608 niu,
315 3545 465 3618 quantum
481 3537 520 3598 ad
536 3536 681 3607 Polonos,
700 3556 800 3616 usque
816 3535 855 3597 ad
870 3535 1104 3597 restitutionem
1119 3545 1150 3599 et
1163 3537 1255 3598 sutis·

227 3645 396 3709 lectionem
412 3647 597 3726 condignam
618 3646 902 3712 excommunicatos
923 3645 1046 3727 publice
1062 3645 1254 3727 precipimus

225 3755 386 3827 nunciati,
423 3755 550 3836 pulsatis
576 3757 733 3838 campanis
757 3768 786 3819 ct
813 3758 951 3819 oantlelis
977 3758 1116 3819 accensis
1141 3759 1254 3821 dicbus

226 3861 389 3929 dominicis
405 3872 436 3924 et
450 3862 582 3937 lestinis,
596 3876 704 3931 contra
717 3886 806 3948 quos,
820 3867 846 3929 si
862 3887 940 3945 optrs
955 3867 1065 3940 luerit,
1087 3869 1255 3932 innoeetur

225 3970 372 4039 auxilium
388 3972 504 4035 brucbii
517 3974 677 4037 secularis.

308 4080 374 4163 (53)
396 4083 474 4144 Cum
498 4084 629 4146 ecclesie
649 4104 685 4147 ac
707 4086 896 4151 monasteria
918 4092 1091 4152 secundum
1106 4089 1255 4152 tradicio·

226 4216 284 4261 uss
302 4194 511 4279 euangelicos,
532 4197 720 4278 apostolicus
743 4208 838 4281 atque
859 4202 1025 4267 canonicas
1045 4204 1108 4268 sint
1130 4211 1163 4267 et
1180 4223 1254 4271 esse
