2798 4764
215 348 278 415 tta
291 350 380 415 rena
388 364 434 415 arr
440 362 692 413 murmanis
700 362 857 411 nosrrrmr
867 360 1137 409 mensurnas.
1151 344 1244 409 lm

213 518 336 595 chiam,
355 519 409 583 uel
421 520 638 600 cuiuscunque
655 516 784 580 alterius
803 534 867 578 non
883 516 1026 588 incedat,
1046 514 1103 577 sed
1119 512 1241 576 uillicus

215 640 377 695 monetam
397 629 517 712 regiam
538 628 571 692 in
592 628 703 691 eadem
722 626 799 691 uilla
819 635 984 710 procuret,
1008 634 1041 689 et
1059 627 1146 689 iusta
1165 626 1243 708 legis

217 742 477 806 constitucionem
491 740 623 803 celebris
636 740 800 802 habeatur.

298 850 349 933 llll
372 851 497 915 Uillieus
511 851 610 914 eciam
624 850 765 932 ipsorum
780 868 841 912 una
857 868 929 912 enm
943 849 1110 912 duodecim
1122 849 1162 911 de
1177 868 1244 911 me·

216 963 346 1029 lienibus
368 964 407 1025 de
429 961 503 1025 nilla
523 962 564 1025 ud
578 960 788 1025 exhibendam
801 961 957 1023 iusticiam
972 959 1129 1043 deputetis
1143 960 1245 1021 horni-

85 1138 90 1145 .
217 1074 310 1139 nibus
331 1074 472 1137 eiusdem
496 1072 571 1136 uille
592 1072 646 1136 uel
668 1074 709 1135 de
733 1071 819 1146 aliis,
839 1092 899 1156 pro
920 1071 1049 1135 crimine
1077 1072 1109 1134 in
1131 1072 1243 1134 eudem

218 1187 397 1260 commisso,
425 1184 668 1266 decapitacionie
692 1184 746 1248 uel
769 1182 860 1247 aliam
884 1202 1106 1267 quamcunque
1130 1202 1244 1265 penam

218 1298 380 1382 infligendi
400 1296 515 1361 hebent
535 1304 739 1379 potestatem,
759 1296 818 1360 nisi
838 1295 950 1359 nobilis
966 1294 1134 1369 exstiterit,
1156 1294 1244 1358 cuius

216 1408 367 1475 iudicium
380 1407 536 1472 maiestati
550 1409 638 1492 regie
651 1415 841 1472 reseruetnr.

302 1518 349 1603 (e)
368 1522 405 1583 ln
423 1520 621 1585 institucione
642 1539 722 1584 uero
745 1564 894 1582 .......
916 1520 1003 1603 quod
1024 1518 1069 1582 eir
1090 1519 1138 1580 ius
1160 1538 1245 1581 com·

218 1650 316 1695 mnne
334 1640 551 1705 conseruetur,
571 1631 719 1695 uidelicet
741 1639 776 1694 ut
795 1629 855 1712 ipsi
878 1629 1007 1693 liberam
1022 1629 1159 1713 eligendi
1180 1629 1246 1710 ple·

219 1742 339 1807 benum
360 1742 497 1805 haheent
519 1740 715 1816 facultatem,
742 1760 838 1825 quem
864 1740 1100 1822 archiepiscopo
1128 1739 1246 1821 strigo-

218 1852 322 1919 niensi
336 1860 568 1935 representem,
583 1849 609 1916 si
624 1851 758 1915 idoneus
771 1851 866 1914 luerit
879 1850 1142 1923 confirmandum,
1156 1849 1245 1911 saluo

218 1962 254 2029 in
278 1964 424 2028 omnibus
448 1963 516 2026 iure
536 1962 759 2045 strigoniensis
784 1960 918 2026 ecclesie
941 1981 1038 2042 snper
1060 1960 1246 2033 redditibus,

219 2092 300 2161 qnos
313 2076 355 2140 de
368 2076 480 2139 eadem
495 2073 629 2138 eeclesia
643 2072 807 2156 percipere
821 2073 995 2136 consueuit.
1016 2073 1155 2135 decimas
1168 2090 1246 2134 uero

167 2246 178 2261 ‚
218 2206 309 2251 more
324 2187 568 2249 Teutoniecrum
590 2185 622 2247 in
644 2184 780 2266 eapeciis
798 2184 997 2267 persoluent,
1025 2191 1118 2266 prout
1138 2183 1247 2246 hacte-

218 2316 280 2363 nns
292 2318 353 2361 usu
367 2305 415 2361 est
428 2297 601 2361 obtentum.

232 2438 245 2453 ··
302 2406 371 2492 (10)
391 2408 505 2472 Libere
529 2427 607 2471 uero
632 2407 826 2472 condicionis
849 2406 1009 2481 homines,
1036 2407 1247 2488 undecunque

219 2520 303 2584 later
317 2538 374 2583 eos
388 2519 528 2584 habitere
549 2518 692 2582 uolentes
714 2519 824 2581 uenire
847 2517 1021 2592 noluerint,
1042 2518 1127 2581 omni
1147 2519 1248 2600 impe-

220 2633 360 2697 dimento
374 2640 534 2704 cessante,
554 2631 651 2694 saluis
664 2632 760 2694 rebus
769 2621 806 2693 'et
822 2630 966 2712 personis
986 2650 1021 2692 se
1034 2624 1248 2693 transferendi

219 2742 357 2808 noenu
372 2751 567 2825 potestatem.

302 2849 372 2933 (11)
393 2851 500 2914 Nullus
515 2860 619 2915 eutem
632 2872 758 2926 eomes,
776 2850 829 2916 uel
843 2851 905 2915 alio
921 2870 1111 2934 quoeunque
1125 2852 1246 2915 honore

221 2963 372 3049 preditus,
394 2963 439 3025 eis
460 2963 565 3026 inuitis
587 2963 619 3024 in
641 2963 782 3045 ipsorum
801 2963 875 3026 uille
893 2964 997 3027 ualent
1011 2962 1171 3045 hospitari.
1192 2963 1247 3045 qui

220 3084 326 3139 autem
342 3118 447 3137 .....
469 3076 684 3139 contradicent
696 3075 845 3158 hospitati
866 3075 997 3150 luerint,
1018 3077 1124 3139 omnia
1138 3075 1247 3138 merri-

219 3187 325 3251 monia
339 3186 421 3250 iusto
433 3185 542 3269 precio
556 3186 693 3251 debeant
706 3205 898 3271 comparare.

304 3296 370 3381 (12)
390 3298 422 3361 Si
437 3318 514 3362 nero
527 3318 637 3383 regem
655 3298 730 3362 illuc
742 3299 853 3362 uenire
868 3299 1073 3382 contingerit,
1093 3300 1180 3362 iuxta
1201 3299 1247 3361 le-

219 3406 343 3475 cnltatis
356 3411 485 3473 modum
499 3410 528 3473 ei
543 3419 685 3493 sumptus
699 3412 892 3475 necessarios
907 3411 1134 3474 administrent.

303 3520 371 3604 (13)
396 3524 471 3586 ltem
487 3522 591 3586 nullus
611 3523 752 3604 ipsorum
772 3523 964 3587 hereditates
985 3531 1016 3584 et
1030 3523 1247 3605 possessiones

220 3652 293 3699 anas
311 3633 499 3708 immobiles,
520 3633 552 3696 in
572 3633 713 3714 ipsorum
733 3633 874 3697 terminis
895 3631 1079 3699 constitutas
1102 3633 1246 3713 cuiquam

219 3744 360 3809 uendere
382 3745 482 3827 possit
503 3743 556 3807 uel
577 3744 738 3817 conterre,
766 3744 826 3806 nisi
848 3744 877 3806 ei
898 3718 958 3826 qul
974 3744 1065 3806 nubis
1086 3742 1248 3809 consimile

219 3853 389 3919 seruicium
405 3874 475 3918 cum
490 3856 565 3936 ipsis
580 3855 700 3918 ciuibus
715 3854 814 3939 ipsius
828 3853 903 3917 uille
917 3853 1089 3917 exhibebit.

302 3964 372 4049 (ll)
393 3967 470 4029 ltem
484 3966 666 4050 quicunque
687 3986 727 4031 ex
739 3965 815 4049 ipris
829 3966 897 4029 sine
910 3964 1029 4029 herede
1045 3966 1250 4039 decesserint,

217 4080 303 4145 bona
316 4098 372 4143 sua
386 4077 514 4142 mobilia
527 4079 701 4167 cuicunque
714 4077 871 4143 noluerint
885 4076 1086 4153 conterendi,
1106 4076 1245 4142 habeant

219 4189 410 4261 hanutum.
