2798 4764
177 312 239 377 628
278 326 411 399 sanun
425 327 471 375 m.
485 327 577 374 uois
589 326 742 395 nmnnrrs
753 324 1035 391 nsrmnuuconuu.
1057 308 1150 373 ΗΜ.

177 502 284 548 rarum
295 484 505 549 monumentis
519 484 558 547 ab
568 482 729 548 obliuione
740 482 956 547 uindicentur:
972 501 1069 564 quum
1081 480 1217 545 tandem

178 591 348 683 ¹aliquando
363 614 494 679 regnum
515 595 578 659 boc
594 604 736 659 nostrum
758 602 830 676 post
844 601 890 657 tot
903 592 1020 669 clades,
1041 600 1073 657 et
1087 592 1217 657 desola-

178 704 296 779 ciones‚
311 705 523 771 desideratam
536 726 648 790 pacem
663 713 805 778 nactum,
819 704 980 789 regnicole
993 724 1120 787 quoqne
1134 704 1218 767 ube·

176 816 267 882 rioris
288 818 371 900 pacis
394 826 425 882 et
447 820 685 882 commodorum
706 818 935 880 incrementum
950 815 1103 897 consequi
1123 813 1216 879 uale-

177 938 247 1003 ant,
275 949 333 992 nos
355 929 455 993 eciam
477 950 516 995 ex
537 929 625 1012 regie
647 929 820 994 clemencie
840 928 1060 991 habundancia
1082 926 1115 989 in
1138 947 1212 991 cam

176 1042 372 1125 potissimum
394 1061 501 1106 curam
522 1042 748 1117 incumbimus,
776 1048 812 1104 ut
831 1042 890 1104 sub
912 1040 994 1103 dulci
1020 1039 1101 1103 alme
1121 1041 1212 1122 pacis

178 1155 306 1230 umbra,
327 1175 437 1218 omnes
452 1155 570 1218 ordinis
592 1157 681 1237 regni
704 1152 821 1228 nostri,
842 1152 1037 1236 grauissimis
1051 1153 1125 1215 belli
1143 1173 1215 1216 mo·

179 1262 261 1328 tibus
282 1265 413 1341 attritos,
440 1264 590 1348 paulatim
609 1264 795 1338 restaurari,
827 1273 859 1328 et
879 1265 1025 1328 renouari
1049 1263 1215 1338 faciamus,

178 1386 214 1441 ut
234 1377 336 1441 taliter
351 1376 435 1441 idem
455 1398 589 1460 regnum
611 1386 770 1453 nostrum,
790 1377 823 1440 in
844 1376 1009 1459 pristinum
1023 1396 1113 1440 sunm
1130 1377 1215 1440 nito·

177 1508 261 1564 rem,
283 1509 346 1572 quo
367 1488 400 1552 id
420 1488 487 1553 fieri
510 1497 628 1575 potest,
648 1498 836 1572 reponatur;
859 1497 890 1552 et
904 1488 979 1571 qnia
999 1488 1080 1551 inter
1102 1487 1215 1550 omnia

178 1601 253 1664 boni
275 1600 391 1683 publici
412 1601 609 1666 restaurandi
629 1608 848 1676 monumenta,
869 1620 909 1662 ex
925 1599 1114 1662 minoratum
1130 1617 1214 1681 quo-

179 1733 258 1796 quc,
285 1714 318 1775 in
338 1714 513 1779 uisceribus
531 1721 616 1777 terre
639 1713 825 1796 plerumque
851 1713 1050 1785 herencium,
1078 1710 1217 1794 diligen·

179 1824 257 1886 ciori
266 1823 389 1887 cultura
400 1825 546 1888 uberiora
557 1825 723 1888 commoda
734 1833 765 1889 ct
776 1825 990 1889 emolumenta
1000 1826 1032 1889 in
1043 1825 1217 1888 uniuersos

180 1935 265 1999 ciues
280 1936 440 2000 dimanare
458 1936 761 1999 animaduertamus:
785 1937 917 2019 proinde

262 2045 308 2130 (1)
329 2048 442 2111 iisdem
467 2047 644 2130 hospitibus
665 2048 847 2122 Austriacis,
867 2069 925 2131 pro
946 2049 1023 2113 terri
1044 2048 1172 2111 fabricis
1197 2070 1217 2112 e

178 2157 251 2226 loco
265 2158 507 2224 bisen-Uurczel
527 2179 599 2223 cum
611 2159 801 2225 affidacione
823 2161 857 2223 in
879 2160 935 2223 bas
957 2171 1056 2224 terras
1071 2160 1219 2225 Ultrasil-

179 2292 278 2337 uanus
300 2273 432 2348 uocatis,
462 2280 494 2337 ct
513 2272 576 2336 buc
597 2270 740 2346 illocstis,
770 2293 944 2355 eorumque
966 2275 1221 2351 successoribus,

181 2386 324 2448 camdem
340 2383 515 2448 libertatern
535 2393 567 2446 ct
583 2385 694 2447 eadem
709 2385 791 2459 iura,
813 2387 929 2468 adque
944 2386 983 2448 ab
998 2385 1091 2448 inicio
1107 2389 1221 2452 uocati

180 2496 325 2571 suerunt,
340 2506 542 2571 rennuentes,
556 2505 588 2559 et
601 2505 763 2579 augentes,
784 2517 840 2560 nos
856 2518 983 2581 quoque
999 2499 1220 2576 concedimus,

181 2618 216 2672 ut
229 2609 367 2691 hospites
382 2608 604 2691 magistrique,
627 2617 658 2672 et
673 2608 748 2671 ferri
764 2608 859 2683 labri,
882 2629 1055 2691 eorumque
1071 2610 1221 2673 collabo-

181 2728 299 2793 rantes,
320 2720 392 2781 serri
415 2720 538 2782 fusores
561 2729 592 2782 ct
610 2719 759 2793 cultores,
780 2740 817 2782 ac
838 2740 947 2782 omnes
966 2720 1163 2782 laboratores
1186 2723 1220 2784 in

182 2850 290 2893 eorum
306 2830 485 2893 societatem
501 2831 575 2892 binc
593 2831 666 2894 inde
680 2833 942 2907 condescensuri,
963 2833 1074 2895 iisdem
1091 2831 1220 2896 iuribus

180 2939 387 3015 libertatibus,
409 2950 441 3004 et
461 2940 643 3014 indultibus,
665 2944 782 3025 adque
805 2944 908 3006 uocati
927 2944 1055 3018 luerint,
1078 2945 1117 3006 de
1138 2944 1220 3009 binc

182 3073 309 3137 quoque
326 3054 382 3126 uti,
397 3054 457 3115 frui
474 3061 505 3117 et
520 3052 674 3135 paudere,
690 3056 729 3117 ad
745 3056 841 3118 instar
856 3055 1067 3139 reliquorum,
1082 3057 1113 3118 in
1129 3057 1220 3122 dicta

181 3168 305 3230 Austris
340 3165 494 3248 superiori
523 3167 761 3229 constitutorum
790 3167 1045 3250 metallnrporum
1080 3178 1112 3231 et
1137 3170 1220 3235 lerri

181 3279 340 3342 labrorum
357 3279 417 3352 uti,
438 3277 498 3340 lrui
514 3287 545 3341 et
559 3279 697 3360 gaudere
712 3279 833 3360 possint
847 3280 878 3341 in
895 3289 1099 3362 perpetuum

264 3390 310 3473 (ἢ)
332 3412 462 3455 censum
478 3410 604 3473 quoque
619 3390 659 3452 ad
681 3390 778 3453 instar
793 3389 914 3454 illarum
935 3393 1058 3454 soluere
1080 3414 1146 3456 non
1163 3417 1220 3461 re·

182 3514 311 3579 cusent,
332 3524 433 3586 eaque
455 3512 608 3585 perpetua
629 3504 787 3586 gaudeant
808 3503 1028 3567 iurisdictionis
1050 3505 1219 3585 libertate,

182 3627 217 3680 ut
237 3616 396 3699 proprium
418 3635 546 3698 semper
559 3615 697 3678 babeant
715 3616 928 3697 magistratum
944 3624 975 3679 et
989 3617 1141 3693 indicem,
1165 3641 1221 3684 se-

182 3727 351 3809 nioresque
379 3727 537 3809 egremio
556 3726 681 3790 illorum
703 3748 760 3809 per
781 3727 878 3792 libera
901 3737 976 3791 nota
996 3729 1164 3812 eligendos
1186 3744 1222 3799 et

183 3837 432 3913 constituendos;
454 3858 559 3902 coram
574 3837 688 3921 quibus
704 3849 735 3902 et
751 3839 857 3903 nullibi
873 3840 963 3915 alibi,
984 3850 1090 3922 preter
1104 3854 1220 3911 nostre

181 3947 366 4022 maiestatis,
387 3955 441 4011 aut
455 3947 567 4012 iudicis
583 3950 830 4016 Taucrnicorum
846 3961 1030 4018 consuetum
1050 3952 1112 4016 iuri
1126 3965 1221 4025 stare

182 4066 358 4134 teneantur,
379 4078 437 4122 nec
451 4058 582 4124 iudicari
596 4060 727 4145 possint.
