2798 4764
215 334 287 403 tte
397 352 545 411 ‚mus
560 356 599 403 m·
612 356 705 405 seeo
723 354 892 405 ascusam
911 356 934 403 1.
976 334 1066 403 tm

217 514 292 579 ,turc
313 509 341 573 si
358 518 432 573 sunt
449 508 555 593 atique
574 509 687 575 cebete
708 509 761 573 uei
782 509 930 585 uendite,
958 509 1076 594 popolo
1096 509 1186 592 regui
1208 510 1249 574 sd

221 620 444 685 redimendum
458 620 641 686 reddantur.

243 768 246 773 ·
304 732 386 807 (27)
413 702 595 797 Marduriise
620 734 708 797 iuxta
736 734 996 799 consuetudinem
1031 753 1051 797 a
1078 731 1252 798 Colomauo

221 862 297 927 rege
319 845 519 909 constitutam
540 846 713 910 soluentur.

305 957 388 1033 (28)
412 952 445 1021 Si
469 957 540 1040 quis
570 958 682 1023 ordine
705 959 869 1023 iudiciario
895 959 990 1025 inerit
1013 959 1250 1034 condemnatus,

133 1110 137 1117 -
221 1067 326 1131 nultus
340 1076 503 1151 potentum
518 1070 618 1151 possit
632 1090 706 1133 eum
720 1071 903 1135 defendere.

303 1181 383 1257 (29)
404 1180 541 1245 Comites
555 1181 625 1247 iure
639 1182 804 1247 comitatus
824 1185 873 1247 sui
888 1191 1007 1249 tautum
1022 1183 1175 1259 fruantur,
1198 1203 1250 1247 ce-

221 1302 292 1360 tera
304 1293 345 1358 ad
358 1313 467 1377 regem
482 1294 687 1377 pertinencia,
699 1295 817 1360 scilicet
828 1296 996 1372 cibrioues,
1009 1297 1136 1372 tribute,
1149 1298 1249 1361 boues

223 1413 257 1473 ct
270 1407 348 1471 duas
364 1415 468 1488 partes
483 1415 656 1471 castrorum
670 1428 727 1471 rex
741 1407 892 1473 obtineas

305 1519 385 1595 (30)
406 1518 483 1583 Item
498 1519 673 1602 preterbos
684 1521 1023 1603 quatuoriobagioocs,
1034 1521 1153 1585 scilicet
1164 1521 1250 1603 pata·

220 1631 321 1695 tinum
329 1675 339 1707 ,
367 1631 499 1705 benum,
527 1632 658 1695 comites
685 1631 819 1698 curiates
847 1632 932 1718 regis
961 1642 993 1697 et
1016 1634 1143 1718 regine,
1170 1634 1249 1699 duas

222 1740 391 1825 dignitates
404 1741 510 1806 nulius
525 1750 641 1807 toneat.

302 1855 387 1932 (³1)
406 1855 447 1919 Et
466 1863 499 1919 ut
519 1855 581 1919 bec
600 1863 707 1925 nostro
722 1863 785 1920 tam
799 1856 962 1921 concessio
978 1875 1070 1940 quam
1086 1855 1247 1920 ordinacio

218 1966 263 2031 sit
280 1967 394 2031 nosbis
414 1975 658 2049 nostrorumque
680 1986 898 2033 successorum
913 1967 1108 2050 temporibus
1129 1967 1162 2030 in
1175 1987 1249 2050 per-

221 2084 352 2162 petuum
374 2078 520 2153 uelitum,
542 2098 612 2143 cam
633 2080 791 2144 conscribi
811 2080 943 2145 fecimus
962 2080 996 2143 in
1016 2090 1136 2163 septem
1159 2079 1248 2163 paria

219 2188 392 2266 literarum,
407 2199 440 2255 et
452 2210 549 2254 aureo
563 2191 666 2274 sigillo
680 2200 789 2256 nostro
802 2193 963 2257 roborari:
984 2194 1038 2267 ita,
1051 2193 1135 2275 quod
1150 2213 1247 2255 unum

219 2318 280 2386 ptr
292 2302 432 2367 mittatur
443 2302 579 2366 Domino
602 2321 683 2386 pepe
706 2312 738 2368 et
750 2302 819 2385 ipse
834 2303 867 2365 in
881 2312 1008 2387 regesto
1020 2322 1079 2366 suo
1094 2302 1188 2366 scribi
1204 2302 1250 2365 ia·

218 2412 300 2483 cist:
320 2415 497 2480 secundum
512 2433 611 2498 penes
623 2413 795 2497 hospitate:
821 2416 954 2481 tercium
970 2434 1067 2498 penes
1081 2413 1249 2497 temptum:

220 2533 366 2609 quartum
387 2527 470 2608 apud
493 2546 624 2608 regem:
647 2525 791 2607 quintum
811 2525 844 2589 iu
865 2526 1003 2609 capituto
1026 2525 1248 2607 strigoniensi:

221 2646 344 2701 sextum
365 2638 398 2699 in
414 2636 596 2701 Colocensi:
617 2637 786 2720 septimum
807 2638 891 2720 apud
912 2637 1102 2720 palatinum,
1124 2638 1177 2720 qui
1193 2659 1249 2718 pro

129 2828 132 2833 Ι
219 2756 365 2829 tempore
388 2747 499 2824 fuerit,
525 2757 717 2813 reseruetur.
753 2751 812 2823 ita,
834 2750 919 2832 quod
939 2750 1039 2831 ipsam
1061 2749 1249 2831 scripturam

220 2878 279 2943 pre
300 2861 397 2924 ocutis
417 2880 543 2944 semper
564 2860 696 2936 babens,
716 2880 776 2925 uec
795 2860 864 2944 ipse
878 2861 985 2927 deuiet
1005 2862 1038 2923 in
1057 2861 1163 2943 utiquo
1177 2880 1250 2943 pre·

219 2969 395 3045 dictorum,
422 2990 481 3034 nec
503 2991 627 3053 regem,
650 2973 701 3035 uel
721 2972 862 3046 nobiles,
882 2991 938 3034 seu
962 2972 1041 3035 aiios
1065 2973 1247 3035 consenciat

221 3080 368 3157 deniare,
389 3088 470 3147 utet
488 3083 549 3166 ipsi
562 3085 721 3167 gaudeant
733 3102 792 3147 sus
805 3082 965 3156 libertate,
988 3103 1025 3147 sc
1045 3093 1173 3167 propter
1187 3083 1248 3145 boc

220 3193 312 3259 nobis
331 3202 364 3258 et
385 3195 619 3259 successoribus
647 3214 773 3276 semper
797 3195 934 3259 existant
949 3193 1061 3260 fideles
1080 3204 1112 3259 et
1132 3213 1247 3258 corone

219 3306 309 3389 regie
323 3307 477 3389 obsequia
490 3305 596 3371 debita
610 3326 675 3370 non
689 3314 853 3390 negentur.
874 3307 960 3390 quod
979 3307 1007 3370 si
1026 3327 1104 3370 uero
1118 3327 1175 3369 nos
1197 3304 1248 3368 uel

220 3416 332 3500 aliquis
353 3437 568 3482 successorum
590 3427 787 3492 nostrorum,
809 3419 914 3502 aliquo
942 3438 1081 3501 unquam
1105 3426 1248 3499 tempore

218 3528 295 3595 baio
314 3531 517 3613 disposicioni
541 3541 650 3597 nostre
672 3532 828 3598 contraire
853 3532 1005 3606 uoluerit,
1036 3531 1167 3594 tiberem
1192 3530 1248 3591 ba-

218 3640 316 3707 beant
334 3642 446 3705 barum
469 3642 675 3717 authoritate,
702 3643 772 3707 sine
797 3653 872 3707 uota
891 3643 1021 3707 alicuius
1042 3639 1248 3712 infidelitatis,

218 3758 283 3815 tam
303 3752 461 3834 episcopi,
482 3772 578 3836 quam
596 3752 649 3817 alii
668 3755 852 3838 iobagiones
873 3774 910 3820 ac
928 3751 1053 3816 nobiles
1069 3750 1158 3832 regni
1180 3749 1250 3812 uni-

218 3862 302 3927 oersi
318 3872 349 3926 et
362 3862 496 3946 singuli,
516 3874 681 3947 presentes
702 3874 735 3931 et
754 3865 863 3941 taturi,
884 3862 1067 3946 posterique
1080 3859 1249 3925 resistendi

218 3980 252 4039 et
272 3973 508 4037 contradicendi
524 3976 617 4041 nobis
637 3984 671 4043 et
691 3976 808 4043 noscis
828 3971 1066 4041 successoribus
1087 3971 1119 4039 in
1134 3992 1249 4056 perpe·

218 4088 308 4151 tcum
321 4084 512 4151 iaoutmtem.

297 4198 411 4265 osum
429 4218 489 4285 per
504 4218 617 4269 mmm
635 4201 734 4281 Cteti,
751 4200 824 4269 ente
842 4207 950 4267 nostm
970 4198 1166 4277 ansolltffio
1184 4199 1249 4285 ΑΒ·
