2798 4764
237 324 300 392 dul
340 340 582 391 musanus
592 341 743 389 ussurus
752 341 911 389 sosarnus
920 342 1092 389 nemas.
1114 324 1204 391 Μ

320 501 376 575 (1)
397 506 432 561 ut
444 497 583 562 uillicum
597 497 679 561 inter
693 518 728 561 se
743 498 859 580 eligent
869 498 910 560 de
919 498 1081 560 communi.
1095 497 1267 574 uoluntate,

237 620 269 675 el
284 612 417 675 electum
431 612 472 673 ad
487 609 734 672 confirmandum
750 611 840 672 uobis
856 611 991 673 debeant
1003 620 1196 690 presentare.
1211 612 1266 692 qui

238 723 365 806 quidem
386 722 472 803 ipsos
489 721 628 803 hospites
651 721 683 783 in
704 720 850 784 omnibus
868 721 970 784 causis
984 720 1099 783 debeat
1115 722 1266 784 iudicare.

238 843 270 899 et
282 835 309 896 si
324 833 447 896 uillieus
462 834 494 894 in
509 833 671 895 reddenda
685 833 809 896 iusticia
823 833 862 894 de
877 832 1052 914 hospitibus
1068 832 1196 896 cuilibet
1210 855 1266 896 ex·

187 944 192 952 ’
235 954 347 1009 trsuco
363 944 559 1027 negligenter
572 963 608 1006 so
621 945 755 1025 gesserit
774 944 826 1006 uel
840 943 1000 1016 remissus,
1021 964 1084 1006 non
1099 943 1142 1005 illi
1158 944 1266 1026 hospi·

236 1066 285 1120 tes
305 1067 416 1119 contra
433 1075 513 1139 quos
527 1056 640 1137 agitur,
660 1056 718 1120 sed
731 1053 863 1127 uillicus‚
884 1053 1038 1118 citacione
1055 1054 1136 1125 sucta
1157 1074 1265 1117 coram

236 1169 326 1232 nobis
340 1169 454 1232 debeat
464 1167 643 1241 conueniri,
663 1167 751 1231 iuxta
764 1167 896 1229 aliorum
909 1166 1068 1247 hospitum
1083 1176 1263 1230 nostrorum

234 1280 421 1345 libertatem.

319 1395 376 1467 (ἢ)
398 1393 444 1454 Ad
458 1391 520 1453 boc
534 1391 727 1463 ordinamus,
749 1398 783 1453 ut
797 1388 921 1453 uillicus
935 1389 1075 1471 ipsorum
1090 1390 1121 1452 in
1136 1391 1265 1453 reuolu-

236 1506 327 1568 cione
342 1502 509 1566 cuiuslibet
522 1503 596 1565 anni
611 1503 726 1565 debeat
738 1503 896 1565 renouari.

320 1617 378 1692 (3)
399 1615 480 1677 Sane
499 1614 655 1687 uolumus,
676 1621 711 1676 ut
730 1614 810 1677 sicut
828 1613 927 1676 libere
948 1613 1093 1686 ueniunt,
1114 1614 1159 1676 sic
1173 1633 1265 1678 recc-

236 1727 312 1790 dant
324 1724 394 1786 luce
410 1725 512 1798 clara,
531 1724 668 1785 uenditis
687 1723 752 1786 suis
768 1722 897 1786 edificiis
912 1724 1054 1786 eiusdem
1074 1729 1159 1787 terre
1176 1723 1264 1787 inco·

234 1837 283 1910 lis,
303 1835 439 1918 terragio
455 1834 626 1916 persoluto.

237 1947 243 1997 i
320 1947 381 2022 (l)
403 1948 501 2009 Porro
516 1946 738 2021 concessimus,
753 1953 786 2010 ut
800 1945 828 2008 si
842 1946 912 2028 quis
923 1966 962 2009 ex
976 1947 1051 2028 ipsis
1064 1947 1134 2011 siue
1146 1947 1263 2011 libero-

234 2079 306 2125 rum
323 2058 441 2121 solacio
455 2057 642 2132 decesserit,
664 2058 704 2120 de
719 2057 864 2120 omnibus
884 2058 978 2122 rebus
999 2058 1064 2120 suis
1084 2059 1262 2140 cuicunque

236 2172 288 2236 uel
308 2171 550 2255 quibuscunque
572 2169 722 2244 uoluerit,
742 2171 874 2233 liberam
895 2164 1011 2233 habeut
1030 2171 1194 2233 ordinandi
1215 2171 1263 2234 ls-

235 2286 391 2349 cultatem.

250 2426 263 2452 .·
317 2397 375 2470 (5)
396 2395 543 2458 Preterea
557 2392 783 2466 ordinauimus,
804 2402 839 2456 ut
855 2394 977 2458 mansio
992 2394 1130 2474 quelibet
1144 2395 1264 2458 duode-

235 2508 296 2570 cim
320 2506 467 2569 denarios
485 2505 517 2566 in
539 2504 659 2567 octauis
678 2525 702 2566 s.
715 2505 841 2586 Georgii
862 2524 919 2586 pro
935 2524 1032 2566 censu
1052 2525 1110 2567 seu
1126 2507 1264 2587 terragio

234 2617 358 2680 soluere
374 2625 528 2680 tencatur.

318 2733 376 2805 (6)
398 2732 475 2794 ltem
500 2729 642 2791 dedimus
668 2729 713 2790 eis
739 2727 843 2790 iorum
866 2728 976 2810 quinta
998 2728 1075 2789 feria
1101 2727 1263 2791 celebran-
1368 2776 1372 2789 .

234 2842 319 2903 dum.

317 2952 428 3012 llatum
445 2969 501 3032 per
516 2967 626 3013 manus
634 2949 785 3023 ‘Furcasii
801 2949 893 3014 electi
904 2950 1057 3024 athensis,
1072 2950 1142 3014 aule
1155 2961 1262 3014 nostre

233 3061 500 3135 uicecancellarii,
528 3081 611 3123 anno
638 3062 792 3124 dominice
817 3060 1046 3123 incarnacionis
1070 3061 1261 3123 MCCLXlll.

233 3173 321 3258 regni
336 3182 440 3237 autem
456 3173 552 3235 nostri
568 3192 651 3236 anno
666 3171 806 3233 XXVlll.
