2798 4764
286 362 545 431 cbus'rrrnrrouss
560 383 773 429 sancirentur
787 384 828 427 ar
842 382 1000 429 noemma.
1020 367 1112 431 taos.
1154 369 1214 432 635

271 535 335 619 (tls)
356 537 445 609 Etsi
471 537 524 619 qui
551 536 767 619 religiosorum
796 537 977 598 huiusmodi
1002 539 1215 600 excommuni-

188 658 285 721 catos,
306 649 358 711 uel
383 646 475 720 alios,
503 656 537 710 ut
559 648 703 728 superius
728 656 776 709 est
798 666 997 728 expressum,
1022 649 1062 708 ad
1083 648 1213 712 ecclesie

187 769 382 824 sacramenta
398 760 574 832 admiserit,
595 759 626 819 in
642 759 707 822 uita
722 759 774 820 uel
790 758 821 819 in
837 766 953 831 morte,
975 767 1089 820 extunc
1105 780 1213 823 omnes

188 872 240 954 qni
257 872 296 933 de
311 872 368 933 ista
384 868 537 950 religione
553 890 621 932 esse
638 870 874 951 dignoscuntur,
897 870 936 930 ab
952 870 1095 930 omnibus
1111 871 1215 952 regni-

186 982 261 1043 colis
286 981 485 1060 eleemosyna
512 980 686 1060 priuentur.
721 987 752 1041 et
775 980 956 1060 quicunque
982 999 1021 1039 ex
1046 979 1213 1059 regnicolis

187 1092 331 1154 iratribus
354 1090 434 1153 illius
456 1090 626 1172 religionis,
655 1089 714 1151 sibi
737 1090 887 1170 proximis
910 1089 962 1151 uel
981 1088 1090 1150 alienis
1104 1097 1214 1151 contra

187 1204 245 1265 bec
263 1209 377 1265 statuta
397 1201 613 1283 eleemosynas
634 1201 848 1282 porrexerint,
877 1200 1213 1263 excommunicacionis

187 1315 395 1386 sentenciam,
417 1332 539 1374 exnunc
554 1312 647 1374 latam
661 1312 822 1373 incurrant
836 1312 905 1393 ipso
921 1312 1012 1374 lacto.

269 1421 335 1504 (15)
357 1423 506 1485 Dominus
518 1433 620 1486 autem
633 1444 689 1486 rex
701 1424 831 1485 eosdem
844 1422 1130 1484 excommunicatos
1145 1421 1211 1484 sine
1237 1397 1242 1416 ⁸

188 1536 320 1615 strepitu
347 1532 549 1605 iudiciorum,
575 1533 600 1594 si
623 1535 662 1595 de
684 1533 731 1595 bis
751 1552 809 1613 per
828 1533 999 1594 ueridicam
1022 1532 1212 1596 relacionem

189 1644 379 1716 constiterit,
400 1644 505 1705 debita
519 1662 601 1724 pena
613 1643 717 1716 leriat,
738 1643 764 1704 si
779 1645 873 1706 ceteri
889 1644 1134 1706 satisfactionem
1149 1664 1213 1707 non

188 1756 380 1826 curauerint,
402 1763 434 1816 et
448 1754 568 1816 absolui
585 1773 647 1815 non
662 1756 902 1835 procurauerint
915 1757 982 1816 sine
997 1776 1095 1818 mora.

268 1865 333 1947 (to)
354 1868 491 1928 Barones
507 1866 604 1928 eciam
620 1864 674 1928 uel
687 1866 807 1928 nobiles
821 1868 928 1949 regni,
942 1865 969 1927 si
984 1887 1040 1948 pro
1056 1868 1211 1949 aliquibus

186 1977 437 2040 malefactoribus
455 1977 705 2049 intercesserint,
725 1978 757 2037 in
778 1977 871 2037 latam
890 1996 1015 2038 exnunc
1031 1996 1212 2038 excommu-

186 2089 355 2150 nicacionis
371 2089 580 2159 sentenciam,
601 2088 762 2149 incurrant
776 2088 843 2167 ipso
859 2086 950 2147 sacto.

269 2196 334 2278 (17)
357 2198 524 2260 Statuimus
545 2197 662 2269 eciam,
682 2198 810 2258 utsicut
824 2206 963 2277 exparte
978 2195 1211 2277 regnicolorum

187 2309 356 2391 precipitur
370 2307 439 2370 fieri
455 2317 675 2390 occupatorum
690 2308 869 2381 restitucio,
890 2310 934 2369 sic
952 2308 1050 2369 eciam
1065 2308 1210 2370 dominus

186 2440 258 2493 rex,
279 2421 318 2482 ad
340 2420 479 2481 omnium
499 2429 737 2500 occupatorum,
760 2438 820 2500 que
836 2419 1053 2491 ecclesiarum,
1076 2427 1108 2480 et
1121 2419 1212 2481 nobi-

186 2532 262 2592 lium
286 2551 356 2592 esse
382 2531 604 2602 dinoscuntur,
632 2528 868 2591 restitucionem
890 2537 1043 2592 teneatur.
1074 2531 1159 2610 quod
1184 2529 1210 2590 si

186 2662 248 2705 non
264 2642 391 2714 lecerit,
413 2642 604 2704 sentenciam
619 2638 954 2703 excommunicacionis
978 2662 1034 2723 per
1049 2641 1209 2703 dominum

187 2754 457 2835 archiepiscopum
479 2772 517 2814 ex
537 2772 692 2814 consensu
715 2752 923 2834 prelatorum,
952 2751 1131 2824 ferendam,
1162 2752 1211 2813 in-

185 2874 298 2928 currat.

267 2972 333 3055 (18)
355 2966 394 3036 Et
412 2973 438 3035 si
452 2973 555 3056 aliqua
569 2994 642 3057 pars
657 2977 760 3058 regni,
782 2997 971 3060 quocunque
986 2977 1075 3039 titulo
1090 2975 1141 3037 uel
1156 2995 1210 3037 co·

184 3086 264 3160 lore,
286 3106 343 3167 per
357 3105 576 3169 quemcunque
594 3108 704 3169 regum
723 3089 856 3152 alienata
874 3087 1044 3159 extitisset,
1067 3094 1210 3148 teneatur

183 3216 353 3270 reuocare,
377 3206 408 3260 et
422 3198 506 3260 idem
522 3199 666 3260 dominus
681 3221 737 3261 rex
753 3200 791 3260 ad
807 3201 855 3262 ius
871 3199 1007 3280 regium,
1030 3205 1061 3259 ut
1076 3216 1208 3277 regnum

186 3307 352 3387 ilungarie,
366 3309 455 3388 quasi
467 3308 624 3389 quoddam
639 3311 687 3370 ius
703 3316 800 3369 totum
813 3329 939 3371 suarum
956 3309 1053 3388 possit
1067 3305 1208 3386 parcium

183 3415 359 3498 integritate
380 3418 535 3499 gaudere,
556 3417 745 3479 sentenciam
767 3419 863 3498 ipsius
879 3416 1107 3499 archiepiscopi
1122 3416 1207 3477 colo·

183 3526 296 3601 censis,
318 3548 412 3609 quam
435 3529 473 3590 de
494 3548 648 3590 consensu
669 3528 861 3610 prelatorum
880 3531 985 3610 regni,
1008 3539 1091 3592 esset
1105 3531 1207 3592 incur·

181 3658 283 3710 surus,
305 3639 330 3699 si
351 3639 428 3712 boc,
450 3639 589 3720 legitimo
612 3639 836 3719 impedimento
858 3649 1016 3713 cessante,
1047 3642 1130 3702 idem
1152 3642 1208 3702 do·

182 3749 283 3810 minus
298 3769 354 3811 rex
370 3748 543 3831 neglexerit
558 3751 738 3811 emendare.

265 3857 329 3938 (19)
352 3859 429 3922 ltem
444 3861 627 3932 statuimus,
649 3861 732 3943 quod
755 3861 781 3923 si
796 3863 859 3925 duo
875 3864 990 3927 suerint
1004 3865 1132 3939 fratres,
1154 3876 1208 3929 aut

182 3967 289 4048 plures
302 3970 341 4031 ad
356 3970 492 4034 inuicem
508 3971 592 4035 nulla
608 3975 761 4037 diuisione
776 3974 876 4049 facta,
896 3976 930 4037 in
948 3977 1013 4039 suis
1032 3977 1208 4058 possessio-

180 4078 273 4140 nibus
297 4079 506 4157 hereditariis,
536 4093 568 4147 et
591 4106 656 4150 non
681 4085 844 4174 acquisitis
866 4095 1103 4157 commorantes,
1129 4103 1210 4145 unus

179 4187 321 4268 illorum,
347 4192 401 4275 qui
423 4194 527 4259 utilior
547 4208 579 4261 et
601 4207 705 4277 acrior
724 4206 884 4289 repertus
903 4193 1004 4265 luerit
1016 4199 1095 4258 inter
1115 4195 1217 4272 ipsos,
