2798 4764
373 380 517 431 andraea
539 379 647 430 sanent
666 381 796 430 amaret
815 379 903 430 nucis
930 357 989 450 (d).
1135 360 1196 431 197

165 536 211 602 uti
226 539 280 621 qui
301 537 375 600 huic
394 537 502 601 diuino
518 538 676 624 colloquio
691 547 722 602 et
742 538 811 601 aliis
831 536 1015 621 plerumque
1033 538 1118 602 solus
1139 539 1196 604 ad·

166 659 248 724 erat,
271 671 310 713 ne
331 649 479 733 cuiquam
502 672 570 714 rem
589 651 770 714 huiusmodi
792 669 893 733 usque
916 650 955 712 ad
969 650 1087 713 obitum
1102 656 1194 714 suum

166 762 342 844 apperiret,
363 761 558 825 obsecrando
573 762 788 825 interdicebat
810 761 869 823 hec
886 769 916 823 et
931 761 1115 843 quamplura
1129 762 1195 825 uir·

165 880 265 935 tutum
288 871 423 953 insignia
446 881 594 954 tanquam
619 872 653 934 in
676 881 801 934 secreto
823 872 935 934 mentis
956 871 1100 936 cubiculo
1119 888 1195 934 con·

167 984 270 1057 clusa,
299 1004 395 1062 penes
419 992 562 1046 sanctum
586 984 787 1047 Homericum
811 983 1009 1058 tenebantur,
1038 993 1069 1047 et
1093 1004 1193 1068 usque

167 1096 240 1158 dum
263 1095 362 1157 fracta
385 1103 433 1158 est
453 1094 588 1177 ampulla
603 1104 634 1159 et
648 1096 727 1158 odor
743 1104 974 1179 unguentorum
990 1095 1121 1158 dillusus
1136 1105 1195 1172 eet,

166 1207 411 1289 absconditaque
428 1207 665 1289 detegebantur.

250 1424 297 1511 (6)
315 1430 438 1493 luterea
454 1450 524 1492 cum
540 1449 579 1493 ex
594 1437 724 1512 paterna
739 1431 951 1513 disposicione
965 1432 1056 1514 uirgo
1070 1430 1194 1507 nobilia,

168 1549 276 1622 utpote
291 1549 357 1604 orta
372 1542 412 1604 de
427 1541 525 1624 regali
540 1543 696 1624 prosapia,
718 1542 809 1604 heato
824 1543 989 1605 llemerico
1004 1544 1194 1624 desponsata

167 1659 252 1714 esset
272 1659 304 1715 et
324 1652 473 1726 adducta,
493 1660 528 1714 ut
543 1673 582 1715 ex
597 1660 729 1735 utraque
743 1654 843 1736 regali
860 1653 943 1716 linea
961 1653 1047 1736 regia
1061 1651 1195 1736 posteri·

166 1771 213 1826 tas
228 1763 260 1824 in
276 1773 434 1845 posterum
449 1766 652 1838 succederet,
673 1764 741 1846 ipsc
762 1764 919 1827 carnalem
941 1765 1194 1846 generacionem,

166 1892 228 1956 que
246 1872 455 1956 corruptibilis
471 1882 527 1948 eet,
550 1874 702 1957 spirituali
724 1876 886 1958 proposito
902 1874 1087 1959 uirginitatis
1109 1881 1195 1957 post-

165 2005 302 2068 ponens,
332 1986 457 2048 ieiuniis
479 2005 593 2067 corpus
617 1988 803 2060 macerauit,
832 1988 967 2049 animam
986 1997 1090 2050 autem
1111 2005 1194 2069 pane

166 2098 255 2160 uerbi
271 2097 321 2160 dei
336 2099 502 2171 saturauit,
524 2118 563 2161 ne
578 2119 640 2181 qua
655 2100 756 2162 carnis
772 2098 908 2162 titillacio
924 2099 954 2162 ei
970 2100 1194 2175 dominaretur,
1244 2076 1246 2080 ’

166 2218 198 2273 et
211 2210 327 2272 intacte
343 2230 400 2271 sue
415 2210 556 2292 coniugis
576 2212 789 2293 incorruptam
811 2211 951 2274 seruauit
971 2211 1193 2293 uirginitatem.

166 2339 185 2382 o
206 2320 348 2382 miranda
367 2321 489 2383 iuuenis
512 2321 727 2395 continencia,
749 2323 803 2402 qui
822 2321 908 2385 sonte
930 2321 1128 2384 lacrimarum
1144 2341 1195 2384 re-

165 2431 273 2494 stinxit
294 2433 409 2495 amoris
430 2433 592 2506 incendia,
619 2435 839 2514 flammamque
861 2439 990 2514 portans
1011 2433 1043 2493 in
1064 2431 1195 2514 gremio,

165 2562 228 2606 non
244 2545 393 2607 urebatur
406 2545 473 2607 eius
488 2544 645 2606 incendio.
679 2544 796 2626 grande
811 2551 860 2606 est
873 2544 956 2606 enim
971 2552 1002 2607 et
1016 2564 1097 2626 pene
1112 2545 1194 2608 ultra

166 2656 330 2720 mortalem
354 2665 497 2719 naturam
512 2676 698 2739 corpoream
719 2658 823 2739 sopire
840 2656 1012 2733 luxuriam,
1034 2664 1065 2719 et
1080 2676 1195 2721 concu-

63 2761 76 2772 “
165 2767 327 2851 piscenciel
347 2771 504 2831 dammam
533 2769 751 2832 adolescencie
775 2768 894 2830 lacibus
923 2788 1104 2842 accensam,
1135 2769 1191 2832 do-

164 2881 239 2942 mini
258 2880 370 2943 uirtute
390 2882 604 2962 restinguere,
626 2889 658 2943 et
672 2880 825 2962 spirituali
841 2888 954 2943 conatu
970 2880 1193 2943 iuraoblecta·

165 2993 263 3056 ciouis
285 2993 471 3068 excludere,
499 2991 609 3055 uiuere
631 3001 740 3058 eontra
760 2992 890 3056 humani
910 2993 1034 3074 generis
1054 3012 1193 3069 morem,

166 3101 331 3186 despicere
345 3102 462 3166 solacia
473 3103 652 3185 coniugum,
667 3103 864 3167 dulcedinem
876 3112 1100 3185 contempnere
1113 3100 1197 3165 libe·'
1239 3100 1241 3105 ’

164 3233 291 3288 rorum,
312 3220 345 3276 et
362 3233 560 3296 quecumque
580 3213 736 3295 presentis
759 3214 823 3277 uite
844 3232 914 3276 esse
934 3213 1101 3274 commoda
1121 3229 1194 3292 poa·

167 3334 248 3400 suut,
263 3345 319 3407 pro
333 3325 449 3388 nichilo
465 3347 522 3408 spe
535 3325 639 3389 future
654 3325 856 3388 beatitudinis
868 3332 1058 3404 computare.
1080 3340 1194 3404 magua

168 3434 229 3497 laec
249 3420 361 3499 ut'diai
381 3445 414 3499 et
426 3436 617 3498 admirabilia
642 3434 739 3498 uirtus
754 3444 812 3498 est.
842 3442 872 3497 et
886 3454 950 3496 uon
963 3432 1120 3510 immerito
1136 3451 1194 3514 pro

168 3544 383 3628 magnitudine
398 3546 513 3609 laboris
528 3547 575 3608 sui
590 3546 710 3629 ingenti
731 3547 852 3627 premio
871 3544 1034 3609 destinata.
1062 3563 1195 3627 magona

168 3655 296 3741 quidem
311 3666 359 3721 est
373 3657 529 3740 pudicicie
544 3659 643 3732 labor,
664 3660 721 3721 sed
736 3657 836 3721 maius
851 3657 1016 3741 premium.
1038 3663 1197 3739 tempora·

167 3768 205 3832 lis
219 3769 376 3843 custodia,
404 3771 460 3832 sed
480 3770 698 3833 remuneracio
713 3779 831 3833 eterna.
858 3772 897 3832 de
913 3769 1026 3852 quibus
1040 3769 1196 3833 lohannes

166 3881 199 3944 in
227 3880 399 3964 apocalipsi
430 3882 500 3944 ait:
529 3882 562 3944 hi
588 3872 737 3946 secuntur
761 3901 876 3966 agnum
902 3901 1091 3966 quocunque
1114 3882 1199 3946 ierit.

167 3990 255 4076 quod
274 3991 318 4058 ita
340 3992 578 4076 intelligendum
596 4001 690 4075 puto,
711 3992 815 4057 locum
837 3992 957 4056 nullum
973 3992 1019 4057 eis
1040 3992 1073 4054 in
1089 3991 1199 4056 celeati

168 4103 240 4169 aula
264 4103 491 4181 claudendum,
518 4112 551 4170 et
572 4114 684 4170 cuncta
708 4106 754 4170 eis
779 4106 975 4173 diuersarum
1000 4104 1198 4168 mansionum

169 4213 351 4287 habitacuh
362 4214 542 4287 ammte
563 4215 621 4286 aad
636 4224 672 4287 ut
683 4215 835 4286 illustrius
852 4214 1039 4307 uirginitati·
1052 4213 1200 4282 meritum
