2798 4764
280 368 428 419 murmur
438 367 581 417 rrucorr
594 369 665 417 vrri
680 369 705 417 s
715 369 869 419 smrnnu
881 370 973 419 nuum
985 348 1064 438 (bi).
1126 354 1187 423 iffi

156 529 247 599 runt,
276 523 415 607 greciam
438 521 575 604 petituri.
602 542 696 605 quum
710 542 784 586 mox
799 523 975 598 consecuti,
999 524 1189 589 contractio-

159 655 232 700 nom
246 653 418 699 neruorum
435 635 468 697 in
481 632 547 697 filio
562 634 697 698 distendi
711 635 921 711 mirabuntur,
941 645 973 699 et
987 637 1187 703 oonsulidut‘n

160 747 292 831 genibus
303 755 335 810 et
344 744 467 827 plantis,
482 765 591 809 omnes
607 765 679 810 eum
692 746 892 810 incedentem
903 747 1058 823 uidentes,
1072 749 1188 813 Cbristi

158 877 293 933 nomen,
314 858 346 920 in
366 857 449 921 beuti
471 857 530 920 uiri
544 858 663 920 meritis
677 857 826 921 laudabili
841 857 976 922 clamore
992 858 1188 942 glorificans·

157 977 240 1034 runt.
264 988 359 1052 quem
373 987 429 1030 rex
444 968 505 1031 deo
520 969 664 1044 deuotus,
686 989 742 1051 pre
756 969 852 1032 nimio
868 970 984 1052 gaudio
999 970 1189 1048 lacrimatus,

159 1083 302 1146 munibus
326 1101 346 1145 u
368 1088 450 1144 terrs
471 1080 625 1156 leuatum,
652 1081 693 1144 ud
715 1081 812 1144 uitare
839 1081 993 1163 portauit,
1026 1082 1078 1145 ubi
1102 1084 1189 1146 imno

159 1193 260 1258 leudis
273 1193 405 1276 prolato,
425 1193 547 1276 grucim
561 1192 639 1266 deo,
659 1211 717 1274 pro
732 1191 893 1255 beneficiis
906 1193 1044 1274 prestitis
1057 1193 1091 1256 in
1105 1193 1190 1257 sani-

161 1314 224 1373 ute
236 1305 345 1389 pueri,
359 1322 431 1366 eum
446 1303 590 1368 omnibus
605 1304 659 1386 qui
674 1305 804 1367 aderunt
818 1302 1032 1369 incurabiliter
1046 1304 1119 1387 ogit.
1143 1305 1190 1369 sin

161 1415 257 1480 tntum
270 1422 395 1478 noctem
406 1416 483 1478 deus
498 1435 556 1497 per
566 1413 673 1477 famuli
686 1415 736 1478 sui
753 1416 1005 1490 neneruoionsm,
1019 1416 1189 1481 multorum

162 1526 334 1609 fulgoribus
348 1527 510 1609 signorum
526 1525 708 1589 mirabiliter
722 1525 940 1608 perlustrauit,
960 1526 1096 1608 populus
1112 1544 1190 1592 uero

162 1638 277 1723 uigiliis
296 1647 328 1703 et
348 1637 547 1701 oracionibus
567 1638 721 1713 intentus,
742 1637 928 1700 miraculum
941 1640 1190 1724 unumquodque

160 1748 290 1814 laudum
312 1748 500 1812 clamoribus
520 1749 722 1813 manifestum
742 1749 847 1812 fucere
866 1767 931 1812 non
952 1750 1106 1815 cessabat
1140 1750 1190 1815 bis

160 1860 363 1925 inserendum
382 1861 509 1924 uidetur
530 1868 562 1923 et
579 1859 674 1937 iilud,
695 1861 781 1944 quod
802 1879 867 1924 non
880 1860 982 1925 solnm
1001 1861 1047 1924 ibi
1059 1872 1192 1945 prescri-

162 1982 226 2048 tes,
247 1972 304 2036 sed
324 1973 418 2054 longe
439 1991 567 2054 quoque
585 1973 696 2055 positi,
723 1948 965 2055 ruursgarbibus
986 1973 1054 2037 eins
1072 1974 1191 2041 moritis
1232 2041 1234 2045 Α

163 2084 320 2147 celebrem
334 2083 495 2146 consecuti
516 2092 590 2148 sunt
602 2084 711 2147 salutis
724 2086 882 2147 effectum.
913 2104 985 2147 nrm
1000 2104 1070 2148 cum
1085 2086 1192 2151 eleus-

164 2195 263 2258 cionis
286 2193 385 2276 ipsius
409 2193 550 2276 undique
575 2194 712 2276 cepisset
735 2194 819 2258 inmn
844 2196 1062 2271 crebrescere,
1095 2196 1192 2262 uariis

161 2305 281 2369 obsessi
301 2305 522 2387 languoribus,
543 2325 584 2368 ex
599 2305 743 2368 omnibus
757 2305 918 2388 Hungurie
931 2303 1049 2369 finibus
1069 2305 1109 2368 sd
1124 2305 1192 2369 eius

160 2423 302 2480 sunctum
324 2414 497 2491 tumulum,
517 2434 581 2499 quo
602 2415 737 2498 quisque
762 2422 884 2497 poterut
904 2416 1017 2490 modo,
1041 2414 1191 2480 festinus

161 2534 324 2610 oeperunt.
352 2527 410 2590 sed
424 2545 495 2591 cum
510 2526 578 2591 uiiis
593 2526 851 2608 precedentibus,
874 2525 926 2590 ulii
948 2526 1084 2609 grsuiori
1105 2525 1193 2591 debi-

164 2636 248 2702 iituts
271 2636 438 2720 prohibiti,
465 2636 558 2700 simul
579 2638 747 2720 pumenire
761 2638 946 2719 nequirent,
974 2636 1067 2703 simili
1087 2644 1193 2708 turum
1290 2646 1293 2651 “

162 2749 394 2824 misericordis,
416 2749 450 2811 iu
470 2748 523 2812 uis
543 2748 699 2812 innumeri
720 2749 821 2813 suncti
842 2756 924 2812 sunt.
959 2749 1045 2812 unde
1067 2748 1100 2811 iu
1123 2764 1195 2831 por·

163 2880 345 2925 mansurum
367 2859 594 2925 beneficiorum
614 2860 713 2924 suncti
734 2861 817 2944 regis
832 2861 1031 2936 memorium,
1052 2859 1195 2944 compiu-

163 2992 214 3038 res
235 2993 295 3057 per
307 2992 382 3037 curn
403 2973 529 3037 sunituti
548 2973 680 3047 redditi,
700 2973 734 3035 in
748 2973 862 3037 eodem
875 2973 930 3037 ubi
944 2974 1044 3037 suncti
1058 2980 1132 3037 suut
1143 2972 1196 3039 id·

165 3078 252 3150 neris
263 3084 352 3160 loon,
372 3085 508 3168 grandes
531 3091 783 3167 uggmguuemnt
803 3103 936 3150 tremos
959 3084 1118 3167 lapidum,
1137 3085 1194 3169 qu

164 3196 260 3281 longo
272 3196 318 3261 ibi
330 3204 483 3278 tempore,
497 3195 699 3278 postmodum
711 3195 851 3259 inerunt.
871 3194 930 3259 sed
944 3201 977 3259 et
989 3193 1103 3259 mulier
1114 3212 1196 3276 quse
1262 3276 1268 3284 .

167 3309 257 3384 dum,
276 3307 444 3373 cuminter
456 3307 518 3371 bec
530 3305 613 3371 fitius
630 3307 700 3371 eius
714 3307 870 3371 exalasset
882 3306 1045 3388 spiritum,
1065 3303 1120 3387 qui
1135 3303 1195 3369 ribi

168 3417 271 3483 meru
290 3418 418 3492 unicus,
439 3417 584 3482 exanime
604 3417 670 3481 nuti
688 3436 805 3499 eorpus
823 3415 912 3481 iuxta
925 3415 1025 3478 sancti
1038 3414 1124 3498 rogis
1144 3421 1197 3481 ttr-

168 3529 288 3595 muimn
305 3531 468 3613 deposuit,
489 3529 541 3593 dei
562 3536 594 3594 et
613 3528 716 3594 suncti
736 3528 804 3592 eius
822 3545 972 3608 supereo
991 3523 1197 3609 imploraturn

168 3641 319 3707 solamen.
342 3642 423 3706 mirs
437 3641 563 3725 quidem
578 3660 640 3714 res,
662 3648 694 3704 et
706 3639 823 3704 nostru
836 3639 1034 3723 obstupenda
1047 3638 1197 3722 mmccci-

168 3755 243 3830 bus,
264 3773 329 3817 nou
348 3753 435 3837 prius
456 3752 571 3817 mulier
584 3770 674 3816 orure
697 3750 832 3825 destitit,
852 3768 948 3834 quum
960 3748 1080 3828 uuum,
1100 3768 1196 3834 qun

168 3865 352 3931 defunctum
366 3865 595 3941 codncuusrut,
615 3864 777 3930 muentem
791 3863 923 3948 resumt-

250 4052 317 4173 (ᾖ)
338 4090 432 4156 Mune
453 4089 537 4156 insto
560 4089 611 4155 dio
631 4096 704 4174 post
726 4088 979 4176 ussumprionem
1001 4087 1197 4156 surdissime

166 4202 303 4292 uirginis
320 4203 422 4270 Herio
446 4202 574 4290 sunto,
599 4203 861 4271 conuenientibus
878 4202 916 4269 in
934 4198 1101 4269 ecclesium
1123 4214 1198 4267 m
1332 4303 1337 4315 1
