2798 4764
449 998 593 1062 INCIPIT
618 999 735 1060 LIBER
757 997 966 1061 SECUNDUS.

275 1281 298 1342 t.
340 1280 384 1341 Do
397 1279 491 1357 repeti
507 1278 570 1338 dote
585 1278 624 1337 od
639 1278 796 1338 ecclesiam.
835 1276 949 1337 Decem
965 1276 1039 1338 uiIIe
1055 1276 1221 1340 ecclesiam

195 1391 357 1464 edificent,
379 1409 473 1471 quam
495 1389 618 1450 duobus
640 1388 755 1449 mansis
779 1387 971 1468 totidemque
987 1389 1149 1470 mancipiis
1165 1388 1222 1451 do·

194 1512 278 1575 tent,
300 1522 382 1583 equo
403 1511 435 1563 et
456 1501 603 1571 iumento,
624 1519 680 1560 sex
702 1499 804 1560 bubus
828 1507 859 1560 et
881 1499 1002 1560 duabus
1024 1499 1145 1572 naccis,
1166 1499 1222 1563 tri-

194 1615 279 1695 ginta
301 1611 426 1673 minutis
447 1612 564 1673 bestiis.
592 1610 779 1672 uestimenta
802 1630 879 1672 uero
895 1618 926 1671 et
943 1609 1143 1692 coopertoria
1164 1632 1222 1675 rex

194 1726 376 1807 prouideat,
398 1724 606 1805 presbiterum
625 1731 656 1784 et
669 1723 764 1785 libros
780 1723 931 1803 episcopi.

275 1837 313 1897 ΙΙ.
355 1836 398 1895 De
416 1836 620 1896 successoribus
640 1836 782 1914 capotium
800 1837 1012 1913 beneficiorum.
1056 1835 1223 1900 Consonat-

194 1968 263 2010 mus
284 1947 377 2029 igitur
401 1948 550 2028 peticioni
573 1948 673 2008 tocius
695 1957 838 2021 senatus,
861 1956 894 2009 ut
915 1948 1130 2030 unusquisque
1149 1968 1223 2032 pro-

195 2063 334 2143 priorum
349 2061 440 2121 simul
455 2068 486 2122 et
501 2061 655 2121 donorum
672 2059 753 2141 regis
769 2060 957 2133 dominetur,
975 2060 1050 2122 dum
1065 2062 1154 2135 uiuit,
1169 2082 1224 2124 ex·

197 2182 288 2255 cepto
302 2172 387 2254 quod
404 2173 442 2234 ad
459 2173 674 2253 episcopatum
689 2171 827 2252 pertinet
842 2181 873 2235 et
887 2172 1078 2235 comitatum.
1102 2193 1137 2234 ac
1151 2180 1224 2256 post

197 2284 314 2344 obitum
338 2283 403 2344 eius
424 2283 478 2344 filii
502 2283 594 2343 simili
617 2282 756 2344 dominio
777 2284 956 2344 succedant.
987 2304 1044 2345 nec
1059 2305 1116 2366 pro
1131 2284 1223 2348 ullius

197 2415 292 2457 causa
312 2405 417 2457 reatus
433 2394 653 2457 detrimentum
670 2396 825 2455 bonorum
840 2414 969 2454 suorum
985 2394 1127 2475 paciatur
1143 2395 1224 2475 quis,

196 2506 256 2568 nisi
271 2506 449 2567 consiliatus
465 2514 597 2567 mortem
620 2504 703 2585 regis
719 2513 772 2565 aut
786 2503 991 2566 tradicionem
1007 2505 1095 2587 regni
1111 2506 1224 2582 fuerit,

197 2619 248 2680 uel
270 2619 301 2679 in
325 2619 418 2679 aliam
441 2617 556 2698 Ingerit
579 2616 784 2697 prouinciam.
812 2624 885 2678 tunc
905 2637 981 2679 uero
996 2619 1079 2680 bona
1094 2619 1176 2680 illius
1190 2617 1224 2681 in

198 2730 316 2811 regiam
341 2730 469 2792 ueniant
494 2738 690 2811 potestatem.
726 2737 774 2791 ast
796 2729 821 2790 si
839 2729 909 2809 quis
930 2730 961 2791 in
983 2730 1114 2793 consitio
1136 2731 1224 2814 regie

198 2842 306 2903 mortis
322 2851 375 2903 aut
390 2840 570 2903 tradicionis
590 2841 678 2922 regni
700 2840 843 2923 legaiiter
857 2840 1004 2904 inuentus
1026 2841 1135 2916 fuerit,
1155 2842 1224 2924 ipse

196 2972 275 3013 nero
303 2950 425 3033 capitali
452 2951 614 3013 subiaceat
639 2953 816 3025 sentencie,
845 2953 925 3013 bona
948 2973 1023 3015 uero
1046 2953 1130 3017 iIIius
1151 2953 1223 3018 titiis

199 3062 417 3124 innocentibus
439 3062 590 3124 inremota
606 3062 684 3136 sint,
705 3062 941 3126 remanentibus
956 3061 1061 3125 saluis.

279 3176 330 3236 111.
373 3176 520 3236 Deseruit
534 3186 557 3236 et
572 3195 722 3235 seruorum
737 3178 920 3236 occisoribus.
965 3176 996 3235 Si
1013 3174 1143 3237 alicuius
1158 3197 1225 3239 ser·

198 3308 257 3348 uus
273 3306 400 3348 seruum
416 3285 543 3347 alterius
557 3283 720 3358 occiderit,
733 3285 840 3347 senior
854 3285 1009 3348 homicide
1024 3287 1224 3349 medietatem

200 3397 282 3458 serui
307 3404 474 3478 componat
497 3395 613 3458 seniori
635 3396 805 3469 intersectI,
834 3397 859 3456 si
881 3404 994 3477 potest.
1030 3397 1078 3458 sin
1103 3405 1224 3473 autem,

199 3518 324 3589 peracta
341 3530 401 3572 una
418 3508 673 3590 quadragesima,
689 3509 899 3570 uenumdetur
914 3529 1023 3570 seruus
1039 3517 1070 3571 et
1084 3510 1224 3591 precium

199 3620 366 3683 diuidatur.

280 3733 331 3794 IV.
374 3734 417 3795 De
440 3735 613 3794 liberarione
637 3733 773 3794 eiusdem.
817 3733 952 3794 Seruum
977 3733 1068 3796 liberi
1092 3734 1226 3800 homIci·

199 3843 287 3916 dam,
308 3844 333 3906 si
356 3842 471 3906 seniori
494 3843 662 3925 placuerit,
684 3863 755 3906 cum
771 3853 896 3906 centum
911 3853 943 3907 et
957 3846 1067 3910 decem
1082 3846 1224 3913 iuuencis

198 3963 252 4017 aut
266 3957 413 4030 redimat,
435 3965 489 4019 aut
504 3955 615 4018 tradat.

282 4068 318 4128 V.
361 4068 404 4128 De
419 4070 547 4130 libertate
561 4087 723 4130 uteorum.
767 4068 799 4130 Si
815 4069 884 4151 quis
896 4068 1006 4133 alienis
1019 4071 1120 4133 seruis
1131 4070 1226 4134 Iiber-

199 4188 293 4245 tatem
309 4181 472 4265 acquirere
486 4181 602 4258 nititur,
617 4188 695 4268 quot
708 4181 792 4248 serui
808 4190 913 4261 erunt,
927 4182 1057 4249 totidem
1071 4151 1225 4267 mancipia
