2798 4764
566 928 681 1014 atta
706 928 762 1014 ll.
787 927 909 1012 ttttt

222 1065 488 1187 nrnnnrns
514 1109 703 1186 crtuuu
726 1109 919 1186 casnm
943 1103 1257 1184 urnnrnusts

646 1265 835 1330 MCCLVlll.

480 1424 503 1475 E
521 1423 702 1491 manuscriptis
720 1422 845 1492 Stephani
865 1421 997 1490 llaprinal.

308 1683 384 1747 Bela
397 1683 449 1746 dei
469 1684 573 1766 gracia
586 1682 762 1766 llongnrio,
783 1681 959 1756 Dalmaoio,
980 1679 1124 1754 Croacie,
1145 1681 1253 1754 llnme,

226 1795 350 1867 Seruie,
378 1793 523 1868 Gallicis,
551 1794 740 1857 Lodomerie
764 1792 979 1876 Comoniequo
1008 1813 1073 1856 rex.
1109 1792 1253 1854 omnibus

227 1903 342 1969 Christi
354 1903 510 1979 fidelibus,
531 1904 687 1987 presentis
702 1903 816 1987 pagine
830 1904 975 1968 noticiam
989 1902 1152 1975 habituris,
1171 1901 1255 1964 saln-

227 2026 290 2084 tem
305 2016 338 2080 in
352 2036 392 2081 eo
407 2018 460 2100 qui
476 2017 603 2100 regibus
617 2017 670 2080 dat
684 2015 827 2080 salntem.
859 2016 947 2098 regia
961 2014 1135 2078 sublimitas
1149 2014 1257 2076 subdi·

227 2138 331 2194 torum
345 2149 474 2193 snorum
497 2129 608 2192 merita
621 2129 716 2191 debet
730 2128 844 2192 intueri
863 2127 955 2191 oculo
970 2126 1160 2209 perspicaci,
1180 2135 1212 2188 et
1226 2126 1256 2188 ei

228 2242 421 2324 respondere
442 2239 611 2305 meritoriis
625 2239 797 2313 donatinis,
819 2248 853 2302 ut
867 2239 919 2302 alii
932 2259 1042 2301 eorum
1057 2238 1201 2321 exemplo
1215 2237 1256 2300 ad

228 2351 385 2417 fidelitatis
410 2372 509 2434 opera
533 2351 651 2415 sorcius
679 2351 901 2416 accendantur.
941 2352 1074 2434 proinde
1102 2349 1258 2413 uniuersis

227 2464 429 2547 presentibus
444 2473 476 2527 et
489 2463 602 2527 suturis
615 2471 727 2527 tenore
741 2463 940 2544 presencium
952 2462 1157 2537 declaramus,
1170 2463 1257 2545 quod

230 2592 302 2635 cnm
318 2573 454 2655 peccatis
469 2573 676 2657 exigentibus,
694 2575 753 2637 celi
768 2575 913 2636 dominus
926 2573 959 2636 in
974 2573 1063 2638 cuius
1077 2594 1170 2636 manu
1185 2581 1259 2637 sunt

231 2685 336 2748 omnnia
357 2685 425 2746 iura
446 2705 632 2766 regnorum,
652 2685 811 2768 flagellare
833 2684 1029 2768 permisisset
1042 2707 1099 2768 per
1114 2688 1260 2749 Tartaros

230 2794 381 2878 populum
393 2795 596 2858 christianum
611 2805 643 2859 et
654 2817 786 2880 regnum
798 2807 938 2860 nostrum
949 2797 1090 2860 eiusdem
1103 2798 1259 2860 Tartnrice

232 2906 465 2990 persecucionis
480 2907 598 2970 seuioia
612 2909 783 2972 crudeliter
797 2917 829 2972 et
842 2908 986 2971 imaniter
1000 2909 1159 2981 seuiente,
1183 2909 1261 2970 iuis·

232 3026 281 3080 sat
295 3018 358 3080 suis
373 3018 539 3100 regnicolis
555 3017 622 3082 aliis
637 3019 811 3082 miserrime
826 3021 1012 3094 interemtis,
1034 3022 1101 3083 aliis
1115 3021 1147 3081 iu
1163 3020 1260 3101 capti-

233 3129 359 3194 uitatem
376 3131 528 3204 adductis,
550 3131 772 3213 depopulatum
788 3141 820 3194 ct
838 3133 953 3212 pariter
967 3132 1158 3204 desolatum,
1181 3132 1261 3193 fide-

232 3242 280 3306 les
299 3241 396 3304 nostri
419 3241 504 3304 ciues
525 3243 620 3305 castri
641 3242 812 3317 Nitriensis‚
835 3243 896 3305 hoc
917 3253 1059 3325 tempore
1079 3243 1260 3306 calamitatis

233 3374 297 3418 non
320 3352 518 3427 ancillantes,
540 3374 599 3416 nco
622 3354 746 3418 fortune
766 3374 841 3418 casu
863 3363 982 3419 mutato
1004 3356 1129 3429 mutati,
1150 3357 1205 3418 sed
1228 3355 1260 3417 in

234 3464 361 3528 feruore
378 3463 534 3527 fidelitatis
552 3467 652 3547 primo
672 3466 868 3531 laudabiliter
887 3468 1105 3549 persistentes,
1126 3475 1261 3528 castrum

234 3576 390 3639 llitriense
410 3577 598 3639 studuerunt
615 3577 696 3640 adeo
716 3598 792 3641 curn
807 3579 948 3661 peruigili
965 3580 1137 3652 custodire,
1159 3588 1192 3641 ut
1206 3599 1262 3639 ne-

235 3688 310 3750 dum
330 3687 421 3768 ipsis,
441 3688 498 3749 scd
520 3686 624 3750 multis
646 3689 729 3762 aliis,
751 3698 835 3753 terra
857 3697 963 3752 nostre
984 3690 1209 3752 habitatoribus
1230 3697 1263 3751 et

234 3797 345 3862 incolis
364 3797 397 3859 in
411 3807 547 3861 castrum
568 3799 672 3882 ipsum
691 3800 882 3883 fugientibus
903 3802 952 3865 sui
968 3801 1108 3882 corporis
1126 3803 1167 3864 ob
1182 3810 1263 3865 tute·

234 3906 316 3981 lam,
344 3909 543 3971 Tartarorum
567 3909 701 3974 insultus
728 3911 846 3976 inferre
873 3913 974 3995 potuit
997 3913 1148 3995 quiquam
1173 3912 1264 3988 mali,

235 4018 389 4101 nobisque
402 4019 444 4082 ad
463 4021 617 4084 maritima
635 4025 726 4106 regni
746 4025 844 4087 nostri
857 4023 1049 4106 fugientibus
1063 4035 1135 4089 ante
1150 4025 1262 4089 faciem

236 4133 454 4210 Tartarorum,
474 4141 610 4199 armatos
632 4134 776 4202 homines
799 4156 839 4203 ox
861 4155 896 4200 so
916 4136 993 4220 ipsis
1013 4139 1208 4224 prebuerunt
1229 4136 1262 4204 in
