2798 4764
175 318 240 406 Q
497 346 685 404 numerumn
705 354 747 402 nn
767 354 880 403 nmen.

178 500 245 573 idei
257 500 357 572 fitium
371 501 591 574 seeresm'de
607 499 668 574 otio
683 508 790 572 linistis
809 527 868 590 pro
887 507 979 580 sunto,
1000 498 1110 569 indice
1125 506 1231 570 Chri·

179 620 331 702 stophoro
344 621 458 685 comite
474 622 513 684 de
528 620 698 695 Zounuch,
712 620 862 703 pristaido
874 619 961 683 and
975 618 1015 681 de
1029 617 1107 680 nitio
1124 618 1227 681 Kone.

179 726 295 795 Penius
309 730 392 797 fliius
407 733 563 796 Sceresnn
579 733 761 795 combustos
777 739 833 794 est.

176 858 180 867 ·
262 834 349 926 (177)
371 844 461 908 Guda
483 845 523 907 dc
545 843 620 907 uitia
639 846 788 907 Zodnrou
809 843 947 925 impediit
961 845 1017 906 Zot
1038 848 1070 906 et
1092 843 1225 906 Bentm

54 987 57 993 ·
179 955 220 1020 de
235 953 309 1018 uilia
321 954 444 1030 Choba,
466 975 524 1037 pro
535 956 650 1018 damno
667 962 739 1017 octo
754 973 930 1017 marcarum
944 952 1103 1016 uiolenter
1115 953 1225 1027 iitnto,

178 1065 283 1131 indico
297 1065 394 1130 Pnuio
409 1066 518 1129 curiali
533 1067 647 1129 comite
663 1066 703 1129 de
718 1066 843 1138 Bienor,
864 1064 1015 1148 pristaido
1031 1065 1224 1128 Laureneio

179 1166 221 1242 de
236 1179 347 1242 endem
361 1178 484 1242 Bichor.
509 1177 599 1242 Guda
613 1176 720 1260 itaque
733 1177 913 1240 combustus
928 1184 988 1239 est.

263 1287 350 1370 (178)
370 1289 505 1353 ioannes
524 1297 556 1353 et
576 1289 697 1352 Mischa
717 1288 772 1350 iiiii
787 1288 947 1362 Buchikn,
974 1298 1004 1351 et
1019 1290 1112 1371 Tnpn
1131 1288 1224 1353 fliius

179 1388 267 1466 inuti
280 1400 457 1464 citauerunt
470 1400 552 1465 iiiios
563 1400 691 1484 Hytary,
706 1400 822 1464 scilicet
834 1402 904 1462 ison
922 1411 953 1464 et
967 1409 1120 1485 nepotem
1136 1405 1223 1476 eins,

178 1506 298 1578 scilicet
318 1515 419 1586 Isaac,
440 1522 511 1576 note
526 1513 686 1576 Simonem
707 1512 837 1575 bitotum
858 1514 897 1575 de
919 1513 1013 1575 Bikes
1032 1530 1093 1594 pro
1117 1512 1223 1588 ton-to,

180 1611 235 1709 qni
248 1646 320 1689 oum
341 1626 379 1687 ad
402 1632 522 1706 septem
538 1625 688 1687 terminos
709 1644 770 1685 non
787 1624 962 1698 uenissent,
983 1624 1152 1707 predictus
1172 1627 1224 1688 in-

180 1722 243 1799 dex
255 1735 418 1798 nunciauit
435 1734 571 1816 palatino
585 1734 700 1796 comiti.
726 1734 780 1798 iiie
795 1743 898 1800 nutem
913 1735 1003 1797 iussit
1016 1754 1072 1797 eos
1087 1733 1225 1816 procle-

178 1845 258 1908 nari
272 1863 332 1926 per
344 1843 412 1907 iore
427 1843 703 1925 comproninciniin
716 1845 775 1907 snb
787 1864 824 1907 ea
838 1842 1113 1919 interminacione,
1129 1846 1224 1929 qnod

179 1954 209 2020 ti
229 1973 292 2018 non
313 1944 475 2028 uenirent,
497 1954 549 2018 uel
570 1955 609 2017 ad
630 1952 782 2017 iodicium
805 1955 910 2029 biioti,
932 1955 983 2017 uei
1005 1956 1045 2018 ed
1060 1956 1224 2020 iudicium

179 2066 341 2131 candentis
356 2066 431 2130 serni
443 2066 648 2140 Uorndinum,
662 2085 720 2147 pro
732 2066 853 2128 iuribus
867 2065 1000 2146 publicis
1016 2073 1047 2128 et
1059 2067 1224 2130 conuiciis

178 2177 380 2243 hberentnr.
402 2177 447 2241 iili
461 2178 567 2260 itnque
582 2187 737 2241 uenerunt
752 2178 791 2240 nd
806 2177 952 2253 biiotum,
976 2176 1092 2240 hiiotns
1108 2189 1224 2243 antem

178 2310 238 2373 per
251 2288 436 2373 pristnidnm
451 2289 578 2352 nomine
590 2288 766 2351 Gabrielem
785 2287 869 2351 misit
883 2288 922 2350 ad
938 2288 1078 2350 candens
1092 2287 1224 2352 forrum

178 2398 382 2473 Uerndinum,
403 2400 460 2463 sed
483 2400 515 2461 in
534 2399 670 2462 termino
684 2418 779 2481 qoem
802 2399 971 2479 pristaldos
992 2398 1071 2461 dixit
1085 2400 1223 2483 utrique

176 2504 260 2594 tincti
274 2510 451 2593 prefixisse,
472 2509 620 2573 Uarodini
635 2528 697 2572 non
713 2517 966 2592 comparuerunt.

260 2619 345 2702 (179)
380 2618 525 2683 Nicotaus
553 2622 635 2684 filius
663 2622 800 2702 Angelos
829 2622 968 2702 impeciit
996 2621 1083 2682 inem
1113 2621 1222 2686 [ilium

176 2730 312 2804 loannis,
334 2733 374 2793 do
389 2734 500 2794 decem
515 2733 628 2795 mamis
651 2741 682 2795 ct
696 2752 759 2794 nno
775 2734 874 2813 capite
897 2733 1031 2794 hominis
1053 2731 1224 2798 uiolenter

176 2840 298 2912 obtatis,
319 2860 398 2919 qnos
413 2841 527 2902 Heimu
543 2861 660 2914 comeS,
676 2844 770 2904 iudex
787 2864 804 2903 a
820 2864 894 2924 nege
906 2845 1030 2905 Andrea
1046 2842 1222 2927 delegatus

177 2947 367 3023 discuciens,
396 2969 454 3032 per
476 2950 660 3030 pristaidum
682 2955 808 3014 nomine
831 2953 955 3034 Cheger
978 2953 1061 3015 misit
1083 2953 1223 3021 Uarndi-

177 3079 267 3136 num,
291 3059 343 3124 ubi
356 3060 453 3124 homo
467 3060 585 3124 Nicodoi
601 3071 725 3144 portato
740 3063 824 3126 terro
839 3064 1019 3126 iustificatos
1035 3077 1095 3128 cst.

261 3172 348 3256 (180)
370 3175 453 3238 Cecn
463 3176 502 3238 de
516 3174 588 3237 uilia
601 3175 726 3237 Curnod
742 3175 879 3256 impeciit
891 3177 1114 3258 ioubagionem
1129 3181 1222 3244 Petri

178 3287 306 3350 nominc
332 3286 433 3361 Gens,
466 3295 497 3349 ot
522 3304 650 3350 seruum
675 3287 818 3349 ciusdem
844 3288 970 3349 nomine
994 3289 1128 3351 'l'omam
1160 3312 1222 3374 pro

179 3396 279 3472 furto,
306 3397 411 3460 iudice
428 3399 510 3458 Ecce
529 3398 642 3458 comite
665 3398 704 3458 de
726 3397 815 3471 Cius,
843 3407 875 3460 et
895 3398 998 3461 bitotis
1016 3399 1169 3485 Cherceg
1188 3416 1224 3470 et

179 3507 288 3580 Petro,
313 3506 466 3588 pristaido
488 3505 640 3567 UizozIou.
671 3506 755 3569 Gens
777 3518 807 3570 et
823 3509 959 3573 Thomas
980 3519 1102 3591 portato
1125 3514 1223 3579 ferro

178 3616 335 3679 iustificati
349 3625 430 3679 sunt.

163 3744 172 3757 ·
262 3723 347 3805 (181)
368 3724 452 3787 Soita
474 3725 513 3787 de
536 3725 610 3787 uilia
633 3726 736 3789 Sadao
757 3728 896 3810 impeciit
919 3732 1045 3812 Mogum
1070 3724 1110 3795 do
1139 3737 1220 3800 uilia

178 3835 336 3917 Pngitpro
351 3834 445 3910 forto,
464 3838 567 3902 indice
581 3839 753 3903 Uencesioo
774 3844 887 3905 comite
909 3845 948 3905 de
963 3842 1120 3918 Zothmar,
1146 3850 1221 3930 pri-

177 3949 280 4014 mido
294 3950 397 4012 Pousn
418 3951 458 4013 dc
482 3952 557 4017 uilio
571 3954 680 4017 Ticnd.
709 3954 820 4037 Mogus
838 3956 872 4018 in
886 3956 1020 4019 termino
1034 3977 1131 4039 qoem
1150 3965 1222 4043 pri·

178 4062 296 4127 otoldus
321 4061 399 4124 dixit
423 4064 547 4146 utrique
572 4066 652 4148 parti
676 4066 840 4148 prefixisse
864 4067 1011 4130 Uaradini
1034 4087 1099 4131 non
1121 4090 1220 4136 eom·

177 4175 292 4259 peritit-
