2798 4764
213 327 278 405 &ll
545 347 619 401 ane
641 347 817 401 sesamon
838 327 916 417 (at).

215 503 263 570 uit
277 523 296 568 a
309 503 427 569 seculo.
447 504 566 568 Benma
577 524 656 569 uero
670 505 836 587 episcopus
850 525 910 587 per
920 504 1026 569 Endre
1040 505 1152 569 ducem
1167 502 1247 569 lihe-

214 625 303 681 ratus
319 625 378 680 est
406 617 515 698 Zonug
536 635 665 699 quoquc
688 636 794 680 comes
813 623 922 698 preter
935 615 1053 679 Beneta
1075 615 1247 680 cumomni

216 726 413 790 multitudine
442 734 473 789 et
501 727 617 790 familia
641 728 862 811 episcoporum
892 727 1048 790 interfecti
1075 735 1157 801 sunt
1191 725 1246 788 illo

216 839 299 902 enim
316 839 367 901 (lie
383 839 460 903 tanti
475 838 642 906 Christiani
657 838 801 903 trucidati
816 847 906 913 sunt,
928 857 1064 920 quornm
1079 856 1247 901 numerum

215 950 305 1015 nouit
324 949 421 1013 solius
443 950 495 1013 ‹lei
517 949 699 1014 clemencia.
727 950 834 1032 sicque
856 947 1027 1033 prophecia
1045 948 1147 1011 sancti
1168 947 1248 1012 Ger·

213 1060 307 1126 harri
328 1062 485 1144 completa
507 1069 571 1136 est,
593 1071 626 1124 et
639 1063 685 1125 sic
698 1080 813 1125 reuera
827 1068 930 1142 patet,
952 1069 1069 1142 quanta
1082 1061 1247 1125 sanctitate

213 1173 250 1237 in
265 1173 332 1236 uita
350 1193 409 1237 sna
423 1173 545 1236 fulserit
565 1173 616 1236 hio
630 1172 773 1255 plurihns
787 1172 962 1255 graciarum
978 1172 1070 1237 donis
1088 1172 1183 1236 adeo
1199 1172 1247 1241 di·

213 1283 326 1349 lectus.
349 1285 513 1349 eratenim
529 1285 630 1367 uirgo,
644 1286 756 1348 doctor
771 1285 985 1359 decretorum,
995 1283 1148 1368 magister
1158 1303 1246 1349 sacre

215 1395 391 1479 theologie,
413 1415 431 1458 a
446 1395 555 1478 quinto
569 1415 652 1458 anno
665 1395 805 1479 puericie
817 1394 973 1489 iucipiens
984 1395 1124 1459 hnhitnm
1145 1395 1247 1459 sancti

215 1506 377 1570 Benedicti
400 1506 551 1587 portauit,
572 1505 774 1569 nihilominus
789 1505 962 1588 episcopali
975 1507 1124 1587 dignitate
1137 1485 1246 1587 fultus,

212 1620 325 1682 martir
339 1618 504 1702 gloriosus,
525 1617 580 1701 qni
594 1637 653 1699 pro
667 1625 774 1681 sancta
786 1616 921 1682 ecclesia
936 1616 1055 1700 primus
1068 1617 1101 1680 in
1112 1616 1246 1702 lingerio

214 1732 343 1794 exstitit.

298 1949 363 2036 (21)
385 1953 535 2037 Sequenti
552 1959 657 2017 antem
672 1952 724 2016 die
744 1952 777 2016 in
797 1951 930 2017 ecclesia
946 1953 1039 2018 heate
1059 1952 1189 2037 uirginis
1211 1953 1245 2016 in

215 2066 290 2130 Pest
309 2085 380 2129 cum
399 2065 534 2128 maximo
549 2063 674 2147 planctu
688 2063 858 2130 tumulatus
874 2074 923 2128 est
942 2067 976 2129 in
990 2066 1104 2130 eodem
1125 2065 1245 2141 habitu,

216 2177 249 2241 in
264 2197 328 2260 quo
343 2176 547 2240 martirizatus
559 2185 617 2240 est
638 2176 830 2259 quicumque
846 2184 950 2240 autem
964 2175 1159 2240 infirmorum
1174 2196 1246 2241 cor·

214 2308 274 2373 pus
295 2290 363 2353 eius
383 2288 576 2371 tetigissent,
596 2289 650 2353 uel
664 2291 849 2371 sangninem
864 2289 932 2353 eius
948 2290 987 2352 de
1003 2296 1087 2352 terra
1100 2289 1245 2372 collegis·

215 2411 301 2476 sent,
324 2403 465 2484 protinus
488 2421 506 2464 a
526 2400 623 2464 uariis
642 2400 872 2465 infirmitatibus
887 2402 1084 2466 curabantur.
1111 2402 1175 2464 dux
1189 2421 1245 2465 an·

213 2523 279 2579 tem
294 2513 399 2576 Endre
414 2513 446 2575 in
457 2513 536 2576 Atha
551 2522 720 2576 coronatus
734 2522 793 2587 est,
807 2513 984 2596 precipiens
996 2514 1145 2577 uniuersa
1159 2513 1244 2596 genti

215 2644 273 2688 aue
294 2626 352 2687 suh
374 2643 456 2706 pena
479 2624 619 2706 capitalis
640 2624 815 2698 sentencie,
837 2632 872 2688 nt
893 2624 1036 2706 deposito
1049 2643 1244 2707 paganorum

214 2735 277 2797 rito
299 2736 338 2797 ad
358 2734 454 2797 fidem
470 2734 583 2798 Christi
604 2743 875 2810 conuerterantur,
896 2744 928 2800 et
942 2736 1113 2800 secundnm
1127 2742 1243 2799 statuta

213 2846 315 2909 sancti
337 2843 422 2927 regis
442 2844 593 2927 Stephani
616 2846 772 2910 uiuerent.
808 2847 895 2929 qnod
920 2848 1017 2911 etita
1044 2847 1161 2911 lanum
1185 2853 1244 2908 est.

212 2957 283 3039 ipse
307 2957 391 3019 enim
416 2976 472 3019 rex
497 2958 611 3039 pietate
636 2957 728 3021 ualde
754 2959 942 3023 christianus
969 2960 1032 3022 ‹luo
1054 2957 1244 3021 monasteria

215 3068 405 3142 construxit,
427 3067 641 3151 Tychonicum
654 3076 686 3132 et
700 3068 786 3132 iuxta
798 3069 959 3152 Visegrad.
981 3090 1052 3132 cum
1067 3070 1160 3153 igitur
1170 3089 1244 3152 sep·

213 3187 279 3246 tem
300 3181 390 3244 annis
412 3200 525 3263 corpus
550 3182 648 3244 sancti
672 3181 843 3255 Gerhardi,
873 3182 926 3244 uhi
953 3183 1137 3245 tumulatum
1155 3189 1243 3254 erat,

212 3295 274 3359 suh
299 3302 383 3358 terra
406 3293 571 3367 iacuisset,
601 3293 730 3358 hlaurus
754 3293 922 3377 episcopus
947 3292 1182 3366 Chauadiensis,
1212 3300 1244 3353 et

212 3405 378 3491 Philippus
399 3408 496 3470 ahhas
518 3405 699 3475 monasterii
720 3407 813 3471 heato
835 3407 968 3491 uirginis
989 3408 1029 3470 de
1050 3405 1244 3479 Chanadino,

215 3536 309 3600 quem
324 3530 449 3583 sanctus
464 3520 645 3584 Gerhardus
661 3520 764 3584 adhuc
779 3520 890 3583 uinens
904 3520 1051 3583 ahhatem
1067 3517 1243 3599 prefecerat

211 3627 246 3691 in
270 3631 412 3710 predicto
434 3633 644 3705 monasterio,
676 3632 822 3695 ahierunt
844 3632 885 3694 ad
908 3649 1016 3712 regem
1041 3628 1146 3689 Endre
1170 3645 1241 3687 cum

213 3739 414 3804 multitudine
435 3743 586 3806 nobilium
601 3745 640 3808 ‹le
655 3745 838 3826 episcopatu
853 3738 1063 3803 Chanarlicnsi
1086 3743 1242 3817 petentes,

212 3856 370 3932 quatenus
391 3869 506 3932 corpus
525 3853 608 3917 heati
629 3853 784 3919 (lethardi
805 3851 956 3923 martiris,
977 3847 1063 3929 quod
1083 3845 1241 3927 sepultum

212 3967 299 4024 esset
318 3960 350 4021 in
374 3960 494 4041 capella
515 3962 608 4026 beate
629 3965 760 4047 uirginis
780 3963 814 4026 in
827 3963 914 4035 lest,
935 3958 1130 4042 permitteret
1142 3955 1241 4021 lihere

213 4072 376 4136 adsedem
392 4071 582 4135 hlorisenam
600 4076 781 4139 transferre.
806 4091 905 4156 qoam
919 4069 1167 4155 postulacionem
1184 4070 1242 4160 im-

210 4192 390 4270 petranus,
411 4200 483 4248 cum
504 4183 544 4249 cu
564 4181 720 4249 tumulum
735 4185 836 4251 sandi
849 4182 994 4267 martyris
1009 4184 1243 4269 peruenissent,
