2798 4764
238 332 302 419 111
347 346 479 419 emin
496 370 531 418 u.
548 368 640 416 murs
669 366 931 417 remurmurans
952 362 1161 413 summme
1184 337 1193 349 “

239 544 310 601 nos,
329 524 383 587 uel
396 522 477 588 alios
489 544 557 598 rex,
573 523 627 607 qui
642 540 700 606 pre
713 530 856 603 tempore
870 518 975 593 luerit,
988 517 1042 580 uel
1056 516 1116 600 ipsi
1131 517 1270 581 culinarii

240 634 314 701 iude
337 637 517 719 percipere,
544 634 680 699 totaliter
700 634 795 699 cedet
813 632 846 695 in
867 652 944 695 usus
964 631 1183 705 ecclesiarum,
1208 651 1269 693 nec

238 747 425 815 eselincriis
438 748 525 830 ipsis,
545 746 599 810 uel
613 747 714 821 nobis,
733 744 788 810 uel
807 743 876 807 aliis
897 743 1050 826 personis,
1072 741 1269 825 aliquatenus

240 860 455 936 molestentur,
469 860 545 944 quin
560 859 696 941 possint,
710 856 862 943 quidquid
878 855 979 938 placet
993 855 1050 929 eis,
1069 854 1172 916 fucere
1187 873 1270 916 sem-

239 970 352 1055 perde
366 970 499 1045 salibus,
521 989 560 1034 ex
575 969 685 1053 quoin
706 968 790 1032 dicto
812 966 943 1031 termino
965 985 1029 1028 uon
1045 965 1139 1028 luerit
1153 964 1199 1027 cis
1213 984 1270 1047 pe·
1343 1030 1346 1035 ,

240 1082 333 1145 cunia
348 1081 515 1165 persoluto.

322 1192 384 1268 (8)
414 1192 492 1256 ltem
517 1192 649 1255 dicimus
674 1192 714 1254 dc
738 1191 879 1256 secundo
903 1191 1054 1262 termino,
1085 1196 1119 1251 ut
1143 1207 1163 1250 a
1186 1187 1268 1251 sesto

225 1324 268 1368 ,1.
280 1303 399 1367 Nicolui
414 1322 517 1387 usque
531 1304 571 1367 ed
587 1303 701 1366 festum
715 1302 800 1366 beati
815 1302 935 1364 Tbonre
955 1300 1105 1383 apostoli,
1127 1319 1183 1383 pro
1198 1298 1270 1362 suli·

238 1416 310 1491 bus,
329 1435 410 1499 quos
424 1416 509 1499 apud
522 1436 558 1479 se
571 1414 733 1479 babebunt
746 1413 894 1488 ecclesie,
915 1412 974 1476 sub
988 1410 1090 1496 sigillo
1105 1410 1269 1475 salinario·

239 1530 327 1602 rum,
351 1526 493 1591 soluatur
506 1526 552 1590 eis
573 1533 755 1610 argentum,
775 1526 949 1589 secuudum
964 1523 1198 1588 estimucionem
1213 1522 1269 1585 ad·

239 1644 389 1701 notatam.
417 1636 550 1721 quodsi
572 1637 689 1700 lactum
707 1655 771 1699 non
793 1636 904 1711 luerit,
929 1636 1013 1699 idem
1034 1634 1106 1709 liet,
1126 1635 1213 1718 quod
1235 1635 1268 1697 in

240 1766 315 1813 orsu
329 1747 492 1830 superiore
507 1748 548 1811 dc
562 1747 678 1810 solibus
693 1747 809 1811 dicium
823 1757 881 1810 est.
902 1754 1065 1831 argentum
1080 1766 1167 1820 uero,
1182 1746 1269 1828 quod

241 1858 389 1943 predictis
412 1858 553 1923 ecclesiis
574 1859 781 1942 persoluetur,
809 1859 868 1923 erit
887 1858 921 1922 in
938 1860 1029 1922 bonis
1049 1858 1194 1922 lrisaticis
1216 1856 1269 1921 uel

239 1970 272 2034 in
286 1978 417 2053 urgento
432 1969 521 2035 cuius
536 1971 659 2034 decimu
671 1989 746 2053 pers
761 1970 972 2034 comburetur.

322 2082 381 2160 (9)
402 2083 510 2147 Precia
526 2101 607 2147 uero
627 2080 740 2147 sellum
760 2091 833 2147 sunt
852 2082 930 2148 bec:
952 2083 1037 2167 quod
1052 2102 1110 2165 pro
1126 2082 1269 2166 quolibet

238 2195 358 2283 tymim
381 2194 493 2259 salium
514 2195 767 2280 aquaticorum,
795 2196 1015 2278 persoluentur
1035 2194 1175 2258 ecclesiis
1197 2203 1268 2257 octo

240 2326 360 2382 merce,
381 2314 515 2390 excepte
529 2307 623 2370 domu
636 2306 800 2389 hospitalis
808 2306 1100 2390 Hyerurolimitani,
1121 2313 1154 2369 et
1167 2304 1271 2369 eccle·

239 2416 294 2482 siis
313 2416 479 2481 Colooeusi
507 2423 539 2481 et
563 2416 746 2492 Bucbiensi,
774 2416 888 2500 quibus
911 2436 968 2500 pro
987 2417 1128 2501 quolibet
1148 2416 1269 2500 tymino

240 2528 383 2592 dobimos
411 2529 522 2592 decem
547 2546 686 2603 marcas,
717 2528 744 2590 si
769 2527 851 2591 dicte
874 2527 1008 2591 ecclesie
1035 2527 1214 2591 colocensis
1238 2535 1270 2591 et

239 2639 442 2702 Roacbiensis
469 2640 606 2703 debeant
629 2639 756 2703 deleme
780 2638 862 2703 sales
887 2658 963 2703 suos
987 2638 1019 2702 iu
1043 2640 1191 2722 Zegedyn
1216 2638 1270 2702 uel

240 2749 336 2824 ultra,
357 2750 495 2833 alioquin
510 2761 580 2814 octo
596 2769 716 2814 marcas
733 2751 903 2814 habebunt.
924 2770 983 2834 pro
1003 2751 1173 2814 maioribus
1190 2770 1269 2814 uero

239 2859 357 2923 solibus
371 2861 533 2943 aquaticis,
554 2862 706 2925 debemus
719 2861 849 2927 abbacie
864 2861 904 2925 de
914 2862 1016 2945 Egrus
1032 2862 1134 2923 xxvt
1148 2881 1268 2924 marces

239 2990 298 3056 pro
320 2971 460 3056 quolibet
482 2972 609 3048 timino,
631 2982 664 3037 et
685 2973 819 3037 ecclesio
841 2973 1009 3037 Omdiensi
1023 2974 1113 3035 XXV
1127 2973 1270 3036 similiter

239 3100 298 3167 pro
313 3084 455 3169 quolibet
467 3085 588 3149 timino.
610 3105 668 3168 pro
682 3085 798 3149 solibus
813 3105 891 3150 uero
907 3086 1108 3149 terrestribus
1123 3085 1267 3148 dabimus

239 3214 334 3260 nuans
354 3214 490 3261 mercem
509 3216 567 3279 pro
588 3204 715 3261 centum
736 3197 859 3272 ruanis,
890 3197 916 3261 si
935 3196 1017 3263 sules
1037 3217 1111 3261 suos
1132 3197 1269 3259 debcant

238 3306 358 3373 babere
378 3309 409 3370 in
431 3307 585 3384 confiniis,
605 3318 739 3392 excepto
761 3310 949 3373 monasterio
972 3310 1003 3373 S.
1022 3308 1188 3382 Gotbardi,
1217 3306 1267 3370 coi

238 3440 299 3506 pro
313 3420 474 3503 octoginta
485 3421 593 3484 ruanis
608 3421 751 3485 dabimus
766 3440 860 3485 uncus
881 3440 1026 3485 mercum.

321 3534 401 3610 (10)
423 3533 486 3595 Nos
506 3552 585 3596 uero
606 3532 836 3615 etquicunque
855 3532 950 3596 fuerit
967 3552 1024 3596 rex
1038 3552 1095 3615 pro
1109 3541 1268 3614 tempore,

239 3645 391 3709 debemus
405 3645 528 3707 mittere
542 3644 624 3708 seles
638 3645 677 3707 ud
692 3644 838 3719 conlinie,
855 3645 1031 3708 secuudum
1047 3654 1189 3708 tenorem
1204 3644 1268 3726 pri·

237 3754 425 3839 uilegiorunr
447 3754 653 3819 ecclesiarum
673 3764 704 3820 et
724 3756 842 3840 deponi
858 3757 975 3821 debent
996 3757 1028 3819 in
1044 3758 1188 3821 domibus
1203 3757 1267 3840 pri-

237 3865 476 3949 magistorum,
495 3866 548 3930 ubi
569 3867 696 3931 stabunt
716 3867 776 3931 sub
796 3866 906 3951 sigillis
927 3867 1146 3931 salinariorum
1166 3887 1268 3951 usquc

238 3978 279 4043 ed
293 3978 451 4062 predictos
464 3977 627 4044 terminos.
654 3980 813 4044 eteoclem
827 3980 922 4044 modo
936 3979 1042 4044 omniu
1060 3988 1229 4044 seruentur
1248 3998 1267 4044 a

237 4090 328 4153 nobis
342 4098 376 4153 et
387 4089 427 4153 ab
440 4088 536 4172 ipsis,
557 4089 638 4154 sicut
651 4091 769 4155 dictum
783 4099 832 4155 est
844 4091 877 4154 iu
892 4090 1032 4155 terminis
1051 4112 1147 4176 supra
1165 4091 1266 4155 dictis.

318 4201 401 4277 (11)
420 4200 563 4271 nereus
582 4218 662 4267 nero
674 4202 1120 4269 retinebuntdesalibussuis
1134 4203 1175 4269 ed
1190 4222 1266 4269 mus
