2798 4764
218 303 280 371 Μ
416 322 450 369 rs.
470 318 600 381 possen
619 321 744 368 crues
765 321 952 369 mersans
974 303 1051 391 (38).

219 482 310 549 runt,
340 484 372 538 et
396 474 547 556 appositis
571 473 673 537 eidem
698 474 804 538 multis
829 475 998 550 machinis,
1028 497 1099 539 cum
1124 479 1250 561 inipso

220 585 391 650 existentes
406 585 576 667 nequirent
589 585 752 660 resistere,
779 587 818 648 ad
833 605 942 650 manus
958 594 989 649 et
1001 586 1097 650 fidem
1111 589 1251 671 ipsorum

220 718 270 773 se,
297 704 332 759 ut
345 698 411 760 uita
426 698 610 779 potirentur,
637 698 853 761 reddiderunt
881 700 938 761 sed
953 700 992 762 de
1007 699 1093 780 ipsis,
1119 703 1205 785 quod
1220 710 1253 767 et

221 811 262 875 de
277 808 361 883 aliis,
386 808 583 882 factumest,
609 810 746 891 exceptis
761 810 948 892 quibusdam
967 813 1146 887 monachis,
1169 835 1251 896 quos

222 921 309 986 abire
327 920 463 983 libenter
485 922 710 1003 permiserunt,
736 931 767 985 et
789 922 829 985 ad
844 923 975 985 abusum
990 943 1100 987 eorum
1121 928 1252 990 retentis

221 1033 412 1117 quibusdam
433 1034 618 1096 dominabus
642 1043 673 1097 et
693 1033 915 1115 pulcherrimis
934 1035 1059 1116 puellis.
1088 1038 1166 1119 quid
1186 1026 1252 1100 am-

222 1145 324 1229 ptiust
346 1147 372 1207 si
387 1143 641 1209 describerentur
651 1146 850 1228 singulariter
864 1165 970 1228 pugne
989 1147 1122 1229 singule,
1137 1158 1168 1212 et
1181 1168 1252 1212 cru-

221 1256 366 1321 delitates
382 1257 477 1319 nimie
492 1276 555 1338 que
572 1255 707 1330 fiebant,
727 1255 905 1339 legencium
919 1258 1016 1320 corda
1029 1267 1252 1346 perterrerent,

223 1376 256 1434 et
269 1369 399 1433 terribili
415 1370 518 1431 sonitu
533 1369 647 1432 tinnire
663 1369 804 1432 iacerent
819 1388 922 1433 aures.
953 1370 978 1431 si
999 1370 1180 1434 huiusmodi
1199 1393 1252 1436 ru·

223 1499 329 1544 mores
343 1480 510 1543 horribiles
524 1488 632 1542 essent
645 1480 748 1541 diffusi
762 1499 820 1562 per
831 1481 957 1554 orbem,
971 1482 1080 1544 mundi
1096 1483 1253 1564 principes

221 1589 315 1653 aliter
328 1590 513 1672 cogitarent.
543 1608 617 1652 ecce
637 1609 695 1671 per
709 1596 839 1652 estatem
855 1590 956 1666 illam,
978 1612 1080 1674 usque
1101 1594 1141 1656 ad
1155 1593 1253 1657 conii·

223 1700 278 1763 nia
290 1700 433 1774 dustria,
453 1700 620 1774 Bobemie,
640 1701 796 1776 blorauie,
817 1701 965 1777 Polonie,
985 1703 1085 1768 Slesie
1099 1704 1252 1768 etComa-

224 1810 293 1887 nie,
316 1831 416 1894 usque
431 1812 472 1874 ad
485 1810 663 1874 Danubium
677 1813 887 1877 communiter
900 1816 1007 1879 omnia
1020 1815 1252 1879 destruxerunt.

310 2030 379 2114 (38)
402 2035 446 2096 Dc
462 2037 575 2097 cstudc
590 2035 785 2098 Tariotarum
804 2037 845 2099 ad
861 2038 1071 2100 transeundum
1086 2036 1255 2100 Danubium

225 2149 385 2230 sapuuitc.
428 2148 490 2210 Sed
506 2167 576 2210 cum
592 2148 781 2231 strigonium
795 2149 825 2211 ia
842 2149 1002 2232 Hungaris
1022 2168 1133 2213 omnes
1146 2159 1179 2214 et
1192 2152 1256 2214 sia·

221 2256 318 2344 gulas
333 2260 518 2343 precelleret
532 2262 682 2335 ciuitates,
703 2263 837 2324 maxime
852 2260 1032 2344 cogitabant
1045 2261 1178 2327 transire
1195 2264 1255 2325 Da·

228 2372 375 2448 nubium,
397 2382 429 2438 et
448 2373 491 2435 ibi
510 2371 609 2456 ligere
631 2382 735 2437 castra
754 2394 821 2437 sua.
850 2379 882 2437 et
896 2392 988 2449 ecce,
1007 2375 1041 2436 in
1056 2374 1160 2438 bieme
1175 2374 1255 2438 niuis

228 2492 261 2550 et
274 2485 384 2568 glaciei
399 2486 574 2548 abundacia
594 2485 796 2568 superuenit,
816 2487 859 2549 ita
873 2486 959 2569 quod
974 2487 1149 2561 Danubius,
1170 2487 1255 2569 quod

228 2615 292 2657 non
318 2597 475 2659 acciderat
496 2615 516 2658 a
539 2595 646 2659 multis
670 2597 816 2660 retroatis
839 2597 1052 2680 temporibus,
1083 2598 1256 2680 gelabatur.

228 2706 285 2770 sed
299 2706 440 2789 Huapari
461 2726 501 2769 ex
522 2706 663 2788 ipsorum
683 2717 771 2788 parte
789 2707 920 2790 singulis
941 2708 1052 2771 diebus
1069 2707 1256 2789 frangebant

222 2816 358 2901 glacies,
379 2826 410 2880 et
425 2818 642 2881 custodiebant
653 2819 843 2893 Danubium,
863 2820 905 2883 ita
920 2822 1007 2902 quod
1021 2821 1147 2884 assidue
1160 2818 1256 2882 liebat

229 2948 337 3011 pugna
352 2929 493 3011 peditum
507 2949 602 3011 super
615 2929 698 3012 gelu.
726 2932 845 2993 Tamen
859 2952 931 2994 cunr
945 2931 1012 2995 dire
1028 2931 1144 3016 glacies
1159 2932 1256 2995 adue-

228 3047 359 3114 rterunt,
383 3049 465 3104 totus
488 3042 649 3104 Danubius
675 3043 857 3126 congelatus
880 3052 945 3119 eet,
971 3045 1029 3107 sed
1052 3044 1103 3106 isti
1123 3043 1255 3106 transire

230 3168 302 3214 cum
326 3152 416 3236 equis
444 3153 621 3219 nullatenus
645 3156 846 3220 attentabant.
881 3156 1033 3219 aduertite
1062 3155 1156 3238 igitur
1179 3154 1256 3238 qnid

228 3262 372 3328 iecerint.
406 3265 519 3328 multos
542 3286 640 3349 equos
664 3275 695 3330 et
715 3266 860 3331 animalia
881 3287 978 3348 super
999 3268 1100 3348 ripam
1121 3265 1255 3329 Danubii

229 3376 439 3452 adduxerunt,
453 3387 485 3441 et
499 3379 657 3442 neminem
671 3399 730 3461 per
740 3389 803 3444 tres
818 3379 886 3443 dies
899 3380 942 3442 ad
955 3398 1065 3442 eorum
1081 3380 1255 3442 custodiam

231 3487 431 3562 dimiserunt,
453 3489 497 3553 ita
517 3491 603 3573 quod
624 3490 724 3553 bestie
741 3489 809 3554 sine
823 3491 1006 3554 custodibus
1021 3509 1152 3572 pergere
1167 3488 1256 3550 uide-

230 3602 354 3677 bantur,
373 3622 433 3665 nec
448 3601 561 3685 aliquis
577 3622 687 3665 eorum
701 3604 733 3664 in
748 3602 807 3664 illis
822 3602 961 3684 partibus
976 3600 1158 3682 apparebat.
1182 3607 1255 3657 tunc

221 3711 370 3794 ilungari
385 3711 552 3774 credentes
563 3713 710 3775 Tartarus
731 3713 916 3786 recessisse,
937 3711 1042 3773 subito
1056 3707 1256 3781 transierunt,
1305 3693 1308 3697 ¹

229 3828 263 3883 et
275 3822 381 3885 omniu
393 3820 446 3883 ills
459 3820 605 3886 animalis
618 3842 677 3905 per
687 3820 803 3904 glacies
817 3820 1071 3885 transduxerunt.
1084 3818 1169 3900 quod
1181 3819 1257 3881 Tar-

218 3928 290 3992 ¹teri
311 3931 526 4004 aduertentes,
547 3933 722 4016 cogitarunt
742 3950 837 4018 posse
855 3932 888 3994 iu
902 3929 993 4014 equis
1006 3929 1142 3994 transire
1156 3930 1256 3993 libere

229 4057 327 4126 anper
341 4041 423 4127 gelu.
450 4042 535 4129 quod
550 4051 583 4110 et
595 4043 712 4115 tactum
727 4052 788 4122 est,
808 4051 842 4110 et
853 4050 900 4111 tot
913 4062 978 4108 uuo
991 4043 1110 4129 impetn
1125 4044 1258 4111 transie-

230 4161 314 4239 tent.
336 4154 423 4251 quod
436 4172 477 4226 ex
490 4153 1023 4250 btsparthaacbtiteaetsoieu
1034 4157 1257 4252 tupteununt.
