2798 4764
386 343 519 388 srnoocs
541 344 768 390 sruruorransrs
790 345 893 390 umor.
1093 329 1154 393 357

207 499 310 562 nullus
327 498 520 562 Christianus
544 520 653 563 carnes
669 502 708 564 ab
724 502 770 563 eis
786 511 907 584 spretas
924 521 1028 564 emere
1043 522 1154 584 presu-

127 619 200 673 mat.

206 724 285 798 (61)
308 722 468 783 decretum
485 731 576 785 estet
591 724 689 785 sancti
705 723 829 786 concilii
848 724 1031 785 auctoritate
1053 723 1154 786 sauci·

124 843 208 908 tum,
230 841 265 895 ut
280 835 319 896 de
335 833 468 915 propriis
484 835 605 896 horreis
627 857 682 898 seu
704 835 836 896 cellariis
859 844 913 898 aut
931 835 1067 913 ouilibus
1087 858 1155 899 mo-

124 947 333 1008 nasteriorum
358 954 388 1008 et
410 947 614 1009 ecclesiarum
639 947 791 1022 omnium,
820 968 882 1029 que
908 947 939 1008 in
959 948 1044 1011 clero
1066 957 1171 1022 sunt,'

125 1058 246 1121 decime
269 1077 331 1119 non
353 1060 527 1139 exigantur,
557 1068 689 1141 excepta
711 1068 821 1142 quarta
845 1068 933 1140 parte
954 1061 1154 1143 parrochiani

126 1171 301 1251 presbiteri.

208 1284 292 1358 (62)
316 1290 348 1345 ut
363 1301 472 1345 omnes
488 1283 699 1347 archidiaconi
715 1286 906 1348 breuiarium
922 1306 1076 1349 canonum
1098 1287 1154 1350 ha·

125 1394 230 1456 beant.

208 1508 287 1581 (63)
310 1506 474 1587 presbiteri
497 1528 624 1591 quoque
650 1508 854 1572 ecclesiarum
883 1512 966 1574 iuxta
988 1509 1153 1573 ecclesiam

126 1617 253 1681 domum
268 1619 415 1681 habeant.

207 1732 289 1791 serui
310 1728 513 1793 ecclesiarum
542 1733 569 1794 si
591 1732 690 1794 boues
712 1733 855 1814 proprios
878 1732 1061 1808 habuerint,
1087 1755 1154 1798 ma·

127 1840 213 1922 gistri
228 1841 276 1901 sui
292 1842 450 1903 dimidiam
466 1851 586 1923 partem
603 1844 641 1905 de
657 1844 715 1918 his,
738 1865 799 1926 qne
815 1847 987 1918 arcuerim,
1008 1847 1033 1907 si
1050 1855 1154 1908 antem

127 1971 197 2013 cnm
221 1953 323 2013 bubus
349 1952 566 2034 magistrorum
592 1976 720 2016 suorum
746 1958 916 2031 arauerint,
947 1958 1024 2019 duas
1050 1967 1153 2039 partes

125 2063 198 2125 inde
214 2067 362 2145 magister
378 2065 583 2127 ecclesiarum
597 2067 720 2129 habeat.

208 2174 289 2249 (ot)
311 2175 491 2257 quicunque
514 2178 553 2239 de
575 2177 623 2239 his
646 2179 698 2258 qni
714 2178 745 2238 in
761 2178 845 2239 ciero
861 2187 933 2240 suut
952 2180 992 2240 ad
1007 2181 1153 2241 sinodum

125 2286 263 2367 episcopi
279 2287 326 2347 sui
343 2307 403 2348 uon
420 2288 559 2360 uenerit,
585 2308 683 2369 nsque
700 2289 739 2350 ad
756 2287 868 2350 laicum
884 2289 1069 2370 deponatur.

207 2399 286 2471 (66)
309 2397 334 2458 si
356 2398 425 2479 quis
446 2398 573 2461 ulterius
596 2419 722 2460 seruum
754 2399 805 2460 uel
832 2400 1024 2460 seruientem
1046 2400 1153 2474 talem,

126 2506 180 2589 qui
203 2508 331 2568 domiuo
353 2529 409 2570 suo
430 2509 497 2570 sine
518 2509 614 2589 ipsius
636 2509 796 2571 uoluntate
812 2509 941 2570 alienari
963 2529 1026 2570 non
1042 2520 1154 2591 potest,

126 2619 177 2681 uel
198 2620 369 2701 quemlibet
391 2622 429 2682 de
452 2620 535 2682 ciuili
557 2622 674 2702 popnto
691 2621 795 2683 literas
812 2621 970 2695 docuerit,
991 2643 1047 2684 seu
1063 2623 1153 2686 cleri·

126 2749 197 2792 cum
213 2730 338 2804 fecerit,
355 2733 475 2814 absque
492 2732 690 2795 consciencia
705 2742 737 2795 et
751 2734 948 2796 consessione
964 2734 1080 2796 domini
1094 2736 1153 2809 sui,

124 2842 226 2923 ipsum
249 2844 381 2906 redimat
403 2853 432 2907 et
454 2845 581 2926 iusuper
603 2847 830 2929 quinquaginta
850 2866 964 2927 pensas
985 2847 1153 2928 persoluat.

207 2955 284 3027 (66)
313 2955 338 3015 si
362 2955 431 3033 quis
449 2955 651 3019 homicidium
673 2958 801 3032 fecerit,
829 2959 1003 3020 secuudum
1027 2960 1154 3022 decreta

125 3064 271 3126 Anciraui
287 3067 410 3126 concilii
425 3068 572 3149 peniteat.
640 3098 643 3104 ·

208 3180 285 3253 (67)
314 3179 419 3239 clerici
440 3181 675 3261 repudiatarum
699 3183 928 3264 uiduarnmque
951 3183 1069 3254 mariti,
1093 3202 1153 3245 nec

125 3309 188 3350 non
204 3299 235 3352 et
249 3292 363 3373 bigami
380 3293 420 3354 ab
432 3293 541 3354 ordine
558 3294 766 3374 deponantur,
783 3295 849 3356 etsi
862 3293 1153 3367 teuentecciesiam,

127 3411 253 3464 careant
267 3403 410 3464 ecclesia.

208 3515 286 3588 (68)
308 3514 411 3574 nultus
437 3514 587 3590 clericus,
615 3516 719 3578 nullus
745 3536 850 3578 comes
870 3516 1040 3597 quemlibet
1064 3517 1156 3580 cieri·

126 3644 197 3687 cum
212 3627 360 3709 suscipiat
374 3628 414 3688 ud
431 3626 572 3689 diuinum
589 3629 725 3691 officium
741 3629 925 3703 tenendum,
947 3628 1005 3691 nisi
1020 3648 1075 3711 per
1090 3649 1155 3694 ma·

125 3757 200 3799 num
216 3738 418 3819 parrochiani
433 3738 582 3822 episcopi.
