2798 4764
222 352 286 419 nro
326 362 413 421 m
427 366 735 417 remurmuremus
749 366 856 412 nrrrnrr
871 364 1126 415 aranearum.
1159 348 1251 416 iffi&

223 523 437 591 membrorum
459 528 622 585 resanatus
643 519 755 595 fuerit,
786 519 908 582 medico
930 516 987 582 lesi
1005 520 1193 595 satisfaciat,
1220 531 1251 584 et

224 621 292 701 lesa
305 635 417 699 decem
438 653 574 707 marcas,
595 641 627 697 et
644 634 684 696 ad
699 653 790 697 nsum
804 633 937 697 ciuitatis
951 632 1028 696 duas
1044 651 1163 695 marcas
1179 653 1252 714 per·

223 746 336 813 reluat.

309 856 354 939 (8)
376 859 407 920 Si
433 858 503 940 quis
528 878 604 921 uero
627 857 785 920 hominem
810 857 1003 920 interfecerit
1028 867 1058 921 et
1084 855 1251 940 aufugerit,

223 969 287 1036 (lue
308 978 412 1052 partes
431 989 558 1033 suarum
580 989 687 1032 rernm
709 968 822 1032 cedant
843 969 1024 1049 parentibus
1042 969 1155 1042 occisi,
1177 990 1250 1050 pars

223 1080 322 1149 tercia
339 1080 468 1145 ciuitati.
495 1080 521 1143 si
540 1088 645 1143 autem
663 1086 773 1160 captus
787 1078 899 1152 fuerit,
920 1079 1095 1142 secundum
1116 1098 1251 1142 consue·

224 1191 365 1256 tudinem
387 1191 427 1256 de
444 1191 513 1273 ipso
533 1190 670 1254 uindicta
692 1198 843 1263 sumatur,
865 1187 923 1253 nisi
939 1190 1009 1272 quis
1023 1188 1056 1251 in
1072 1189 1161 1262 ludo,
1181 1191 1250 1254 sine

224 1303 429 1386 premeditata
443 1301 565 1367 malicia
580 1301 715 1384 aliquem
730 1300 932 1365 interfecerit.
954 1301 985 1362 in
1000 1302 1060 1364 hoc
1074 1303 1159 1365 enim
1174 1323 1248 1365 casu

223 1421 349 1477 eentum
370 1433 484 1496 pensas
499 1412 641 1496 cognatis
663 1411 834 1485 interfecti,
856 1412 964 1493 uiginti
981 1432 1058 1477 nero
1073 1432 1186 1495 pensas
1208 1415 1249 1476 ad

224 1543 408 1589 communes
430 1544 505 1587 usus
525 1523 673 1589 refundat
692 1522 885 1588 interfector.
916 1523 942 1586 si
966 1523 1164 1589 facultatibus
1187 1546 1249 1590 nnn

224 1637 396 1709 suffecerit,
417 1637 534 1700 ciuium
549 1635 675 1698 arbitrio
695 1636 878 1718 resignetur.

308 1746 356 1828 (9)
378 1749 454 1813 item
469 1746 495 1808 si
509 1747 580 1829 quis
593 1749 633 1810 de
648 1747 804 1810 extraneis
818 1748 936 1811 intrans
958 1748 989 1811 in
1009 1749 1166 1814 ciuitatem
1181 1751 1250 1815 siue

224 1857 257 1925 in
278 1858 360 1933 uico,
381 1857 412 1921 in
434 1859 546 1932 domn,
571 1858 639 1922 siue
661 1857 692 1920 in
715 1856 794 1932 forn,
814 1858 926 1920 similia
948 1868 1095 1942 utsupra
1116 1869 1251 1936 notatur,

223 1969 471 2052 perpetrauerit,
497 1989 556 2051 per
576 1968 710 2033 indicem
732 1969 863 2033 ciuitatis
884 1969 1051 2044 iudicetur,
1079 1980 1111 2035 et
1129 1972 1250 2035 eisdem

224 2081 314 2163 penis
328 2081 497 2144 subiaceat.
511 2080 538 2143 si
554 2101 631 2144 nero
646 2101 685 2145 ex
700 2080 811 2146 incolis
824 2081 958 2146 ciuitatis
973 2081 1085 2164 aliquis
1098 2082 1165 2146 sine

223 2192 367 2257 defectus
380 2193 490 2266 fucrit,
513 2212 570 2273 per
582 2192 716 2256 iudicem
731 2193 864 2257 ciuitatis
881 2194 1036 2275 puniatur.

303 2301 367 2385 (10)
392 2290 470 2367 item
495 2304 520 2366 si
545 2303 615 2387 quis
639 2311 806 2367 extraneus
830 2304 967 2387 aliquem
995 2306 1034 2369 de
1059 2306 1185 2369 ciuitate
1212 2308 1245 2369 in

222 2434 334 2480 caussa
345 2416 547 2497 pecuniarum
562 2415 613 2478 uel
628 2415 712 2478 illata
725 2415 839 2479 iniuria
849 2417 985 2481 uoluerit
998 2419 1180 2493 conuenire,
1195 2438 1250 2482 cn·

220 2546 288 2593 ram
303 2527 406 2591 iudice
422 2525 556 2590 ciuitatis
572 2527 748 2590 conueniat.

303 2636 369 2717 (11)
383 2638 513 2701 Etuulla
526 2658 621 2701 causa
637 2640 676 2701 ad
688 2638 825 2702 duellum
837 2639 1003 2715 iudicetur,
1017 2643 1074 2705 sed
1085 2663 1141 2724 per
1151 2652 1248 2706 testes

221 2758 254 2814 et
267 2749 440 2813 iuramenta
456 2750 651 2823 terminetur,
671 2749 738 2813 sine
758 2751 799 2813 sit
813 2772 884 2814 cum
904 2754 1072 2826 extraneis,
1094 2756 1160 2817 siue
1176 2774 1248 2819 curn

103 2914 108 2921 .
220 2861 387 2944 indigenis.
415 2870 510 2945 atque
531 2862 580 2923 isti
603 2869 699 2924 testes
714 2862 804 2925 iurati
820 2861 850 2925 in
866 2865 1055 2945 deponendo
1071 2866 1248 2928 testimonio

221 2972 400 3056 singillatim
424 2981 456 3036 et
475 2971 674 3056 singulariter
688 2975 916 3039 examinentur.
943 2981 1038 3039 testes
1051 2985 1172 3051 autem,
1194 2979 1246 3059 qui

222 3085 364 3152 ciusdem
379 3085 530 3147 libertatis
545 3091 578 3148 et
591 3085 784 3149 condicionis
802 3096 884 3160 sunt,
904 3086 954 3151 isti
968 3097 1178 3152 assumantur.

304 3192 370 3277 (1·2)
391 3196 511 3259 Eodem
534 3195 638 3270 modo,
659 3196 726 3260 siue
749 3205 915 3261 extraneus
933 3198 1073 3262 inueniat
1093 3202 1175 3281 apud
1199 3200 1246 3262 in-

222 3307 317 3382 colas,
337 3308 405 3372 siue
425 3306 525 3370 incola
547 3307 631 3389 apud
654 3315 821 3371 extraneos
838 3327 971 3391 equum,
992 3309 1109 3373 bouem
1124 3321 1175 3374 ant
1190 3311 1247 3372 ali-

223 3438 300 3503 quas
315 3440 366 3482 res
380 3419 521 3490 furtiuas‚
542 3438 668 3500 semper
682 3426 788 3491 testes,
810 3427 950 3499 utsupra
965 3418 1110 3493 diximus,
1132 3421 1248 3502 produ-

222 3541 340 3595 cantur.

304 3637 369 3720 (13)
391 3642 466 3704 ltern
489 3641 576 3704 ciues
598 3641 637 3703 de
660 3640 798 3721 predicta
814 3639 953 3713 ciuitate,
974 3641 1025 3701 uel
1040 3639 1246 3722 iobbaginnes

220 3747 261 3810 de
285 3749 367 3811 uillis
390 3751 552 3831 adipsum
576 3749 816 3833 pertinentibus,
845 3769 907 3831 que
934 3769 1032 3831 prope
1058 3751 1244 3813 territorium

219 3857 316 3941 ipsius
330 3860 462 3923 ciuitatis
475 3851 593 3924 fuerint
605 3862 680 3935 sits,
700 3860 816 3926 nullius
835 3859 962 3936 iudicio,
989 3863 1048 3925 nisi
1069 3862 1181 3926 iudicis
1201 3863 1246 3926 ci·

218 3968 334 4045 uitatis,
356 3970 478 4032 adstare
493 3979 669 4034 teneantur.

300 4078 366 4162 (fl)
389 4081 483 4157 Quod
496 4080 524 4145 si
537 4082 632 4146 iudex
645 4091 810 4165 suspectus
824 4082 1001 4156 habebitur,
1021 4092 1053 4149 et
1067 4092 1153 4149 actor
1166 4085 1246 4167 legi·

218 4193 325 4266 tinam
345 4214 472 4260 murum
491 4194 703 4261 recuucinuis
723 4193 925 4279 eltegaucrin
944 4195 1126 4262 conuocatis
1143 4197 1246 4265 cinni·
