2798 4764
206 366 267 440 ast
465 383 600 436 saronas
621 381 850 435 errroomersn
871 381 973 433 amon.

291 544 373 620 (3l)
395 543 531 625 siquem
546 544 714 625 episcopus
729 539 1064 613 excommunicauerit,
1090 537 1152 601 hoo
1167 536 1234 620 regi

209 662 241 718 ct
254 655 400 719 fratribus
415 655 479 717 suis
494 655 575 717 datis
590 654 700 717 litteris
716 653 843 715 indicet.

291 769 373 842 (³5)
394 767 498 828 nullus
520 774 609 828 extra
631 765 794 828 ecclesiam
815 767 848 825 in
866 764 1001 827 tentorio
1017 764 1070 826 uel
1084 764 1116 825 in
1131 761 1236 844 aliqua

209 882 303 944 domo
321 880 447 941 missam
471 878 630 941 celebrare
654 886 707 940 aut
729 878 838 940 audire
861 877 995 950 audeat,
1023 876 1082 937 uisi
1104 896 1160 937 rex
1183 883 1236 936 aut

208 988 367 1072 episcopi,
395 990 447 1051 uel
471 990 601 1051 comites
627 997 657 1050 et
681 989 810 1051 abbates
832 988 894 1061 illi,
924 988 977 1070 qui
993 987 1162 1050 tentorium
1183 994 1237 1048 aut

208 1100 326 1182 aliquid
341 1099 537 1173 huiusmodi,
569 1099 675 1161 diuino
697 1099 895 1161 solummodo
919 1099 1014 1162 cultui
1037 1106 1236 1179 preparatum

207 1211 326 1274 habere
345 1219 494 1292 possunt,
517 1219 548 1272 et
567 1211 627 1272 hoc
644 1210 861 1274 tautummodo
881 1210 1006 1291 quando
1026 1217 1100 1270 sunt
1121 1210 1152 1270 in
1174 1209 1237 1271 uia.

290 1325 369 1397 (36)
393 1324 521 1384 abbates
537 1323 676 1396 mitram,
697 1320 854 1394 sandalia,
872 1321 1056 1392 cirothecas,
1077 1320 1180 1380 nolam
1196 1320 1237 1381 ad

208 1434 360 1516 capellam
383 1433 434 1497 uel
456 1443 561 1497 cetera
577 1434 768 1515 episcopalia
782 1433 916 1514 insignia
930 1453 994 1493 non
1010 1432 1159 1505 habeant,
1181 1452 1238 1494 ne·

209 1566 271 1628 que
293 1545 467 1628 baptizent,
488 1566 592 1626 neque
615 1544 824 1627 penitenciam
847 1544 937 1617 dent,
959 1563 1062 1625 neque
1082 1543 1121 1605 ad
1137 1562 1237 1625 popu-

208 1657 273 1719 lum
287 1677 464 1718 sermonem
479 1656 603 1718 saciant.

291 1769 370 1842 (37)
401 1769 497 1829 abbas
523 1767 651 1849 prouisa
677 1766 822 1829 facultate
848 1766 1032 1830 monasterii
1057 1786 1129 1828 cum
1154 1767 1237 1848 epis·

209 1897 303 1960 copo,
332 1880 371 1941 ad
394 1879 456 1940 duo
478 1887 582 1942 aratra
603 1899 700 1940 uuum
722 1877 910 1939 monachum
931 1877 1118 1959 regulariter
1141 1877 1238 1940 uesti-

209 1998 275 2054 tum
289 1996 320 2051 et
333 1988 519 2052 instructum
534 1996 657 2061 teneat,
679 1997 710 2051 et
729 1989 871 2071 regulam
890 1989 975 2051 beati
993 1987 1150 2051 benedicti
1169 2008 1237 2050 om-

210 2122 267 2164 nes
283 2102 427 2164 monachi
446 2101 545 2163 sciant
561 2109 592 2163 et
606 2100 790 2181 intelligant.

292 2215 371 2290 (38)
393 2222 427 2275 ut
442 2214 570 2276 abbates
590 2233 662 2275 raro
682 2214 720 2275 de
736 2215 934 2277 monasteriis
950 2214 1161 2296 egrediantur,
1182 2234 1238 2276 nc-

209 2346 272 2410 que
296 2328 335 2390 ad
356 2347 482 2409 regem,
503 2347 608 2408 neque
628 2327 668 2388 ad
688 2335 824 2388 remotas
846 2327 1064 2407 possessiones
1080 2327 1147 2389 sine
1163 2347 1239 2388 con-

209 2438 344 2501 sciencia
360 2437 500 2519 episcopi
515 2445 663 2518 pergant,
689 2457 802 2499 uerum
824 2446 927 2499 tamen
944 2436 1064 2499 diucius
1079 2436 1237 2499 immorari

209 2568 273 2610 non
289 2550 413 2610 debent.

292 2660 419 2722 abbates
444 2661 626 2741 parentibus
647 2660 712 2723 suis
734 2681 798 2723 non
820 2661 1004 2743 plusquam
1026 2662 1139 2724 ceteris
1161 2682 1238 2744 pau-

208 2772 335 2854 peribus
360 2771 512 2833 solacium
538 2772 661 2834 saciant.
691 2775 776 2854 quod
801 2775 827 2834 si
852 2774 949 2836 abbas
975 2776 1121 2837 inuentus
1144 2775 1238 2837 suerit

208 2880 292 2943 bona
317 2880 498 2944 monasterii
520 2881 690 2962 dissipare,
712 2883 778 2965 ipse
800 2885 985 2966 deponatur,
1007 2896 1039 2949 et
1059 2887 1239 2948 substancia

208 2992 264 3055 illa
278 2990 412 3054 ecclesie
426 2994 586 3055 reddatur.

292 3105 369 3181 (39)
398 3104 501 3166 nullus
527 3106 693 3188 episcopus
718 3115 772 3170 aut
795 3108 952 3189 presbiter
976 3109 1164 3170 monachum
1187 3129 1238 3170 or-

211 3215 307 3278 dinet.

291 3329 370 3403 (to)
394 3327 505 3410 siquis
520 3330 707 3392 monachum
726 3331 865 3392 habitum
881 3331 990 3403 habet,
1014 3339 1067 3392 erit
1082 3339 1239 3391 monaste-

209 3438 291 3504 rium
306 3441 399 3503 intret
414 3449 466 3503 aut
480 3442 620 3504 habitum
643 3441 766 3524 perdat,
790 3450 820 3504 et
836 3443 1011 3524 penitencie
1027 3441 1198 3504 subiaceat·

292 3552 372 3629 (tt)
404 3553 508 3615 nullus
535 3555 689 3636 presbiter
717 3556 964 3617 conuencionem
993 3555 1032 3616 de
1059 3554 1152 3615 missa
1179 3571 1236 3633 pro

211 3664 375 3727 oblacione
391 3664 493 3725 saciat.

289 3775 368 3848 (bd)
391 3775 493 3836 nullus
518 3776 684 3839 ecclesiam
709 3796 813 3839 emere
838 3778 978 3839 uendere
1006 3782 1173 3857 presumat.
1209 3776 1235 3836 si

210 3886 280 3968 quis
295 3886 461 3948 ecclesiam
471 3887 660 3961 uendiderit,
675 3898 728 3951 aut
742 3888 951 3969 presbiterum
966 3909 1057 3949 suum
1068 3890 1136 3950 sine
1148 3889 1239 3969 culpa

210 3997 376 4071 abiecerit,
407 3999 528 4060 delator
552 3999 634 4061 illius
658 4000 750 4082 culpe
775 4007 897 4082 partem
922 4001 1062 4081 magistri
1091 4001 1172 4062 illius
1200 4019 1239 4062 co

210 4127 294 4173 anuo
312 4106 453 4190 accipiat.

291 4221 369 4302 (ta)
390 4219 493 4286 nullus
508 4221 548 4286 de
561 4220 715 4308 baptismo
730 4224 784 4290 uel
796 4223 958 4317 sepultura
971 4225 1113 4310 precium
1123 4224 1240 4310 exigat.
