2798 4764
443 363 627 410 morenos
651 361 693 409 oe
713 360 832 407 vuum
1085 339 1155 415 oto

205 516 282 594 (36)
304 515 445 579 Andreas
466 515 506 578 de
528 513 601 576 uiilu
623 513 763 577 Porozku
783 511 968 593 cepitopud
988 512 1155 594 quendum·

121 628 246 692 nomine
262 625 418 706 Goyutbci
437 644 552 707 equum
567 625 636 687 siue
651 623 741 704 signo
750 666 760 696 ,
788 623 896 683 diceus
911 621 996 685 ilium
1011 623 1068 684 sibi
1083 623 1153 693 fur·¹

120 740 175 802 tim
195 737 364 800 sublatum.
393 756 411 798 e
431 735 590 797 contrario
611 735 769 814 prodictus
785 734 911 814 Goyotb
934 732 963 796 ei
980 734 1056 795 dixit
1070 754 1149 796 eun-

121 850 193 913 dem
206 868 277 912 esse
292 867 384 910 suum
399 867 535 929 equum,
555 846 676 927 pullum
692 844 813 907 scilicet
826 845 986 925 corrigere
1002 863 1069 907 sue.
1098 845 1149 908 iu·

121 959 190 1021 dice
202 958 291 1022 Bank
306 958 420 1019 comite
435 957 474 1018 de
485 955 632 1028 budrub,
654 954 802 1036 pristaido
817 954 981 1035 Rodolpbo
996 955 1035 1016 dc
1046 956 1070 1014 T
1072 955 1152 1019 beo-

120 1068 254 1132 tbouicis
269 1066 461 1140 Paztbucbii,
482 1066 620 1148 prefatus
636 1064 798 1148 Guyntber
814 1073 935 1146 portato
954 1065 1039 1127 ferro
1055 1065 1149 1128 Uera·

121 1181 185 1243 diui
200 1179 383 1242 iustificatos
399 1187 455 1240 est.

204 1291 283 1364 (37)
304 1288 408 1352 Mertb
429 1308 535 1351 comes
561 1288 848 1351 Tbcotbonicorum
883 1289 1016 1371 litigauit
1038 1290 1152 1355 coutro

122 1400 288 1462 uniuersos
308 1397 442 1461 uitiauos
457 1398 579 1472 Sudan,
600 1415 658 1479 pro
673 1418 729 1461 sex
744 1400 857 1461 marcis
879 1420 897 1462 o
915 1400 1077 1464 seruitrice
1092 1420 1154 1464 suu

124 1531 182 1593 per
202 1511 286 1592 ipsos
309 1507 464 1572 uiolenter
484 1509 609 1582 ablutis,
631 1510 733 1572 iudice
754 1510 881 1573 bedecb
901 1511 1010 1573 curiati
1035 1511 1154 1575 comite

124 1620 246 1685 comitis
261 1620 404 1694 Martini,
424 1620 575 1702 pristaldo
590 1622 614 1681 F
615 1621 714 1683 achia.
742 1621 838 1684 bomo
853 1622 959 1704 itaque
972 1623 1076 1686 Morth
1092 1623 1152 1694 Une

123 1733 224 1796 rudini
239 1733 419 1795 combustus
434 1742 491 1795 cst.

207 1844 285 1920 (38)
308 1843 462 1906 Isma'e'lite
477 1844 517 1907 de
529 1845 603 1926 Nyr,
623 1843 707 1907 Elios
723 1852 754 1907 et
767 1845 869 1917 Peter,
891 1844 1150 1909 cordiuuootibus

123 1954 201 2030 aliis,
229 1955 399 2037 impeoiere
424 1957 590 2027 Ioannem,
619 1953 761 2029 Costum,
789 1962 823 2018 et
844 1954 985 2018 Mikoum
1010 1956 1050 2018 de
1075 1956 1154 2027 uiilc

123 2067 297 2130 Suiumonis
324 2067 364 2129 de
386 2065 570 2139 latrocinio,
594 2065 699 2129 iudice
722 2067 812 2130 Book
836 2067 968 2139 comite,
999 2066 1153 2147 pristaldu

122 2175 209 2238 Boia.
237 2176 369 2256 predicti
382 2176 528 2248 Ioannes,
548 2175 642 2238 Costa
656 2184 687 2239 ct
699 2175 808 2238 Mikoo
822 2176 975 2238 combusti
988 2184 1071 2239 suut.
1102 2178 1151 2239 Si-

124 2287 239 2351 militer
250 2287 333 2350 fitius
347 2288 427 2349 Pose
441 2307 498 2350 seu
513 2288 635 2362 Sontes,
655 2297 688 2351 et
700 2287 797 2351 irater
810 2290 878 2351 eius
892 2287 1032 2350 uterinus
1046 2289 1153 2363 Petur,

125 2399 238 2462 eodem
263 2398 367 2462 iudice
393 2406 426 2461 et
448 2399 562 2461 eodem
587 2396 746 2481 pristaldo,
767 2408 800 2463 et
820 2401 1009 2463 aduersariis
1030 2401 1151 2464 eisdem

125 2508 331 2572 existentibus
346 2509 500 2571 combusti
514 2517 596 2571 suut.
617 2508 924 2573 similiterfleroieuo
938 2519 971 2573 et
980 2509 1154 2592 Gregorius

125 2621 165 2682 de
178 2619 255 2683 uilla
266 2619 318 2682 Bis
331 2618 488 2681 combusti
502 2627 585 2682 suut.

208 2731 286 2805 (39)
308 2730 387 2792 Cum
403 2730 505 2792 b'euco
521 2730 660 2793 Uaiuoda
674 2730 838 2794 direxisset
859 2735 899 2795 ud
913 2733 1062 2797 iudicium
1076 2735 1152 2799 ferri

126 2841 289 2904 candentis
317 2841 527 2904 Laureucium
556 2842 595 2904 de
622 2841 695 2904 uilio
719 2842 820 2907 Beiud
847 2854 955 2909 contra
982 2846 1151 2928 capitulum

124 2951 271 3015 Albensis
293 2951 427 3015 ecclesie
453 2951 701 3027 Trunssiluunie,
728 2974 786 3035 per
807 2954 991 3037 pristcidum
1012 2958 1153 3020 Lauren·

125 3064 209 3126 cium
224 3063 263 3125 de
279 3062 352 3126 uitia
365 3063 506 3138 Poenae,
527 3064 690 3146 predictos
704 3065 897 3130 Luureucius
914 3068 1063 3130 couueuit
1076 3068 1152 3131 dure

126 3175 261 3258 capitulo
285 3194 405 3237 murcos
431 3175 615 3248 duodecim,
641 3185 674 3238 et
697 3196 825 3238 seruum
849 3177 901 3257 qui
925 3177 1152 3257 requirebatur,
1263 3238 1270 3246 ,

126 3285 281 3347 dimittere
296 3285 384 3349 irutri
398 3305 456 3348 suo
471 3285 609 3358 Nicoiao‚
631 3305 727 3367 super
739 3287 949 3348 iuramentum
964 3306 1066 3348 suum.
1097 3287 1155 3368 qui

126 3396 152 3459 si
167 3416 229 3458 ooo
246 3396 379 3470 iuraret,
400 3415 510 3458 seruus
524 3389 599 3468 sibi,¹
616 3396 734 3458 scilicet
747 3397 935 3470 Laurcncio,
955 3397 1154 3460 redderetur.

208 3506 290 3582 (ib)
311 3508 421 3588 Nogud
436 3508 562 3588 iobcgio
576 3508 758 3571 monasterii
772 3509 910 3580 Debreu‚
930 3517 1054 3590 portato
1068 3510 1153 3572 ferro

126 3639 184 3702 pro
199 3619 282 3682 iacto
297 3629 407 3682 contra
422 3619 605 3701 iobogiones
619 3620 798 3702 bgrieoses,
809 3619 929 3681 scilicet
941 3620 1006 3682 b'ed
1018 3629 1049 3682 et
1060 3621 1155 3705 ery,

75 3732 82 3739 ”
126 3731 226 3795 iudice
242 3731 347 3807 Buok,
368 3728 519 3813 pristuuo
534 3731 641 3803 Paulo,
664 3730 848 3794 iustificatos
863 3738 920 3793 est.

208 3842 286 3916 (tr)
307 3840 464 3906 ismablite
487 3842 526 3905 de
541 3843 612 3923 Nyr,
634 3842 705 3905 llicz
727 3852 758 3905 et
779 3843 915 3916 Pentek,
937 3845 1155 3911 coadiuuaoti·

126 3949 185 4012 bus
210 3950 288 4025 eliis,
316 3952 485 4035 impeoiere
505 3951 689 4035 iobagioues
713 3954 838 4017 Martini
863 3955 986 4020 comitis
1013 3957 1052 4020 de
1077 3958 1153 4021 uitis

127 4059 254 4133 Uamus,
284 4061 324 4124 de
346 4061 520 4138 latrocinio,
550 4063 668 4127 scilicet
688 4065 796 4147 Egud,
823 4067 960 4151 Botyku,
989 4069 1153 4141 Zobocbc‚
1223 4114 1231 4127 ,

127 4171 289 4249 wacon,
310 4172 433 4254 Torua,
451 4176 565 4252 Zolrus,
591 4176 724 4263 toocyu,
745 4178 865 4247 Tutior.
892 4180 1039 4255 trossou,
1062 4180 1153 4251 locor
