<?xml version="1.0" encoding="UTF-8"?>
<!DOCTYPE html PUBLIC "-//W3C//DTD XHTML 1.0 Transitional//EN"
    "http://www.w3.org/TR/xhtml1/DTD/xhtml1-transitional.dtd">
<html xmlns="http://www.w3.org/1999/xhtml" xml:lang="en" lang="en">
 <head>
  <title>
</title>
<meta http-equiv="Content-Type" content="text/html;charset=utf-8" />
  <meta name='ocr-system' content='tesseract 3.04.00' />
  <meta name='ocr-capabilities' content='ocr_page ocr_carea ocr_par ocr_line ocrx_word'/>
</head>
<body>
  <div class='ocr_page' id='page_1' title='image "./rerumhungaricar00endlgoog/rerumhungaricar00endlgoog_0607.png"; bbox 0 0 2798 4764; ppageno 0'>
   <div class='ocr_carea' id='block_1_1' title="bbox 240 320 1114 389">
    <p class='ocr_par' dir='ltr' id='par_1_1' title="bbox 240 320 1114 389">
     <span class='ocr_line' id='line_1_1' title="bbox 240 320 1114 389; baseline -0.005 -2"><span class='ocrx_word' id='word_1_1' title='bbox 240 321 302 387; x_wconf 64' lang='grc' dir='ltr'>Μ</span> <span class='ocrx_word' id='word_1_2' title='bbox 387 330 652 389; x_wconf 73' lang='lat' dir='ltr'><strong>commones</strong></span> <span class='ocrx_word' id='word_1_3' title='bbox 670 338 807 384; x_wconf 84' lang='lat' dir='ltr'><strong>srrronus</strong></span> <span class='ocrx_word' id='word_1_4' title='bbox 824 337 983 385; x_wconf 75' lang='lat' dir='ltr'><strong>nonense.</strong></span> <span class='ocrx_word' id='word_1_5' title='bbox 1009 320 1114 384; x_wconf 61' lang='lat' dir='ltr'><strong>wls</strong></span> 
     </span>
    </p>
   </div>
   <div class='ocr_carea' id='block_1_2' title="bbox 234 492 1273 4251">
    <p class='ocr_par' dir='ltr' id='par_1_2' title="bbox 237 492 1269 1349">
     <span class='ocr_line' id='line_1_2' title="bbox 238 492 1268 576; baseline -0.001 -19"><span class='ocrx_word' id='word_1_6' title='bbox 238 494 418 576; x_wconf 81' lang='lat' dir='ltr'><strong>specialiter</strong></span> <span class='ocrx_word' id='word_1_7' title='bbox 426 492 558 557; x_wconf 80' lang='lat' dir='ltr'><strong>licencia</strong></span> <span class='ocrx_word' id='word_1_8' title='bbox 571 492 612 556; x_wconf 86' lang='lat' dir='ltr'><strong>sit</strong></span> <span class='ocrx_word' id='word_1_9' title='bbox 626 504 793 557; x_wconf 68' lang='lat' dir='ltr'><strong>concessa:</strong></span> <span class='ocrx_word' id='word_1_10' title='bbox 808 493 923 576; x_wconf 85' lang='lat' dir='ltr'><strong>quibus</strong></span> <span class='ocrx_word' id='word_1_11' title='bbox 936 493 1033 556; x_wconf 81' lang='lat' dir='ltr'><strong>abbas</strong></span> <span class='ocrx_word' id='word_1_12' title='bbox 1049 513 1106 555; x_wconf 89' lang='lat' dir='ltr'><strong>seu</strong></span> <span class='ocrx_word' id='word_1_13' title='bbox 1117 494 1205 575; x_wconf 91' lang='lat' dir='ltr'><strong>prior</strong></span> <span class='ocrx_word' id='word_1_14' title='bbox 1216 494 1268 556; x_wconf 87' lang='lat' dir='ltr'><strong>uel</strong></span> 
     </span>
     <span class='ocr_line' id='line_1_3' title="bbox 239 603 1268 686; baseline 0.003 -20"><span class='ocrx_word' id='word_1_15' title='bbox 239 604 428 686; x_wconf 84' lang='lat' dir='ltr'><strong>prepositus,</strong></span> <span class='ocrx_word' id='word_1_16' title='bbox 449 603 500 666; x_wconf 90' lang='lat' dir='ltr'><strong>uel</strong></span> <span class='ocrx_word' id='word_1_17' title='bbox 515 624 625 666; x_wconf 90' lang='lat' dir='ltr'><strong>eorum</strong></span> <span class='ocrx_word' id='word_1_18' title='bbox 644 605 755 667; x_wconf 88' lang='lat' dir='ltr'><strong>uicarli</strong></span> <span class='ocrx_word' id='word_1_19' title='bbox 770 605 837 667; x_wconf 87' lang='lat' dir='ltr'><strong>sine</strong></span> <span class='ocrx_word' id='word_1_20' title='bbox 853 622 946 668; x_wconf 82' lang='lat' dir='ltr'><strong>causa</strong></span> <span class='ocrx_word' id='word_1_21' title='bbox 959 605 1137 666; x_wconf 86' lang='lat' dir='ltr'><strong>necessaria</strong></span> <span class='ocrx_word' id='word_1_22' title='bbox 1151 604 1203 666; x_wconf 87' lang='lat' dir='ltr'><strong>uel</strong></span> <span class='ocrx_word' id='word_1_23' title='bbox 1218 625 1268 669; x_wconf 85' lang='lat' dir='ltr'><strong>ra-</strong></span> 
     </span>
     <span class='ocr_line' id='line_1_4' title="bbox 238 714 1269 787; baseline 0.001 -10"><span class='ocrx_word' id='word_1_24' title='bbox 238 714 383 777; x_wconf 87' lang='lat' dir='ltr'><strong>cionabili</strong></span> <span class='ocrx_word' id='word_1_25' title='bbox 398 715 534 777; x_wconf 86' lang='lat' dir='ltr'><strong>exeundi</strong></span> <span class='ocrx_word' id='word_1_26' title='bbox 555 715 719 777; x_wconf 83' lang='lat' dir='ltr'><strong>licenciam</strong></span> <span class='ocrx_word' id='word_1_27' title='bbox 734 735 798 777; x_wconf 94' lang='lat' dir='ltr'><strong>non</strong></span> <span class='ocrx_word' id='word_1_28' title='bbox 814 716 1005 787; x_wconf 79' lang='lat' dir='ltr'>concedant,</span> <span class='ocrx_word' id='word_1_29' title='bbox 1026 734 1084 777; x_wconf 90' lang='lat' dir='ltr'><strong>uec</strong></span> <span class='ocrx_word' id='word_1_30' title='bbox 1099 716 1196 777; x_wconf 91' lang='lat' dir='ltr'><strong>eciam</strong></span> <span class='ocrx_word' id='word_1_31' title='bbox 1212 716 1269 778; x_wconf 88' lang='lat' dir='ltr'><strong>ob-</strong></span> 
     </span>
     <span class='ocr_line' id='line_1_5' title="bbox 238 825 1267 907; baseline 0 -18"><span class='ocrx_word' id='word_1_32' title='bbox 238 833 324 889; x_wconf 92' lang='lat' dir='ltr'><strong>tenta</strong></span> <span class='ocrx_word' id='word_1_33' title='bbox 339 825 471 887; x_wconf 81' lang='lat' dir='ltr'>licencia</span> <span class='ocrx_word' id='word_1_34' title='bbox 482 825 548 888; x_wconf 91' lang='lat' dir='ltr'><strong>sine</strong></span> <span class='ocrx_word' id='word_1_35' title='bbox 563 825 648 888; x_wconf 88' lang='lat' dir='ltr'><strong>socio</strong></span> <span class='ocrx_word' id='word_1_36' title='bbox 660 826 730 907; x_wconf 88' lang='lat' dir='ltr'><strong>quis</strong></span> <span class='ocrx_word' id='word_1_37' title='bbox 744 826 843 907; x_wconf 90' lang='lat' dir='ltr'><strong>pedes</strong></span> <span class='ocrx_word' id='word_1_38' title='bbox 854 825 942 888; x_wconf 84' lang='lat' dir='ltr'><strong>exire</strong></span> <span class='ocrx_word' id='word_1_39' title='bbox 956 837 1127 906; x_wconf 87' lang='lat' dir='ltr'><strong>presumat.</strong></span> <span class='ocrx_word' id='word_1_40' title='bbox 1147 827 1174 887; x_wconf 88' lang='lat' dir='ltr'><strong>si</strong></span> <span class='ocrx_word' id='word_1_41' title='bbox 1189 846 1267 889; x_wconf 89' lang='lat' dir='ltr'><strong>uero</strong></span> 
     </span>
     <span class='ocr_line' id='line_1_6' title="bbox 237 935 1268 1018; baseline -0.001 -19"><span class='ocrx_word' id='word_1_42' title='bbox 237 935 384 1008; x_wconf 78' lang='lat' dir='ltr'><strong>abbates,</strong></span> <span class='ocrx_word' id='word_1_43' title='bbox 406 937 526 1016; x_wconf 79' lang='lat' dir='ltr'><strong>priores</strong></span> <span class='ocrx_word' id='word_1_44' title='bbox 539 936 692 1018; x_wconf 79' lang='lat' dir='ltr'><strong>prepositi</strong></span> <span class='ocrx_word' id='word_1_45' title='bbox 705 935 757 998; x_wconf 90' lang='lat' dir='ltr'><strong>uel</strong></span> <span class='ocrx_word' id='word_1_46' title='bbox 771 937 822 999; x_wconf 89' lang='lat' dir='ltr'><strong>alii</strong></span> <span class='ocrx_word' id='word_1_47' title='bbox 837 936 997 1017; x_wconf 75' lang='lat' dir='ltr'><strong>regulares</strong></span> <span class='ocrx_word' id='word_1_48' title='bbox 1012 936 1124 1017; x_wconf 87' lang='lat' dir='ltr'><strong>prelati</strong></span> <span class='ocrx_word' id='word_1_49' title='bbox 1138 957 1196 999; x_wconf 87' lang='lat' dir='ltr'><strong>seu</strong></span> <span class='ocrx_word' id='word_1_50' title='bbox 1212 956 1268 999; x_wconf 91' lang='lat' dir='ltr'><strong>eo·</strong></span> 
     </span>
     <span class='ocr_line' id='line_1_7' title="bbox 237 1045 1268 1130; baseline 0.003 -23"><span class='ocrx_word' id='word_1_51' title='bbox 237 1064 309 1107; x_wconf 87' lang='lat' dir='ltr'><strong>rum</strong></span> <span class='ocrx_word' id='word_1_52' title='bbox 323 1045 431 1107; x_wconf 87' lang='lat' dir='ltr'><strong>uicarii</strong></span> <span class='ocrx_word' id='word_1_53' title='bbox 445 1046 479 1108; x_wconf 94' lang='lat' dir='ltr'><strong>in</strong></span> <span class='ocrx_word' id='word_1_54' title='bbox 493 1047 599 1130; x_wconf 88' lang='lat' dir='ltr'><strong>a&#39;liquo</strong></span> <span class='ocrx_word' id='word_1_55' title='bbox 614 1048 838 1129; x_wconf 81' lang='lat' dir='ltr'><strong>premissorum</strong></span> <span class='ocrx_word' id='word_1_56' title='bbox 853 1047 1048 1129; x_wconf 77' lang='lat' dir='ltr'><strong>negligentes</strong></span> <span class='ocrx_word' id='word_1_57' title='bbox 1061 1047 1184 1109; x_wconf 87' lang='lat' dir='ltr'><strong>inuenti</strong></span> <span class='ocrx_word' id='word_1_58' title='bbox 1197 1047 1268 1110; x_wconf 84' lang='lat' dir='ltr'><strong>sue·</strong></span> 
     </span>
     <span class='ocr_line' id='line_1_8' title="bbox 237 1156 1267 1239; baseline 0.002 -18"><span class='ocrx_word' id='word_1_59' title='bbox 237 1156 303 1221; x_wconf 85' lang='lat' dir='ltr'><strong>rint</strong></span> <span class='ocrx_word' id='word_1_60' title='bbox 312 1157 365 1219; x_wconf 89' lang='lat' dir='ltr'><strong>uel</strong></span> <span class='ocrx_word' id='word_1_61' title='bbox 378 1159 511 1231; x_wconf 88' lang='lat' dir='ltr'><strong>remissi,</strong></span> <span class='ocrx_word' id='word_1_62' title='bbox 521 1158 736 1239; x_wconf 86' lang='lat' dir='ltr'><strong>suspensionis</strong></span> <span class='ocrx_word' id='word_1_63' title='bbox 747 1157 799 1220; x_wconf 89' lang='lat' dir='ltr'><strong>uel</strong></span> <span class='ocrx_word' id='word_1_64' title='bbox 814 1158 940 1219; x_wconf 89' lang='lat' dir='ltr'><strong>maioris</strong></span> <span class='ocrx_word' id='word_1_65' title='bbox 954 1157 1092 1239; x_wconf 89' lang='lat' dir='ltr'><strong>uindicte</strong></span> <span class='ocrx_word' id='word_1_66' title='bbox 1105 1159 1267 1223; x_wconf 76' lang='lat' dir='ltr'><strong>sentencie</strong></span> 
     </span>
     <span class='ocr_line' id='line_1_9' title="bbox 239 1269 938 1349; baseline -0.003 -17"><span class='ocrx_word' id='word_1_67' title='bbox 239 1289 261 1332; x_wconf 88' lang='lat' dir='ltr'><strong>a</strong></span> <span class='ocrx_word' id='word_1_68' title='bbox 273 1269 449 1333; x_wconf 87' lang='lat' dir='ltr'><strong>diecesanis</strong></span> <span class='ocrx_word' id='word_1_69' title='bbox 463 1270 528 1332; x_wconf 83' lang='lat' dir='ltr'><strong>suis</strong></span> <span class='ocrx_word' id='word_1_70' title='bbox 542 1289 577 1332; x_wconf 92' lang='lat' dir='ltr'><strong>se</strong></span> <span class='ocrx_word' id='word_1_71' title='bbox 592 1270 739 1332; x_wconf 88' lang='lat' dir='ltr'><strong>nouerint</strong></span> <span class='ocrx_word' id='word_1_72' title='bbox 753 1270 938 1349; x_wconf 89' lang='lat' dir='ltr'><strong>puniendos.</strong></span> 
     </span>
    </p>

    <p class='ocr_par' dir='ltr' id='par_1_3' title="bbox 236 1379 1268 1903">
     <span class='ocr_line' id='line_1_10' title="bbox 323 1379 1267 1465; baseline 0.003 -22"><span class='ocrx_word' id='word_1_73' title='bbox 323 1379 388 1460; x_wconf 81' lang='grc'>(65)</span> <span class='ocrx_word' id='word_1_74' title='bbox 410 1381 616 1444; x_wconf 88' lang='lat' dir='ltr'><strong>Prohibemus</strong></span> <span class='ocrx_word' id='word_1_75' title='bbox 637 1400 678 1444; x_wconf 89' lang='lat' dir='ltr'><strong>ne</strong></span> <span class='ocrx_word' id='word_1_76' title='bbox 697 1380 858 1454; x_wconf 87' lang='lat' dir='ltr'><strong>monachi,</strong></span> <span class='ocrx_word' id='word_1_77' title='bbox 878 1381 931 1444; x_wconf 90' lang='lat' dir='ltr'><strong>uel</strong></span> <span class='ocrx_word' id='word_1_78' title='bbox 947 1381 1090 1444; x_wconf 89' lang='lat' dir='ltr'><strong>canonici</strong></span> <span class='ocrx_word' id='word_1_79' title='bbox 1106 1382 1267 1465; x_wconf 76' lang='lat' dir='ltr'><strong>regulares</strong></span> 
     </span>
     <span class='ocr_line' id='line_1_11' title="bbox 239 1491 1265 1573; baseline -0.001 -14"><span class='ocrx_word' id='word_1_80' title='bbox 239 1493 390 1559; x_wconf 83' lang='lat' dir='ltr'><strong>eeclesias</strong></span> <span class='ocrx_word' id='word_1_81' title='bbox 414 1494 454 1555; x_wconf 88' lang='lat' dir='ltr'><strong>ad</strong></span> <span class='ocrx_word' id='word_1_82' title='bbox 478 1491 601 1556; x_wconf 85' lang='lat' dir='ltr'><strong>firmam</strong></span> <span class='ocrx_word' id='word_1_83' title='bbox 628 1493 778 1573; x_wconf 87' lang='lat' dir='ltr'><strong>recipiant</strong></span> <span class='ocrx_word' id='word_1_84' title='bbox 806 1493 858 1555; x_wconf 93' lang='lat' dir='ltr'><strong>uel</strong></span> <span class='ocrx_word' id='word_1_85' title='bbox 881 1493 1076 1567; x_wconf 89' lang='lat' dir='ltr'><strong>conducant,</strong></span> <span class='ocrx_word' id='word_1_86' title='bbox 1114 1503 1167 1556; x_wconf 86' lang='lat' dir='ltr'><strong>aut</strong></span> <span class='ocrx_word' id='word_1_87' title='bbox 1195 1496 1265 1559; x_wconf 85' lang='lat' dir='ltr'><strong>sine</strong></span> 
     </span>
     <span class='ocr_line' id='line_1_12' title="bbox 236 1602 1268 1686; baseline 0.003 -21"><span class='ocrx_word' id='word_1_88' title='bbox 236 1603 373 1668; x_wconf 80' lang='lat' dir='ltr'><strong>licencia</strong></span> <span class='ocrx_word' id='word_1_89' title='bbox 386 1604 626 1666; x_wconf 89' lang='lat' dir='ltr'><strong>diecesanorum</strong></span> <span class='ocrx_word' id='word_1_90' title='bbox 641 1603 863 1686; x_wconf 85' lang='lat' dir='ltr'><strong>episcoporum</strong></span> <span class='ocrx_word' id='word_1_91' title='bbox 878 1605 929 1667; x_wconf 92' lang='lat' dir='ltr'><strong>uel</strong></span> <span class='ocrx_word' id='word_1_92' title='bbox 945 1602 1077 1667; x_wconf 86' lang='lat' dir='ltr'><strong>aliorum</strong></span> <span class='ocrx_word' id='word_1_93' title='bbox 1091 1606 1268 1668; x_wconf 88' lang='lat' dir='ltr'><strong>ordinario·</strong></span> 
     </span>
     <span class='ocr_line' id='line_1_13' title="bbox 238 1712 1267 1796; baseline 0.002 -18"><span class='ocrx_word' id='word_1_94' title='bbox 238 1734 308 1779; x_wconf 87' lang='lat' dir='ltr'><strong>rum</strong></span> <span class='ocrx_word' id='word_1_95' title='bbox 329 1714 555 1796; x_wconf 87' lang='lat' dir='ltr'><strong>parochialium</strong></span> <span class='ocrx_word' id='word_1_96' title='bbox 575 1712 781 1779; x_wconf 84' lang='lat' dir='ltr'><strong>ecclesiarum</strong></span> <span class='ocrx_word' id='word_1_97' title='bbox 804 1714 958 1796; x_wconf 89' lang='lat' dir='ltr'><strong>capellani</strong></span> <span class='ocrx_word' id='word_1_98' title='bbox 976 1717 1127 1790; x_wconf 84' lang='lat' dir='ltr'><strong>existant,</strong></span> <span class='ocrx_word' id='word_1_99' title='bbox 1146 1718 1203 1779; x_wconf 93' lang='lat' dir='ltr'><strong>sed</strong></span> <span class='ocrx_word' id='word_1_100' title='bbox 1224 1718 1267 1780; x_wconf 87' lang='lat' dir='ltr'><strong>sd</strong></span> 
     </span>
     <span class='ocr_line' id='line_1_14' title="bbox 238 1824 1266 1903; baseline -0.001 -12"><span class='ocrx_word' id='word_1_101' title='bbox 238 1844 296 1891; x_wconf 75' lang='lat' dir='ltr'><strong>sua</strong></span> <span class='ocrx_word' id='word_1_102' title='bbox 315 1824 505 1903; x_wconf 81' lang='lat' dir='ltr'><strong>monasteria</strong></span> <span class='ocrx_word' id='word_1_103' title='bbox 525 1826 670 1899; x_wconf 88' lang='lat' dir='ltr'><strong>redeant,</strong></span> <span class='ocrx_word' id='word_1_104' title='bbox 692 1826 794 1888; x_wconf 91' lang='lat' dir='ltr'><strong>donec</strong></span> <span class='ocrx_word' id='word_1_105' title='bbox 815 1826 967 1889; x_wconf 89' lang='lat' dir='ltr'><strong>redierint</strong></span> <span class='ocrx_word' id='word_1_106' title='bbox 987 1846 1051 1888; x_wconf 93' lang='lat' dir='ltr'><strong>non</strong></span> <span class='ocrx_word' id='word_1_107' title='bbox 1069 1827 1266 1892; x_wconf 77' lang='lat' dir='ltr'><strong>celebraturi.</strong></span> 
     </span>
    </p>

    <p class='ocr_par' dir='ltr' id='par_1_4' title="bbox 236 1932 1273 3698">
     <span class='ocr_line' id='line_1_15' title="bbox 321 1932 1267 2018; baseline 0.007 -22"><span class='ocrx_word' id='word_1_108' title='bbox 321 1932 388 2017; x_wconf 78' lang='grc'><strong>(66)</strong></span> <span class='ocrx_word' id='word_1_109' title='bbox 409 1935 513 2017; x_wconf 80' lang='lat' dir='ltr'><strong>Siquis</strong></span> <span class='ocrx_word' id='word_1_110' title='bbox 533 1934 699 2018; x_wconf 84' lang='lat' dir='ltr'><strong>religiosus</strong></span> <span class='ocrx_word' id='word_1_111' title='bbox 718 1937 865 1999; x_wconf 87' lang='lat' dir='ltr'><strong>inuentus</strong></span> <span class='ocrx_word' id='word_1_112' title='bbox 887 1937 983 2000; x_wconf 83' lang='lat' dir='ltr'><strong>luerit</strong></span> <span class='ocrx_word' id='word_1_113' title='bbox 1002 1957 1073 2000; x_wconf 88' lang='lat' dir='ltr'><strong>curn</strong></span> <span class='ocrx_word' id='word_1_114' title='bbox 1090 1940 1219 2002; x_wconf 87' lang='lat' dir='ltr'><strong>canibus</strong></span> <span class='ocrx_word' id='word_1_115' title='bbox 1234 1948 1267 2003; x_wconf 91' lang='lat' dir='ltr'><strong>et</strong></span> 
     </span>
     <span class='ocr_line' id='line_1_16' title="bbox 238 2047 1267 2130; baseline 0.001 -18"><span class='ocrx_word' id='word_1_116' title='bbox 238 2048 351 2113; x_wconf 79' lang='lat' dir='ltr'><strong>auibus</strong></span> <span class='ocrx_word' id='word_1_117' title='bbox 384 2048 572 2120; x_wconf 77' lang='lat' dir='ltr'><strong>uenator-iis,</strong></span> <span class='ocrx_word' id='word_1_118' title='bbox 605 2047 780 2130; x_wconf 88' lang='lat' dir='ltr'><strong>cuicunque</strong></span> <span class='ocrx_word' id='word_1_119' title='bbox 808 2049 975 2128; x_wconf 88' lang='lat' dir='ltr'><strong>occupanti</strong></span> <span class='ocrx_word' id='word_1_120' title='bbox 1002 2051 1220 2112; x_wconf 88' lang='lat' dir='ltr'><strong>conceduntur</strong></span> <span class='ocrx_word' id='word_1_121' title='bbox 1248 2069 1267 2113; x_wconf 87' lang='lat' dir='ltr'><strong>a</strong></span> 
     </span>
     <span class='ocr_line' id='line_1_17' title="bbox 236 2159 1268 2243; baseline 0.001 -18"><span class='ocrx_word' id='word_1_122' title='bbox 236 2160 339 2225; x_wconf 81' lang='lat' dir='ltr'><strong>nobis.</strong></span> <span class='ocrx_word' id='word_1_123' title='bbox 367 2159 471 2222; x_wconf 89' lang='lat' dir='ltr'><strong>nullus</strong></span> <span class='ocrx_word' id='word_1_124' title='bbox 490 2159 645 2241; x_wconf 88' lang='lat' dir='ltr'><strong>regularis</strong></span> <span class='ocrx_word' id='word_1_125' title='bbox 666 2160 882 2243; x_wconf 88' lang='lat' dir='ltr'><strong>cuiuscunque</strong></span> <span class='ocrx_word' id='word_1_126' title='bbox 903 2161 1023 2225; x_wconf 84' lang='lat' dir='ltr'><strong>ordinis</strong></span> <span class='ocrx_word' id='word_1_127' title='bbox 1043 2162 1189 2225; x_wconf 92' lang='lat' dir='ltr'><strong>continue</strong></span> <span class='ocrx_word' id='word_1_128' title='bbox 1210 2163 1268 2226; x_wconf 85' lang='lat' dir='ltr'><strong>de·</strong></span> 
     </span>
     <span class='ocr_line' id='line_1_18' title="bbox 237 2271 1270 2356; baseline -0.001 -18"><span class='ocrx_word' id='word_1_129' title='bbox 237 2273 359 2338; x_wconf 81' lang='lat' dir='ltr'><strong>seruire</strong></span> <span class='ocrx_word' id='word_1_130' title='bbox 373 2273 487 2335; x_wconf 88' lang='lat' dir='ltr'><strong>audeat</strong></span> <span class='ocrx_word' id='word_1_131' title='bbox 503 2271 536 2334; x_wconf 91' lang='lat' dir='ltr'><strong>in</strong></span> <span class='ocrx_word' id='word_1_132' title='bbox 557 2271 789 2352; x_wconf 85' lang='lat' dir='ltr'><strong>parochialibus</strong></span> <span class='ocrx_word' id='word_1_133' title='bbox 811 2271 954 2335; x_wconf 89' lang='lat' dir='ltr'><strong>ecclesiis</strong></span> <span class='ocrx_word' id='word_1_134' title='bbox 975 2273 1163 2356; x_wconf 85' lang='lat' dir='ltr'><strong>secularium</strong></span> <span class='ocrx_word' id='word_1_135' title='bbox 1186 2274 1270 2337; x_wconf 84' lang='lat' dir='ltr'><strong>ultra</strong></span> 
     </span>
     <span class='ocr_line' id='line_1_19' title="bbox 238 2381 1271 2463; baseline 0 -16"><span class='ocrx_word' id='word_1_136' title='bbox 238 2393 312 2449; x_wconf 88' lang='lat' dir='ltr'><strong>octo</strong></span> <span class='ocrx_word' id='word_1_137' title='bbox 334 2383 418 2456; x_wconf 87' lang='lat' dir='ltr'><strong>dies,</strong></span> <span class='ocrx_word' id='word_1_138' title='bbox 439 2382 507 2445; x_wconf 89' lang='lat' dir='ltr'><strong>sine</strong></span> <span class='ocrx_word' id='word_1_139' title='bbox 526 2381 609 2445; x_wconf 90' lang='lat' dir='ltr'><strong>illius</strong></span> <span class='ocrx_word' id='word_1_140' title='bbox 623 2381 811 2463; x_wconf 83' lang='lat' dir='ltr'><strong>parochialis</strong></span> <span class='ocrx_word' id='word_1_141' title='bbox 826 2383 959 2446; x_wconf 86' lang='lat' dir='ltr'><strong>ecclesie</strong></span> <span class='ocrx_word' id='word_1_142' title='bbox 973 2384 1125 2446; x_wconf 88' lang='lat' dir='ltr'><strong>ordinarii</strong></span> <span class='ocrx_word' id='word_1_143' title='bbox 1138 2383 1271 2447; x_wconf 87' lang='lat' dir='ltr'><strong>licencia</strong></span> 
     </span>
     <span class='ocr_line' id='line_1_20' title="bbox 237 2492 1271 2578; baseline -0.003 -17"><span class='ocrx_word' id='word_1_144' title='bbox 237 2495 378 2576; x_wconf 87' lang='lat' dir='ltr'><strong>speciali.</strong></span> <span class='ocrx_word' id='word_1_145' title='bbox 404 2495 458 2576; x_wconf 90' lang='lat' dir='ltr'><strong>qui</strong></span> <span class='ocrx_word' id='word_1_146' title='bbox 476 2513 556 2557; x_wconf 89' lang='lat' dir='ltr'><strong>uero</strong></span> <span class='ocrx_word' id='word_1_147' title='bbox 576 2492 655 2557; x_wconf 88' lang='lat' dir='ltr'><strong>tales</strong></span> <span class='ocrx_word' id='word_1_148' title='bbox 674 2494 800 2556; x_wconf 87' lang='lat' dir='ltr'><strong>scierint</strong></span> <span class='ocrx_word' id='word_1_149' title='bbox 813 2494 894 2556; x_wconf 87' lang='lat' dir='ltr'><strong>ultra</strong></span> <span class='ocrx_word' id='word_1_150' title='bbox 909 2503 981 2558; x_wconf 93' lang='lat' dir='ltr'><strong>octo</strong></span> <span class='ocrx_word' id='word_1_151' title='bbox 997 2496 1064 2558; x_wconf 89' lang='lat' dir='ltr'><strong>dies</strong></span> <span class='ocrx_word' id='word_1_152' title='bbox 1078 2497 1148 2558; x_wconf 93' lang='lat' dir='ltr'><strong>loco</strong></span> <span class='ocrx_word' id='word_1_153' title='bbox 1163 2498 1271 2578; x_wconf 88' lang='lat' dir='ltr'><strong>capel·</strong></span> 
     </span>
     <span class='ocr_line' id='line_1_21' title="bbox 237 2598 1272 2700; baseline 0 -28"><span class='ocrx_word' id='word_1_154' title='bbox 237 2607 383 2672; x_wconf 79' lang='lat' dir='ltr'><strong>tenorum</strong></span> <span class='ocrx_word' id='word_1_155' title='bbox 404 2608 444 2667; x_wconf 92' lang='lat' dir='ltr'><strong>ad</strong></span> <span class='ocrx_word' id='word_1_156' title='bbox 464 2606 688 2669; x_wconf 86' lang='lat' dir='ltr'><strong>celebrandum</strong></span> <span class='ocrx_word' id='word_1_157' title='bbox 713 2606 822 2700; x_wconf 84' lang='lat' dir='ltr'><strong>uelud</strong></span> <span class='ocrx_word' id='word_1_158' title='bbox 847 2607 1058 2670; x_wconf 84' lang='lat' dir='ltr'><strong>ecclesiastica</strong></span> <span class='ocrx_word' id='word_1_159' title='bbox 1075 2598 1272 2672; x_wconf 77' lang='lat' dir='ltr'><strong>sacramenta</strong></span> 
     </span>
     <span class='ocr_line' id='line_1_22' title="bbox 240 2718 1272 2803; baseline 0.004 -24"><span class='ocrx_word' id='word_1_160' title='bbox 240 2718 480 2781; x_wconf 84' lang='lat' dir='ltr'><strong>ministrandum</strong></span> <span class='ocrx_word' id='word_1_161' title='bbox 506 2719 680 2790; x_wconf 87' lang='lat' dir='ltr'><strong>tenuerint,</strong></span> <span class='ocrx_word' id='word_1_162' title='bbox 710 2726 764 2781; x_wconf 88' lang='lat' dir='ltr'><strong>aut</strong></span> <span class='ocrx_word' id='word_1_163' title='bbox 786 2720 992 2783; x_wconf 86' lang='lat' dir='ltr'><strong>sustinuerint</strong></span> <span class='ocrx_word' id='word_1_164' title='bbox 1012 2721 1079 2782; x_wconf 88' lang='lat' dir='ltr'><strong>sine</strong></span> <span class='ocrx_word' id='word_1_165' title='bbox 1101 2722 1170 2803; x_wconf 91' lang='lat' dir='ltr'><strong>ipso</strong></span> <span class='ocrx_word' id='word_1_166' title='bbox 1186 2722 1272 2784; x_wconf 85' lang='lat' dir='ltr'><strong>sacto</strong></span> 
     </span>
     <span class='ocr_line' id='line_1_23' title="bbox 240 2828 1273 2914; baseline 0.004 -22"><span class='ocrx_word' id='word_1_167' title='bbox 240 2829 280 2892; x_wconf 84' lang='lat' dir='ltr'><strong>ab</strong></span> <span class='ocrx_word' id='word_1_168' title='bbox 302 2830 448 2890; x_wconf 90' lang='lat' dir='ltr'><strong>ordinum</strong></span> <span class='ocrx_word' id='word_1_169' title='bbox 469 2828 661 2891; x_wconf 84' lang='lat' dir='ltr'><strong>execucione</strong></span> <span class='ocrx_word' id='word_1_170' title='bbox 683 2832 845 2910; x_wconf 88' lang='lat' dir='ltr'><strong>suspensi,</strong></span> <span class='ocrx_word' id='word_1_171' title='bbox 867 2850 928 2912; x_wconf 92' lang='lat' dir='ltr'><strong>que</strong></span> <span class='ocrx_word' id='word_1_172' title='bbox 950 2833 1117 2914; x_wconf 85' lang='lat' dir='ltr'><strong>suspensio</strong></span> <span class='ocrx_word' id='word_1_173' title='bbox 1133 2854 1189 2914; x_wconf 89' lang='lat' dir='ltr'><strong>per</strong></span> <span class='ocrx_word' id='word_1_174' title='bbox 1203 2835 1273 2896; x_wconf 90' lang='lat' dir='ltr'><strong>die-</strong></span> 
     </span>
     <span class='ocr_line' id='line_1_24' title="bbox 239 2940 1273 3022; baseline 0.005 -20"><span class='ocrx_word' id='word_1_175' title='bbox 239 2956 370 3002; x_wconf 86' lang='lat' dir='ltr'><strong>cesanos</strong></span> <span class='ocrx_word' id='word_1_176' title='bbox 395 2941 557 3021; x_wconf 83' lang='lat' dir='ltr'><strong>imposita,</strong></span> <span class='ocrx_word' id='word_1_177' title='bbox 583 2940 629 3002; x_wconf 91' lang='lat' dir='ltr'><strong>eis</strong></span> <span class='ocrx_word' id='word_1_178' title='bbox 652 2960 708 3022; x_wconf 90' lang='lat' dir='ltr'><strong>pro</strong></span> <span class='ocrx_word' id='word_1_179' title='bbox 731 2941 911 3004; x_wconf 88' lang='lat' dir='ltr'><strong>huiusmodi</strong></span> <span class='ocrx_word' id='word_1_180' title='bbox 934 2963 1066 3005; x_wconf 81' lang='lat' dir='ltr'><strong>excessu</strong></span> <span class='ocrx_word' id='word_1_181' title='bbox 1088 2964 1145 3007; x_wconf 89' lang='lat' dir='ltr'><strong>seu</strong></span> <span class='ocrx_word' id='word_1_182' title='bbox 1169 2955 1273 3008; x_wconf 86' lang='lat' dir='ltr'><strong>trans·</strong></span> 
     </span>
     <span class='ocr_line' id='line_1_25' title="bbox 239 3051 1271 3137; baseline 0.006 -24"><span class='ocrx_word' id='word_1_183' title='bbox 239 3051 402 3133; x_wconf 88' lang='lat' dir='ltr'><strong>gressione</strong></span> <span class='ocrx_word' id='word_1_184' title='bbox 420 3052 598 3132; x_wconf 88' lang='lat' dir='ltr'><strong>penitencia</strong></span> <span class='ocrx_word' id='word_1_185' title='bbox 613 3061 829 3133; x_wconf 88' lang='lat' dir='ltr'><strong>competente,</strong></span> <span class='ocrx_word' id='word_1_186' title='bbox 856 3072 892 3115; x_wconf 85' lang='lat' dir='ltr'><strong>ac</strong></span> <span class='ocrx_word' id='word_1_187' title='bbox 907 3052 1047 3118; x_wconf 94' lang='lat' dir='ltr'><strong>iniuncto</strong></span> <span class='ocrx_word' id='word_1_188' title='bbox 1061 3055 1121 3118; x_wconf 88' lang='lat' dir='ltr'><strong>sibi</strong></span> <span class='ocrx_word' id='word_1_189' title='bbox 1135 3058 1220 3137; x_wconf 93' lang='lat' dir='ltr'><strong>quod</strong></span> <span class='ocrx_word' id='word_1_190' title='bbox 1234 3058 1271 3119; x_wconf 91' lang='lat' dir='ltr'><strong>in</strong></span> 
     </span>
     <span class='ocr_line' id='line_1_26' title="bbox 239 3143 1272 3237; baseline 0.003 -11"><span class='ocrx_word' id='word_1_191' title='bbox 239 3162 353 3226; x_wconf 87' lang='lat' dir='ltr'><strong>talibus</strong></span> <span class='ocrx_word' id='word_1_192' title='bbox 375 3163 506 3225; x_wconf 87' lang='lat' dir='ltr'><strong>ulterius</strong></span> <span class='ocrx_word' id='word_1_193' title='bbox 521 3182 584 3224; x_wconf 93' lang='lat' dir='ltr'><strong>uon</strong></span> <span class='ocrx_word' id='word_1_194' title='bbox 599 3166 747 3237; x_wconf 87' lang='lat' dir='ltr'><strong>excedat,</strong></span> <span class='ocrx_word' id='word_1_195' title='bbox 771 3164 873 3226; x_wconf 85' lang='lat' dir='ltr'><strong>ualeat</strong></span> <span class='ocrx_word' id='word_1_196' title='bbox 887 3165 1032 3227; x_wconf 81' lang='lat' dir='ltr'><strong>relaxari.</strong></span> <span class='ocrx_word' id='word_1_197' title='bbox 1053 3143 1272 3229; x_wconf 83' lang='lat' dir='ltr'><strong>excommuni-</strong></span> 
     </span>
     <span class='ocr_line' id='line_1_27' title="bbox 238 3273 1270 3360; baseline 0.004 -23"><span class='ocrx_word' id='word_1_198' title='bbox 238 3282 349 3337; x_wconf 81' lang='lat' dir='ltr'><strong>centur</strong></span> <span class='ocrx_word' id='word_1_199' title='bbox 362 3273 538 3336; x_wconf 86' lang='lat' dir='ltr'><strong>monicione</strong></span> <span class='ocrx_word' id='word_1_200' title='bbox 553 3277 704 3355; x_wconf 85' lang='lat' dir='ltr'><strong>premissa</strong></span> <span class='ocrx_word' id='word_1_201' title='bbox 720 3295 829 3337; x_wconf 91' lang='lat' dir='ltr'><strong>omnes</strong></span> <span class='ocrx_word' id='word_1_202' title='bbox 844 3276 989 3338; x_wconf 88' lang='lat' dir='ltr'><strong>monachi</strong></span> <span class='ocrx_word' id='word_1_203' title='bbox 1004 3285 1036 3339; x_wconf 88' lang='lat' dir='ltr'><strong>et</strong></span> <span class='ocrx_word' id='word_1_204' title='bbox 1048 3277 1198 3359; x_wconf 88' lang='lat' dir='ltr'><strong>religiosi,</strong></span> <span class='ocrx_word' id='word_1_205' title='bbox 1214 3280 1270 3360; x_wconf 93' lang='lat' dir='ltr'><strong>qui</strong></span> 
     </span>
     <span class='ocr_line' id='line_1_28' title="bbox 237 3384 1271 3468; baseline 0.001 -19"><span class='ocrx_word' id='word_1_206' title='bbox 237 3384 356 3449; x_wconf 85' lang='lat' dir='ltr'><strong>relictis</strong></span> <span class='ocrx_word' id='word_1_207' title='bbox 379 3386 520 3449; x_wconf 89' lang='lat' dir='ltr'><strong>claustris</strong></span> <span class='ocrx_word' id='word_1_208' title='bbox 545 3386 610 3450; x_wconf 87' lang='lat' dir='ltr'><strong>suis</strong></span> <span class='ocrx_word' id='word_1_209' title='bbox 633 3386 751 3468; x_wconf 86' lang='lat' dir='ltr'><strong>absque</strong></span> <span class='ocrx_word' id='word_1_210' title='bbox 775 3387 963 3467; x_wconf 89' lang='lat' dir='ltr'><strong>prelatorum</strong></span> <span class='ocrx_word' id='word_1_211' title='bbox 987 3408 1115 3450; x_wconf 90' lang='lat' dir='ltr'><strong>snorum</strong></span> <span class='ocrx_word' id='word_1_212' title='bbox 1135 3389 1271 3450; x_wconf 83' lang='lat' dir='ltr'><strong>licencia</strong></span> 
     </span>
     <span class='ocr_line' id='line_1_29' title="bbox 238 3496 1269 3581; baseline 0.001 -20"><span class='ocrx_word' id='word_1_213' title='bbox 238 3497 280 3561; x_wconf 84' lang='lat' dir='ltr'><strong>ad</strong></span> <span class='ocrx_word' id='word_1_214' title='bbox 292 3497 416 3560; x_wconf 86' lang='lat' dir='ltr'><strong>subulas</strong></span> <span class='ocrx_word' id='word_1_215' title='bbox 435 3498 497 3571; x_wconf 88' lang='lat' dir='ltr'><strong>ire,</strong></span> <span class='ocrx_word' id='word_1_216' title='bbox 525 3496 576 3560; x_wconf 89' lang='lat' dir='ltr'><strong>uel</strong></span> <span class='ocrx_word' id='word_1_217' title='bbox 591 3497 676 3559; x_wconf 92' lang='lat' dir='ltr'><strong>aliud</strong></span> <span class='ocrx_word' id='word_1_218' title='bbox 691 3517 784 3579; x_wconf 86' lang='lat' dir='ltr'><strong>quam</strong></span> <span class='ocrx_word' id='word_1_219' title='bbox 805 3499 1056 3579; x_wconf 86' lang='lat' dir='ltr'><strong>grammaticam,</strong></span> <span class='ocrx_word' id='word_1_220' title='bbox 1076 3499 1269 3581; x_wconf 85' lang='lat' dir='ltr'><strong>theologiam</strong></span> 
     </span>
     <span class='ocr_line' id='line_1_30' title="bbox 238 3608 949 3698; baseline -0.001 -25"><span class='ocrx_word' id='word_1_221' title='bbox 238 3617 293 3673; x_wconf 78' lang='lat' dir='ltr'><strong>aut</strong></span> <span class='ocrx_word' id='word_1_222' title='bbox 305 3609 440 3690; x_wconf 88' lang='lat' dir='ltr'><strong>logicam</strong></span> <span class='ocrx_word' id='word_1_223' title='bbox 456 3611 487 3670; x_wconf 94' lang='lat' dir='ltr'><strong>in</strong></span> <span class='ocrx_word' id='word_1_224' title='bbox 502 3608 616 3672; x_wconf 88' lang='lat' dir='ltr'><strong>scholis</strong></span> <span class='ocrx_word' id='word_1_225' title='bbox 631 3610 741 3672; x_wconf 90' lang='lat' dir='ltr'><strong>audire</strong></span> <span class='ocrx_word' id='word_1_226' title='bbox 756 3619 949 3698; x_wconf 82' lang='lat' dir='ltr'><strong>presumunt.</strong></span> 
     </span>
    </p>

    <p class='ocr_par' dir='ltr' id='par_1_5' title="bbox 234 3718 1271 4251">
     <span class='ocr_line' id='line_1_31' title="bbox 320 3718 1269 3805; baseline 0.007 -26"><span class='ocrx_word' id='word_1_227' title='bbox 320 3718 385 3798; x_wconf 82' lang='grc'>(67)</span> <span class='ocrx_word' id='word_1_228' title='bbox 407 3720 490 3793; x_wconf 89' lang='lat' dir='ltr'><strong>Quia</strong></span> <span class='ocrx_word' id='word_1_229' title='bbox 514 3721 691 3782; x_wconf 89' lang='lat' dir='ltr'><strong>audiuimus</strong></span> <span class='ocrx_word' id='word_1_230' title='bbox 717 3729 748 3783; x_wconf 88' lang='lat' dir='ltr'><strong>et</strong></span> <span class='ocrx_word' id='word_1_231' title='bbox 772 3721 804 3782; x_wconf 91' lang='lat' dir='ltr'><strong>in</strong></span> <span class='ocrx_word' id='word_1_232' title='bbox 830 3731 917 3802; x_wconf 88' lang='lat' dir='ltr'><strong>parte</strong></span> <span class='ocrx_word' id='word_1_233' title='bbox 941 3723 1088 3796; x_wconf 87' lang='lat' dir='ltr'><strong>uidimus,</strong></span> <span class='ocrx_word' id='word_1_234' title='bbox 1112 3724 1144 3784; x_wconf 92' lang='lat' dir='ltr'><strong>in</strong></span> <span class='ocrx_word' id='word_1_235' title='bbox 1166 3742 1269 3805; x_wconf 85' lang='lat' dir='ltr'><strong>regno</strong></span> 
     </span>
     <span class='ocr_line' id='line_1_32' title="bbox 237 3828 1271 3915; baseline 0.007 -24"><span class='ocrx_word' id='word_1_236' title='bbox 237 3828 397 3908; x_wconf 81' lang='lat' dir='ltr'><strong>llungerie</strong></span> <span class='ocrx_word' id='word_1_237' title='bbox 416 3839 448 3892; x_wconf 91' lang='lat' dir='ltr'><strong>et</strong></span> <span class='ocrx_word' id='word_1_238' title='bbox 468 3829 538 3892; x_wconf 89' lang='lat' dir='ltr'><strong>aliis</strong></span> <span class='ocrx_word' id='word_1_239' title='bbox 553 3833 643 3894; x_wconf 87' lang='lat' dir='ltr'><strong>terris</strong></span> <span class='ocrx_word' id='word_1_240' title='bbox 658 3840 765 3895; x_wconf 88' lang='lat' dir='ltr'><strong>nostre</strong></span> <span class='ocrx_word' id='word_1_241' title='bbox 780 3832 951 3914; x_wconf 85' lang='lat' dir='ltr'><strong>legacionis</strong></span> <span class='ocrx_word' id='word_1_242' title='bbox 967 3834 1178 3898; x_wconf 87' lang='lat' dir='ltr'><strong>ecclesiastice</strong></span> <span class='ocrx_word' id='word_1_243' title='bbox 1193 3855 1271 3915; x_wconf 87' lang='lat' dir='ltr'><strong>per-</strong></span> 
     </span>
     <span class='ocr_line' id='line_1_33' title="bbox 237 3941 1271 4028; baseline 0.008 -26"><span class='ocrx_word' id='word_1_244' title='bbox 237 3956 332 4011; x_wconf 78' lang='lat' dir='ltr'><strong>rone,</strong></span> <span class='ocrx_word' id='word_1_245' title='bbox 354 3947 417 4001; x_wconf 88' lang='lat' dir='ltr'><strong>tam</strong></span> <span class='ocrx_word' id='word_1_246' title='bbox 437 3941 598 4022; x_wconf 89' lang='lat' dir='ltr'><strong>regulares</strong></span> <span class='ocrx_word' id='word_1_247' title='bbox 619 3963 712 4025; x_wconf 86' lang='lat' dir='ltr'><strong>quam</strong></span> <span class='ocrx_word' id='word_1_248' title='bbox 734 3943 904 4017; x_wconf 88' lang='lat' dir='ltr'><strong>seculares,</strong></span> <span class='ocrx_word' id='word_1_249' title='bbox 926 3953 957 4007; x_wconf 91' lang='lat' dir='ltr'><strong>et</strong></span> <span class='ocrx_word' id='word_1_250' title='bbox 978 3945 1163 4027; x_wconf 90' lang='lat' dir='ltr'><strong>plerumque</strong></span> <span class='ocrx_word' id='word_1_251' title='bbox 1179 3949 1271 4028; x_wconf 92' lang='lat' dir='ltr'><strong>quod</strong></span> 
     </span>
     <span class='ocr_line' id='line_1_34' title="bbox 236 4048 1271 4136; baseline 0.012 -26"><span class='ocrx_word' id='word_1_252' title='bbox 236 4048 365 4132; x_wconf 77' lang='lat' dir='ltr'><strong>gramm</strong></span> <span class='ocrx_word' id='word_1_253' title='bbox 379 4060 427 4113; x_wconf 89' lang='lat' dir='ltr'><strong>est</strong></span> <span class='ocrx_word' id='word_1_254' title='bbox 442 4052 550 4130; x_wconf 82' lang='lat' dir='ltr'><strong>prelati</strong></span> <span class='ocrx_word' id='word_1_255' title='bbox 565 4054 945 4127; x_wconf 79' lang='lat' dir='ltr'><strong>excommunicacionum,</strong></span> <span class='ocrx_word' id='word_1_256' title='bbox 971 4057 1214 4136; x_wconf 87' lang='lat' dir='ltr'><strong>suspensionum</strong></span> <span class='ocrx_word' id='word_1_257' title='bbox 1235 4067 1271 4122; x_wconf 88' lang='lat' dir='ltr'><strong>et</strong></span> 
     </span>
     <span class='ocr_line' id='line_1_35' title="bbox 234 4158 1271 4251; baseline 0.007 -28"><span class='ocrx_word' id='word_1_258' title='bbox 234 4158 489 4226; x_wconf 88' lang='lat' dir='ltr'><strong>interdictionum</strong></span> <span class='ocrx_word' id='word_1_259' title='bbox 508 4163 684 4228; x_wconf 80' lang='lat' dir='ltr'><strong>sentencias</strong></span> <span class='ocrx_word' id='word_1_260' title='bbox 698 4163 731 4227; x_wconf 91' lang='lat' dir='ltr'><strong>in</strong></span> <span class='ocrx_word' id='word_1_261' title='bbox 745 4165 919 4249; x_wconf 84' lang='lat' dir='ltr'><strong>singulares</strong></span> <span class='ocrx_word' id='word_1_262' title='bbox 933 4186 1101 4248; x_wconf 88' lang='lat' dir='ltr'><strong>personas,</strong></span> <span class='ocrx_word' id='word_1_263' title='bbox 1122 4166 1271 4251; x_wconf 82' lang='lat' dir='ltr'><strong>collegia,</strong></span> 
     </span>
    </p>
   </div>
   <div class='ocr_carea' id='block_1_3' title="bbox 0 0 1404 4764">
    <p class='ocr_par' dir='ltr' id='par_1_6' title="bbox 0 0 1404 4764">
     <span class='ocr_line' id='line_1_36' title="bbox 0 0 1404 4764; baseline 0 0"><span class='ocrx_word' id='word_1_264' title='bbox 0 0 1404 4764; x_wconf 95' lang='lat' dir='ltr'><strong> </strong></span> 
     </span>
    </p>
   </div>
  </div>
 </body>
</html>
