2798 4764
237 315 279 391 bt
414 314 536 389 chromo
555 329 596 375 ne
617 329 699 378 unm
719 328 819 375 essm
838 327 1006 383 ιιιιιιιιοιιιιι
1025 306 1082 395 (3).

238 484 349 549 eedem
365 484 474 548 ciuitas
490 482 689 567 postmodum
702 481 866 563 §uerbere
887 502 951 545 non
967 481 1138 566 Argentina
1158 501 1260 567 usque

236 594 332 663 hodie
347 606 396 660 est
410 603 530 660 uocatu.
1161 582 1164 587 ’

318 709 430 770 Αιιιοῑο
447 716 550 785 eutem
566 707 606 768 de
620 702 689 768 loco
704 704 757 768 illo
772 724 830 769 suo
844 705 983 769 exercitu
997 704 1189 785 Luxouium‚
1208 704 1261 767 Bi·

236 819 392 893 mnoiem,
408 814 543 891 Choion,
563 815 795 893 Masticoninm,
815 816 1065 900 Lingonensem,
1087 823 1118 879 et
1133 814 1260 901 Lugdu·

235 930 300 995 tum
310 929 491 1013 burgundie
503 929 657 993 destruxit
666 927 816 992 ciuitates.
831 928 1025 991 descendens
1037 927 1162 991 tandem
1174 926 1261 989 iuxtn

236 1042 422 1106 Rhodanum
445 1040 597 1103 aduersus
622 1039 840 1115 Cathuluuuos‚
874 1040 927 1102 nbi
951 1040 1050 1102 eciem
1074 1039 1176 1102 diuiso
1200 1058 1259 1102 suo

237 1154 379 1241 enercitu
393 1153 520 1216 terciam
535 1162 654 1237 purtem
669 1174 727 1219 sue
739 1153 840 1236 gentis
852 1161 960 1216 contra
970 1151 1260 1237 Miramammonam

236 1264 407 1329 soldanum
428 1262 548 1328 scilicet
560 1264 739 1348 Murroquie
762 1283 832 1327 com
855 1240 963 1330 eiectis
980 1242 1150 1348 capitaneis
1165 1264 1260 1327 desti·

236 1378 333 1444 nauit
355 1398 418 1462 quo
432 1377 538 1441 audito
548 1377 678 1441 Miramu
693 1377 732 1440 de
747 1375 826 1441 urhe
838 1362 944 1440 Sihitie
959 1376 1049 1460 fugiit
1063 1385 1136 1440 unte
1149 1360 1260 1441 Hunos

236 1490 270 1555 in
289 1489 486 1571 Meroquium
507 1488 634 1552 brachio
651 1487 758 1565 Sibitie
778 1494 1001 1570 trumpasseto.
1030 1488 1118 1567 Tunc
1138 1486 1260 1567 intereo

236 1619 344 1683 regem
357 1596 500 1664 Euetam
515 1601 725 1663 Romanorum
747 1599 892 1683 petricius
916 1584 1016 1663 dictus
1029 1582 1123 1661 Ecius
1144 1618 1214 1662 cum
1220 1572 1260 1663 X

236 1711 363 1795 regibus
378 1711 550 1775 occidentis
572 1698 687 1775 inuasit
701 1731 742 1774 ex
755 1711 899 1797 nhrupto.
927 1719 959 1775 et
972 1712 1047 1774 dum
1061 1711 1220 1809 subitum
1210 1698 1259 1774 ιιι-

237 1821 352 1886 snitum
371 1823 545 1889 niterentur
558 1821 663 1885 tacere
683 1842 779 1906 super
791 1821 952 1896 Ethelum,
972 1841 1030 1905 per
1044 1822 1173 1886 nuncios
1186 1808 1260 1906 pre·

235 1933 331 1997 bandi
345 1918 485 1997 induciae
499 1933 562 1996 uh
554 1934 629 2019 ipsis
644 1933 826 2018 postulauit,
847 1941 882 1997 ut
896 1934 986 2017 copia
1001 1953 1057 1997 sue
1072 1935 1182 2018 gentis,
1196 1954 1259 2018 que

238 2045 351 2110 uhsene
382 2046 500 2120 iuerat,
528 2046 720 2129 iungeretur.
759 2045 901 2110 sediliis
928 2046 1147 2121 renuentibus,
1177 2046 1259 2110 inter

237 2167 389 2241 utrosque
408 2158 562 2222 exercitus
584 2177 602 2221 a
622 2177 711 2223 mene
727 2178 827 2241 usque
847 2167 970 2222 noctem
983 2160 1016 2221 in
1031 2178 1140 2241 cumpo
1155 2158 1259 2222 belui-

236 2272 294 2336 der
318 2271 451 2354 prelium
475 2278 523 2335 est
547 2271 755 2334 commissum.
794 2269 871 2334 Erat
894 2271 977 2334 enim
1002 2270 1083 2335 inter
1108 2278 1258 2353 utrosque

237 2385 394 2451 exercitus
407 2383 521 2447 fluuius
536 2382 715 2447 discurrens
729 2392 792 2446 tum
806 2382 1021 2467 permissimus,
1042 2390 1091 2457 ut,
1112 2383 1139 2446 si
1154 2383 1259 2473 capei-

236 2496 301 2561 lum
315 2496 429 2579 inipso
444 2496 514 2580 quis
527 2495 673 2559 iactasset
685 2494 771 2557 fluuii
785 2476 891 2578 pleno,
904 2514 998 2559 cursu
1012 2493 1065 2557 uix
1079 2493 1259 2583 poterotin·

236 2606 332 2671 serius
346 2607 512 2669 remoueri.
533 2603 630 2689 prelio
645 2614 749 2671 autem
765 2607 907 2670 coniecto
918 2605 1096 2669 animalium
1107 2607 1258 2690 sanguino

237 2727 270 2782 et
282 2717 418 2780 humano
434 2716 502 2780 tuiis
516 2725 639 2779 torrens
654 2716 795 2793 efficitur,
817 2723 851 2780 ut
864 2718 1004 2801 aurigam
1019 2737 1090 2780 cum
1104 2737 1197 2783 curru
1211 2720 1259 2780 in·

237 2827 426 2895 trotruberet
439 2836 472 2891 et
485 2836 637 2901 armatos,
657 2826 810 2909 fieretque
833 2827 1002 2891 mortaliter
1018 2849 1074 2910 per
1088 2837 1258 2893 torrentem

237 2940 270 3003 in
292 2938 428 3003 exercitu
451 2938 545 3003 ueide
564 2957 687 3021 magna.
715 2939 798 3001 istud
812 2959 888 3024 ergo
904 2938 1053 3023 prelium,
1075 2940 1160 3025 quod
1173 2958 1258 3025 com·

237 3055 365 3119 missum
380 3052 482 3117 extitit
496 3053 577 3117 inter
590 3052 701 3115 Hunos
723 3071 758 3115 oc
773 3072 863 3136 repes
877 3053 1048 3117 occidentis
1062 3053 1095 3115 in
1107 3052 1178 3116 ioco
1192 3072 1258 3119 me-

237 3172 376 3239 morato,
397 3164 542 3229 omnihus
559 3163 665 3248 pretiis
678 3163 773 3226 huius
787 3164 912 3240 mundi,
933 3184 995 3249 que
1009 3163 1174 3228 commissu
1185 3174 1258 3229 sunt

236 3297 301 3342 uno
321 3276 392 3343 ioco
414 3287 447 3341 et
467 3296 531 3339 una
551 3276 619 3351 die,
639 3297 698 3361 por
712 3286 836 3343 ueteres
857 3277 957 3341 muius
976 3297 1046 3341 esse
1068 3276 1259 3360 perhibetur

236 3392 345 3476 inquo
356 3392 482 3474 quidem
493 3390 638 3454 conflictu
650 3390 821 3455 Gothorum
835 3411 891 3455 rex
899 3391 1061 3490 Aidorious
1074 3389 1258 3467 miserabili-

236 3514 284 3567 ter
298 3503 500 3586 intercipitur.
526 3503 613 3566 cuius
630 3503 757 3588 quidem
771 3503 888 3569 obitum
903 3482 953 3567 ulii
968 3486 1060 3589 reges
1075 3511 1109 3568 ut
1123 3523 1257 3593 cognop·

237 3623 327 3690 cunt,
355 3617 387 3677 in
402 3614 507 3697 iugum
523 3623 755 3678 conuertuntur.
788 3615 895 3687 abitio
910 3617 1013 3700 itaque
1034 3616 1084 3679 die
1099 3615 1257 3703 eleuetum

236 3735 285 3789 ost
304 3744 360 3787 cor
372 3725 537 3788 Hunorum
557 3735 590 3789 et
611 3725 694 3810 repis
714 3722 844 3799 Ethele,
865 3724 1020 3809 timorque
1040 3706 1192 3808 percussit
1207 3746 1257 3817 op-

235 3836 308 3901 hem
329 3844 411 3900 terre
434 3845 466 3902 et
487 3837 575 3922 ptura
594 3856 692 3920 regnu
711 3835 772 3900 hoc
785 3835 901 3911 audito,
923 3854 1020 3899 censu
1033 3855 1070 3899 ec
1083 3836 1198 3899 tributo
1212 3838 1259 3903 eis

234 3948 441 4013 seruiuerunt.

318 4062 427 4127 Tereia
441 4079 519 4126 uero
531 4060 688 4126 exercitus
701 4062 852 4137 societrs,
879 4080 942 4147 que
956 4060 1060 4127 tuerat
1077 4069 1187 4129 contre
1199 4063 1258 4129 bii·

234 4191 479 4279 ιιιιιιιιιιι
493 4173 664 4277 ιιιιιιιι
681 4174 1110 4277 promuntunum
1124 4194 1257 4275 ιιιιι·
