2798 4764
479 336 607 405 emmer
627 338 838 403 amariora!
859 319 917 407 (3).
1169 325 1212 411 63,

264 601 314 687 (3)
335 604 381 667 Do
401 607 528 668 uictoria
548 604 651 687 Aquita
668 609 754 687 repis.
794 606 893 670 Mouit
906 618 1009 672 autem
1024 609 1064 672 do
1079 607 1209 673 Colonia

182 717 318 781 tentoria
340 737 398 781 sua
417 717 456 782 ad
471 718 642 792 Andriam,
664 728 694 781 et
709 718 751 781 ibi
766 718 917 801 pugnauit
931 739 1001 783 cum
1015 741 1089 803 rege
1104 720 1210 785 Theu-
1304 788 1313 809 ,

183 830 296 894 tonico.
325 850 391 913 quo
415 830 538 893 deuicto
553 830 694 913 Apuliam
716 831 879 913 ingressus
901 839 956 895 cst
986 831 1028 892 ibi
1047 853 1117 895 cum
1130 834 1208 897 Nor·

183 942 304 1005 mandis
329 950 361 1005 et
382 942 582 1024 Fraucigenis
609 963 742 1025 pugnam
763 943 888 1017 babuit,
911 954 942 1006 et
963 963 1017 1006 eos
1040 944 1208 1010 deuiucens

182 1075 237 1119 sue
252 1054 459 1139 magnitudini
475 1055 664 1139 subiugauit.
686 1057 829 1138 posthoc
850 1052 972 1119 rn'ontes
989 1058 1209 1138 pertransiens,

183 1166 401 1230 bombardiam
425 1164 552 1248 planam
578 1174 692 1229 terram
719 1167 884 1231 inueniens
906 1167 1083 1231 ciuitatibus
1105 1167 1209 1231 multis

184 1278 349 1363 repletam,
365 1278 504 1341 muribus
520 1288 679 1352 ornatam,
694 1281 828 1342 turribus
844 1278 999 1343 altissimis
1014 1281 1209 1356 decoratam,

186 1398 296 1453 terram
317 1389 472 1461 uastauit,
494 1409 598 1453 mures
623 1389 801 1472 dissipauit,
830 1400 931 1455 turres
953 1391 1122 1477 confregit,
1151 1413 1208 1476 pro

193 1498 344 1583 iniquitate
360 1509 465 1563 autem
480 1497 532 1562 tali
549 1500 641 1585 plaga
656 1501 707 1564 dei
723 1501 895 1584 appellatus
911 1513 967 1566 est.
988 1512 1088 1567 totum
1102 1513 1208 1593 autern

191 1610 334 1685 mundum
367 1631 536 1694 peragrare
565 1612 675 1675 uolens
700 1622 731 1676 et
754 1615 927 1677 Romanum
960 1615 1127 1699 imperium
1148 1617 1207 1681 sibi

188 1724 336 1807 usurpare
358 1723 504 1807 cupiens,
525 1725 654 1787 Romam
674 1726 844 1791 exercitum
864 1747 955 1789 suum
977 1728 1091 1802 mouit,
1112 1736 1143 1791 et
1157 1749 1207 1793 ar-

186 1843 285 1899 matus
300 1834 401 1898 feroci
417 1836 520 1898 animo
532 1837 733 1918 procedebat.
754 1839 804 1901 cui
818 1840 850 1901 in
865 1839 965 1922 prima
979 1841 1118 1904 stacione
1132 1860 1207 1905 noc·

183 1949 281 2022 turni,
302 1949 371 2012 siue
393 1968 464 2010 cum
485 1949 523 2010 in'
540 1950 682 2012 cubiculo
701 1951 866 2026 dormiret,
887 1973 945 2035 per
958 1952 1060 2015 uisum
1076 1953 1205 2037 angelus

183 2066 324 2123 sanctus:
346 2059 488 2143 precepit
501 2059 556 2122 tibi
571 2061 714 2124 dominus
730 2062 808 2126 deus
823 2064 912 2125 lesus
923 2063 1075 2139 Christus,
1090 2072 1124 2126 ut
1137 2084 1206 2126 cum

183 2170 345 2234 ferocitate
362 2179 414 2234 tua
431 2171 587 2235 ciuitatem
605 2183 744 2235 sanctam
759 2174 904 2248 Romam,
928 2175 980 2236 ubi
994 2174 1206 2257 apostolorum

182 2304 324 2348 meorum
345 2303 478 2366 corpora
498 2286 716 2367 requiescunt,
737 2306 777 2348 ne
793 2286 944 2359 introeas,
965 2287 1022 2348 sed
1037 2295 1161 2348 reuerte
1177 2294 1208 2349 et

181 2418 284 2462 meum
310 2396 445 2460 electum
471 2418 576 2480 regem
603 2397 810 2472 Casimirum,
842 2399 896 2480 qui
928 2399 960 2460 iu
986 2397 1152 2460 Sclauonie
1177 2409 1209 2464 et

181 2509 336 2573 Cbruacie
360 2508 498 2592 partibus
521 2517 587 2572 toto
613 2510 714 2571 cordis
739 2528 776 2571 ac
799 2509 911 2572 mentis
935 2511 1050 2572 all'ectu
1074 2508 1210 2573 fideliter

182 2622 333 2696 seruiuit,
355 2630 387 2685 et
401 2623 433 2683 in
447 2621 492 2683 eis
507 2623 560 2706 qui
582 2623 685 2705 ipsum
705 2623 856 2685 tradendo
871 2623 1002 2705 turpiter
1016 2623 1209 2697 oeciderunt,

183 2736 348 2801 ulciscere.
381 2736 453 2819 quia
468 2737 612 2799 dixerunt
627 2756 786 2821 nunquam
803 2756 858 2797 rex
873 2735 931 2799 erit
945 2756 1040 2818 super
1056 2756 1128 2811 nos,
1151 2739 1208 2801 sed

184 2868 241 2910 nos
255 2846 316 2930 ipsi
330 2847 542 2931 regnabimus.
571 2847 811 2932 generacionem
827 2855 931 2912 aulem
946 2855 1029 2911 tuam
1044 2857 1160 2931 postte
1175 2848 1208 2913 in

183 2958 357 3023 bumilitate
379 2959 509 3021 Romam
529 2959 656 3022 uisitare
678 2968 709 3022 et
729 2978 876 3023 coronam
891 2967 1075 3043 perpetuam
1091 2960 1207 3024 babere

183 3071 307 3134 faciam.
336 3071 385 3133 his
400 3071 490 3133 dictis
505 3072 648 3135 discessit
662 3071 801 3156 angelus.
834 3092 903 3135 cum
919 3080 1023 3136 autem
1037 3093 1130 3136 mane
1143 3072 1208 3134 lac·

182 3191 248 3247 tum
264 3190 358 3256 esset,
372 3203 429 3245 rex
442 3183 542 3246 mouit
555 3184 711 3245 exercitus
726 3202 800 3246 suos
814 3184 846 3245 i'u
857 3184 1015 3247 ciuitatem
1030 3206 1092 3267 que
1107 3185 1208 3248 Uene·

181 3296 232 3359 cia
253 3304 395 3369 uocatur,
418 3304 449 3358 et
472 3296 545 3359 inde
566 3297 770 3379 progrediens
792 3297 878 3359 uenit
895 3316 991 3379 supra
1004 3295 1090 3361 littus
1105 3298 1208 3371 maris,

181 3406 362 3491 ibidemque
386 3408 543 3472 ciuitatem
564 3416 679 3472 no'uam
699 3406 872 3480 edificauit,
894 3428 1026 3491 eamque
1046 3410 1086 3470 ad
1107 3409 1208 3471 hono·

181 3538 251 3583 rem
272 3496 405 3582 nominis
427 3520 474 3581 sui
497 3527 529 3582 et
550 3519 590 3582 ad
611 3520 792 3582 memoriam
816 3528 1012 3602 posterorum
1033 3519 1206 3602 Aquileiam

181 3631 455 3705 nominauit,undc
466 3631 623 3714 abdquila
634 3632 931 3715 regellungarorum
942 3652 1057 3696 nomen
1067 3635 1207 3717 sumpsit.

180 3745 283 3808 mouit
297 3751 401 3807 autem
416 3744 490 3808 inde
505 3765 539 3808 se
555 3752 586 3807 et
599 3747 756 3809 exereitus
769 3766 854 3819 suos,
868 3753 899 3808 et
908 3747 1109 3828 pertransiuit
1119 3746 1206 3829 alpes

180 3856 360 3932 Corinthia,
380 3864 412 3920 et
425 3858 513 3921 uenit
525 3859 555 3921 in
571 3860 720 3922 terminos
734 3859 888 3923 Cbruacie
902 3867 934 3922 et
947 3859 1112 3924 Sclauonie
1126 3862 1208 3924 inter

178 3968 295 4033 fluuios
309 3968 421 4033 Sanam
441 3970 629 4034 etDrauam.
657 3970 762 4054 ibique
776 3979 981 4035 occurrerunt
1002 3972 1030 4034 ei
1051 3972 1206 4056 principes

180 4081 336 4146 Cbruacia
359 4090 391 4146 et
412 4081 595 4157 Sclauonie,
616 4092 649 4146 et
662 4083 845 4147 direxerunt
864 4085 959 4158 acies,
980 4090 1011 4146 et
1025 4082 1147 4147 reiulsit
1160 4081 1208 4147 sol

178 4194 213 4263 in
227 4194 359 4289 clypeos
373 4212 497 4273 aureos,
511 4204 544 4264 at
555 4192 798 4287 resplenderunt
810 4204 932 4273 montes
946 4196 1056 4265 abeis.
1077 4203 1111 4267 at
1122 4195 1207 4275 teca·
