2798 4764
212 296 275 377 m
391 313 589 369 -at-aoasmr
608 311 734 363 eamn
753 311 940 364 surmus
963 288 1044 380 tati.

212 479 395 557 expugnata
407 480 440 537 at
453 479 547 552 capto
561 468 716 535 Adstaldo
731 469 862 546 comite,
881 467 1096 552 eleganciores
1109 487 1245 533 saxeam

213 593 263 653 tos
279 592 415 651 armatos
430 584 640 649 Theutonieos
662 582 772 664 elegit,
792 581 846 664 qui
860 582 919 645 sub
934 581 1148 645 iurisdictione
1169 580 1246 644 dicti

214 698 338 763 comitis
352 697 530 761 extiterunt.
550 694 583 758 lri
598 694 808 777 prestantibus
821 694 969 759 ducatum
976 694 1111 759 Tartaris
1127 713 1184 777 per
1192 693 1247 756 sil-

214 829 273 875 nas
285 817 319 873 et
331 826 477 882 nemora,
492 826 587 889 rupes
602 814 634 870 et
649 806 827 888 precipicio,
842 825 941 888 prope
947 804 1156 873 Waradiuum
1167 805 1246 869 ciui-

214 926 311 985 tatem
332 919 435 983 subito
457 919 665 981 aduenerant.
694 925 727 981 et
745 916 819 998 quia
841 917 950 981 ciuitas
971 915 1104 979 multum
1124 922 1194 980 erat
1212 916 1246 978 iu

214 1029 377 1113 Hungan'a
400 1029 575 1101 nominata,
606 1029 745 1112 undique
769 1028 843 1090 illuc
868 1026 1005 1102 nobiles,
1033 1037 1095 1091 tam
1118 1029 1245 1091 domine

215 1160 311 1227 qnam
325 1139 472 1205 mulieres
483 1141 653 1223 populares
663 1140 907 1203 innumerabiles
922 1146 1147 1203 conuenerant.
1164 1149 1196 1203 et
1208 1140 1246 1202 li-

213 1263 267 1325 cet
280 1254 446 1338 episcopus
462 1273 533 1319 oum
548 1253 737 1336 quibusdam
751 1253 909 1319 canonicis
924 1252 1038 1318 exinde
1052 1254 1245 1330 recessisset,

215 1373 404 1451 sputamen
426 1385 497 1430 cum
515 1365 750 1431 remanentibus
773 1384 859 1429 eram
881 1364 935 1428 ibi.
962 1372 996 1428 et
1016 1384 1088 1429 cum
1108 1374 1244 1429 castrum

215 1497 257 1545 ax
279 1497 343 1545 uua
363 1485 451 1559 parte
473 1476 825 1551 dirutum'cerneretur,
846 1475 949 1558 amplo
964 1496 1055 1538 muro
1068 1475 1146 1541 illud
1167 1477 1245 1542 leci·

126 1620 131 1628 ·
215 1608 287 1653 mus
300 1587 455 1671 reparari,
474 1596 509 1652 ut
523 1586 550 1649 si
565 1587 723 1652 ciuitatem
738 1586 910 1651 defendere
923 1606 988 1649 nou
1003 1607 1183 1668 possemus,
1204 1588 1244 1649 ad

216 1709 354 1767 usuum
375 1699 532 1782 retugium
553 1698 750 1763 haberemus.
776 1706 895 1762 etcum
919 1718 982 1763 uno
997 1699 1119 1763 dierum
1139 1698 1242 1761 subito

216 1812 438 1884 aduenissent,
459 1818 491 1875 et
511 1819 595 1893 esset
617 1810 649 1873 in
669 1811 794 1875 ciuitate
815 1811 874 1875 sub
888 1813 1027 1893 quodam
1042 1810 1137 1874 dubio
1156 1828 1244 1873 mora

216 1940 306 1996 moa,
327 1929 464 1985 castrum
482 1922 599 1985 intrare
618 1919 721 1996 nolui,
742 1921 801 1986 sed
816 1920 925 2004 aufugi
943 1921 973 1982 in
988 1920 1114 1995 siluam,
1135 1921 1168 1983 in
1180 1940 1245 2003 qua

217 2032 291 2106 dtu,
311 2038 405 2114 prout
419 2031 523 2113 potui,
543 2031 674 2095 latitaui.
706 2032 766 2113 ipsi
781 2039 886 2095 umen
900 2032 1004 2095 subito
1020 2032 1179 2096 ciuitatem
1192 2051 1245 2095 ca·

216 2142 350 2227 pientes,
371 2151 403 2207 ot
424 2162 482 2225 pro
507 2142 618 2206 maiori
642 2153 730 2225 parto
754 2142 992 2216 comburentes,
1020 2140 1147 2206 tandem
1167 2141 1246 2205 nihil

215 2263 307 2319 extra
326 2272 433 2319 muros
457 2255 550 2319 castri
570 2254 695 2337 penitus
711 2253 912 2327 dimiserunt,
932 2259 965 2317 et
978 2255 1112 2335 receptis
1126 2252 1245 2335 spoliis,

217 2372 280 2431 ten
293 2366 379 2430 uiros
393 2386 488 2448 Qum
501 2365 643 2440 laminas,
663 2365 801 2428 minores
816 2372 849 2430 et
861 2366 996 2429 maiores
1009 2364 1245 2438 interfecerunt,

215 2476 250 2541 iu
264 2476 392 2561 plateis,
418 2476 562 2540 domibus
577 2484 609 2542 et
622 2477 750 2558 campis.
780 2476 857 2558 quid
872 2476 984 2558 plural
1013 2495 1078 2539 nou
1093 2494 1246 2557 peperce-

216 2597 290 2653 runt
303 2589 393 2650 sexui
407 2587 459 2650 uel
473 2589 558 2651 etati.
582 2589 696 2670 quibus
711 2588 845 2669 peractis
859 2589 962 2651 subito
977 2588 1091 2653 exinde
1106 2606 1245 2652 recesse-

215 2705 304 2771 runt,
326 2706 359 2761 et
372 2699 477 2760 omnia
490 2700 522 2760 in
537 2718 665 2762 recessu
679 2707 884 2780 receperunt,
906 2706 937 2762 et
950 2698 1045 2782 longe
1060 2718 1079 2760 a
1093 2704 1194 2763 casim
1208 2717 1243 2763 se

216 2825 275 2890 per
288 2807 428 2890 quinque
442 2807 585 2872 milliaria
601 2818 791 2890 posuerun13
813 2815 845 2872 at
858 2809 899 2873 ad
913 2817 1049 2872 castrum
1063 2828 1120 2892 per
1130 2807 1244 2871 multos

217 2917 287 2983 dies
302 2916 477 2983 nuliatenus
493 2929 708 2992 accesserunt,
723 2919 768 2982 sie
782 2930 816 2984 ut
830 2918 872 2981 illi
889 2920 928 2985 de
944 2929 1044 2983 castro
1059 2920 1244 3003 cogitarent,

217 3047 274 3091 ooo
286 3034 413 3109 propter
423 3028 515 3091 castri
526 3010 742 3092 tortitudinem
755 3031 935 3093 recessisse.
955 3050 1028 3094 nam
1042 3030 1162 3114 maguis
1176 3050 1244 3094 mu-

216 3140 317 3215 nitum
340 3148 408 3203 erat
430 3140 567 3214 fossatis,
598 3148 630 3204 et
653 3141 791 3205 turribus
813 3140 925 3226 ligneis
946 3162 1044 3226 super
1063 3163 1184 3218 muros,
1212 3151 1245 3207 et

217 3251 305 3319 unta
320 3250 441 3317 loricati
455 3252 568 3315 milites
583 3261 673 3315 erant
686 3253 745 3328 ibi,
766 3253 808 3317 ita
823 3263 857 3318 ut
871 3254 946 3318 dum
958 3255 1079 3319 Tartari
1092 3256 1131 3319 ad
1145 3254 1245 3338 rpspi·

218 3361 366 3429 m'endum
386 3361 544 3426 interdum
567 3363 765 3438 accederent,
792 3364 907 3430 milites
926 3366 1069 3450 Hungari
1094 3366 1245 3431 uelociori

219 3493 314 3538 cursu
329 3494 384 3539 eos
397 3474 522 3558 insequi
541 3486 756 3556 procurarent
785 3484 817 3540 et
830 3497 902 3542 cum
923 3476 1063 3559 plurimis
1077 3476 1244 3551 diebusad

218 3592 357 3649 amum
370 3603 435 3648 uon
450 3585 646 3660 accederent,
661 3595 694 3650 et
706 3588 888 3652 crederetur
897 3587 985 3670 quod
999 3606 1039 3651 ex
1051 3594 1116 3649 toto
1129 3584 1244 3647 exinde

219 3693 437 3768 recessissent,
458 3693 573 3759 milites
587 3703 620 3760 ct
641 3694 692 3758 alii
707 3696 807 3778 quiin
822 3705 923 3760 cestro
936 3703 1042 3769 erant,
1062 3694 1102 3755 do
1117 3712 1245 3757 recessu

219 3823 328 3868 eorum
342 3803 497 3868 habentes
510 3805 675 3882 fiduciam,
694 3813 796 3869 castro
810 3804 1030 3887 quamplurimi
1044 3805 1198 3878 exierunt,
1212 3813 1245 3868 et

219 3914 330 3981 domos
351 3936 413 4000 que
434 3925 650 3983 remanserant
663 3924 752 3983 extra
764 3923 918 3989 antrum
938 3924 1091 3999 ceperunt
1105 3935 1245 3981 commu·

217 4025 301 4095 niter
315 4026 467 4092 habitare.
495 4035 528 4094 et
542 4028 588 4091 sio
601 4027 634 4091 in
648 4046 761 4095 eruore
775 4045 830 4091 eos
845 4026 979 4102 Tartari,
1000 4028 1055 4110 qui
1068 4028 1123 4093 ubi
1138 4037 1246 4095 emant

217 4134 301 4207 taire
315 4157 380 4203 nou
392 4144 556 4223 poteram,
575 4135 774 4216 incedentes,
793 4155 937 4223 mnam
949 4137 1091 4223 ipsorum
1104 4148 1244 4227 partem,
