2798 4764
232 301 294 366 att
474 319 500 365 s.
514 318 657 365 nxnrsnsr
678 317 769 363 nnsis
790 317 956 362 nncnnrun
977 318 1023 362 ιιι.

232 473 350 536 ιίοιιιιιι
372 473 511 555 precium
530 473 650 536 furatus
674 472 781 546 fuerit,
802 481 909 535 careat
923 471 1033 547 oculis,
1054 474 1078 536 si
1094 472 1197 535 miuus
1212 494 1262 535 se-

232 586 378 659 mioculo,
400 595 430 648 et
444 585 530 667 quod
552 584 673 647 furatus
697 584 755 647 tuit
777 585 922 647 dominus
944 585 1011 647 eius
1027 586 1192 666 dupliciter
1212 606 1263 648 re·

232 699 347 762 stituat.

315 809 361 892 (9)
385 811 428 872 De
442 812 487 872 to
502 813 552 891 qui
567 813 687 892 copiunt
699 814 807 891 sorem.
831 810 1104 892 Quotiescumque
1123 811 1193 891 quis
1214 810 1263 872 su·

231 945 298 986 rem
321 923 439 1003 ceperit
461 932 492 985 et
509 921 671 1004 ligauerit,
693 942 751 1003 per
764 931 827 984 tres
844 922 911 984 dies
933 929 1055 984 tantum
1077 931 1200 995 teneat,
1230 924 1261 983 iu

231 1044 344 1117 quarto
364 1043 436 1097 aute
459 1034 593 1095 iudicem
615 1041 745 1107 statuat,
768 1042 798 1097 et
820 1034 845 1095 si
866 1033 947 1096 sorte
968 1054 1002 1096 se
1019 1033 1094 1095 furti
1118 1035 1261 1096 conscios

231 1145 432 1207 inuenturum
458 1144 654 1226 promiserit,
683 1165 738 1206 sex
760 1145 1004 1225 septimanarum
1027 1145 1134 1225 spacio
1159 1145 1261 1208 indul-

116 1251 123 1263 ’
232 1258 375 1339 gencium
394 1257 525 1330 haheat,
547 1266 577 1319 et
599 1257 724 1318 interim
739 1277 820 1338 quos
841 1255 913 1316 furti
937 1256 1079 1318 conscios
1100 1277 1134 1318 se
1150 1257 1261 1318 inuen-

230 1376 336 1431 turum
352 1368 553 1448 promiserat,
567 1369 724 1441 inueniat,
740 1369 765 1429 si
780 1377 883 1431 autem
899 1388 962 1429 non
975 1368 1149 1441 inuenerit,
1167 1367 1261 1450 legali

230 1479 392 1542 sentencia
407 1480 581 1541 damnetur.
609 1481 634 1543 si
651 1499 728 1542 uero
743 1479 814 1562 plus
835 1499 929 1561 quam
951 1501 1009 1561 per
1022 1489 1086 1543 tres
1104 1482 1172 1542 dies
1187 1500 1258 1542 eum

231 1593 384 1664 tennerit,
414 1600 445 1654 et
459 1593 490 1653 in
505 1600 626 1673 quarto,
649 1593 728 1653 sicut
743 1593 888 1665 diximus,
910 1592 1005 1653 iudici
1019 1612 1082 1653 non
1098 1601 1260 1674 presenta-

232 1701 332 1775 uerit,
354 1711 384 1765 et
398 1712 507 1784 postea
523 1702 572 1764 uel
588 1724 604 1764 a
620 1703 801 1783 parentibus
816 1703 913 1783 ipsius
929 1702 1017 1775 furis,
1039 1703 1091 1766 uei
1102 1723 1120 1764 a
1131 1704 1259 1766 domino

232 1813 259 1878 si
273 1814 432 1875 dominum
452 1813 561 1886 habet,
584 1813 774 1876 declamacio
796 1814 934 1887 uenerit,
956 1823 1026 1876 ante
1047 1815 1182 1876 iudicem
1197 1823 1259 1876 sta-

231 1933 346 1998 tuatur,
368 1926 452 2006 quod
474 1945 544 1986 eum
569 1924 761 1987 uinculatum
782 1927 894 1998 tenuit,
917 1936 948 1988 et
970 1927 1142 1988 secundum
1155 1927 1259 2008 legem

231 2039 328 2101 tercia
343 2037 394 2099 uel
409 2044 520 2119 quarta
535 2038 585 2099 die
601 2058 665 2099 nou
680 2039 961 2119 representauerit,
989 2040 1057 2120 ipse
1073 2040 1170 2101 eciam
1187 2048 1259 2103 ante

231 2150 367 2213 iudicem
390 2158 556 2214 statuatur.
588 2159 619 2213 et
643 2151 718 2233 quia
741 2151 855 2213 iniuste
880 2153 979 2214 tenuit
1005 2150 1121 2224 turem,
1148 2153 1258 2214 decem

230 2280 342 2342 pensas
367 2261 542 2343 persoluat,
568 2261 618 2323 sur
635 2270 739 2324 autem
754 2261 927 2324 secundum
942 2262 1044 2344 legem
1061 2264 1258 2327 diiudicetur.

228 2383 261 2436 et
283 2375 395 2456 siquis
420 2383 587 2436 contumax
610 2373 759 2435 iudicium
784 2373 893 2436 iudicis
917 2376 1172 2455 transgredietur,
1202 2397 1258 2438 sex

228 2505 342 2569 pensas
362 2485 475 2551 soluat.
507 2487 602 2549 iudex
617 2506 695 2550 uero
709 2507 768 2568 per
782 2487 846 2548 uim
860 2487 961 2549 furem
977 2488 1096 2568 capiat,
1122 2489 1192 2550 etsi
1207 2488 1258 2551 sur

227 2597 375 2658 iudicium
389 2597 554 2679 quesierit,
574 2599 751 2680 iudicioque
777 2599 848 2661 dato
871 2599 1069 2681 inculpabilis
1085 2600 1195 2673 fuerit,
1218 2601 1257 2663 de

228 2709 346 2772 bissex
362 2710 466 2790 pensis
483 2729 576 2770 unam
591 2720 697 2773 sancte
714 2710 846 2774 ecclesie
864 2711 968 2773 donet.
991 2714 1057 2773 etsi
1070 2713 1138 2794 quis
1151 2713 1259 2792 culpa-

228 2820 298 2882 bilis
314 2821 425 2894 suerit,
450 2841 521 2883 cum
538 2822 622 2882 omni
637 2823 817 2884 substancia
831 2843 889 2885 sua
904 2824 935 2885 in
950 2824 1159 2886 substanciam
1174 2823 1259 2905 regis

229 2940 422 3012 exportetur.

311 3041 379 3123 (10)
407 3046 451 3105 Dr
465 3045 509 3106 itis
524 3047 574 3124 qui
588 3047 620 3105 io
635 3047 822 3126 expedicione
836 3050 988 3126 forantur.
1040 3048 1072 3109 Si
1087 3067 1143 3109 rex
1158 3048 1189 3108 in
1204 3067 1258 3109 ex-

228 3156 396 3238 pedicione
412 3156 516 3230 tuerit,
542 3166 574 3220 et
587 3158 710 3220 iuterim
725 3158 826 3222 sorem
842 3160 910 3240 capi
925 3160 1110 3241 contigerit,
1138 3160 1191 3241 qui
1207 3179 1258 3221 ce-

230 3269 274 3350 pit
288 3269 418 3332 firmiter
433 3278 547 3331 teneat.
580 3271 635 3332 scd
651 3279 816 3353 postquam
831 3290 888 3334 rex
903 3279 934 3334 et
948 3270 997 3333 sui
1014 3272 1159 3353 primates
1175 3272 1259 3332 redi·

228 3380 316 3451 bunt,
340 3380 419 3442 ultra
441 3401 536 3462 quem
562 3381 730 3443 terminum
758 3382 840 3455 dixi,
868 3389 976 3444 tenere
1001 3402 1065 3443 non
1089 3390 1259 3464 presumat.

228 3492 314 3571 quod
337 3493 362 3553 si
384 3493 474 3554 aliter
497 3493 624 3565 fecerit,
650 3513 705 3554 sex
721 3512 835 3574 pensas
850 3503 1024 3556 enumeret.
1052 3495 1125 3555 item
1147 3494 1173 3555 si
1188 3492 1258 3573 quis

228 3601 260 3662 in
283 3604 490 3680 expedicione
513 3604 630 3666 turtum
655 3604 784 3678 fecerit,
813 3625 884 3668 cum
910 3606 1054 3668 omnibus
1075 3605 1168 3665 rebus
1193 3603 1257 3664 suis

229 3712 429 3793 exstirpetur.

310 3823 376 3904 (12)
401 3825 445 3885 De
459 3829 689 3906 acqociatoribus
708 3831 837 3891 euntibus
858 3829 892 3890 do
912 3829 1030 3889 ciuitate
1050 3828 1257 3888 invisitatam.

227 3935 343 4017 siquis
358 3938 397 3999 de
413 3937 538 4001 ciuitate
560 3941 680 4003 uadens
704 3941 736 4003 iu
757 3941 930 4013 ciuitatem,
952 3940 1064 4002 emerit
1079 3939 1131 4002 uel
1148 3941 1259 4003 uendi·

227 4046 323 4119 derit,
346 4055 377 4110 et
391 4049 417 4111 si
432 4050 517 4131 quod
533 4052 619 4132 prius
640 4052 800 4127 uendidit,
822 4058 934 4134 postea
951 4049 1088 4113 furatum
1110 4071 1180 4114 esso
1203 4071 1259 4134 ap·

226 4160 384 4242 paruerit,
413 4159 466 4224 ille
489 4162 544 4247 qui
564 4163 717 4238 uendidit,
742 4164 823 4228 sicut
847 4162 897 4227 fur
919 4162 1119 4238 diiudicetur,
1152 4164 1258 4248 etqui
