2798 4764
228 344 378 393 mu
388 343 531 391 annon
543 340 617 388 sm
631 341 657 387 s.
671 342 825 388 summ
836 341 928 391 rnen
939 324 1102 409 {ts-123.
1123 328 1185 393 its

238 608 306 691 (ll)
331 608 381 671 Eo
403 618 547 690 tempore
570 607 603 667 in
629 606 822 669 monasterio
845 607 944 669 sandi
967 607 1090 671 Hartini
1115 618 1186 675 eru

155 721 328 787 monebas
348 719 477 803 quidam
498 719 699 781 Sebmtianm
722 718 866 791 nomine,
902 719 992 781 enicas
1012 719 1185 804 probabilis

154 837 238 908 uita,
257 842 292 896 ct
303 832 420 895 deuota
433 833 466 893 in
479 831 530 893 dei
543 831 680 892 seruitio
692 830 806 912 religio
820 830 1004 894 habebatur.
1027 830 1112 895 bunc
1126 852 1186 897 rex

155 942 345 1009 aunum
365 942 446 1004 miro
467 941 551 1022 cepit
571 960 677 1003 amore
699 941 847 1024 diligere,
881 941 955 1024 quia
976 952 1094 1024 quanto
1113 943 1186 1025 quis

155 1053 345 1138 religiosior,
372 1061 460 1115 tanto
483 1062 551 1114 erat
573 1051 602 1113 ei
627 1052 796 1133 acceptior.
827 1051 914 1115 illum
937 1071 1029 1134 ergo,
1056 1051 1097 1115 ob
1119 1053 1186 1117 uita

156 1167 279 1239 uerita,
297 1162 468 1247 pontificali
489 1161 611 1225 bonore
630 1163 759 1244 dignum
777 1161 930 1236 iudicans,
949 1162 1092 1245 regendo
1108 1163 1187 1226 Stri-

157 1276 301 1363 gone-si
315 1273 598 1355 archiepiscopatui
613 1292 686 1336 eum
698 1273 842 1355 prefecit.
868 1284 900 1336 at
913 1273 1062 1356 quoniam
1077 1270 1187 1357 bagel-

157 1387 204 1451 lat
220 1386 301 1451 deus
315 1403 441 1448 omnem
459 1383 560 1446 lilium
573 1402 669 1465 quem
690 1383 816 1465 recipit,
840 1384 1015 1466 predictum
1028 1384 1188 1449 Sebastia-

157 1516 233 1561 ιι
247 1495 288 1558 ad
301 1495 497 1578 probandam
511 1494 610 1576 ipsius
624 1494 832 1575 pacienciam,
851 1494 1062 1577 corporalium
1075 1495 1186 1559 oculo

158 1627 229 1671 rum
248 1605 367 1668 lumine
387 1605 429 1668 ad
448 1613 571 1686 tempus
591 1605 736 1685 priuauit
765 1604 822 1668 sed
842 1625 883 1669 ne
903 1605 1050 1669 nouellus
1069 1606 1104 1668 in
1120 1606 1185 1673 fida

159 1739 253 1805 grex,
273 1718 394 1800 absona
414 1717 547 1799 pastoris
567 1717 720 1799 regimine
741 1736 760 1780 a
780 1718 858 1780 recti
877 1718 1007 1782 uamitis
1022 1718 1187 1807 proposito

160 1830 317 1902 Marci,
343 1847 402 1911 per
421 1846 610 1889 consensum
630 1829 752 1891 romani
774 1828 944 1911 pontilicis,
967 1849 1044 1912 sepe
1065 1831 1186 1895 dictum

159 1940 320 2006 mricum
334 1938 539 2002 Colocensem
564 1940 763 2022 episcopum,
783 1941 816 2003 in
840 1940 923 2004 illius
942 1941 1047 2005 locum
1071 1942 1187 2007 substi-

160 2055 229 2116 tuit.
256 2049 393 2115 euolutis
414 2051 489 2113 dein
509 2052 602 2112 trium
614 2070 769 2115 annorum
783 2054 909 2117 circulis
923 2054 1127 2119 Sebastianus
1144 2074 1187 2121 οι

162 2163 213 2228 dei
239 2163 456 2227 misericordia
481 2171 610 2245 recepto
632 2164 765 2239 lumine,
797 2185 921 2227 rursum
943 2185 1002 2248 per
1022 2164 1188 2246 uposutiei

162 2276 324 2339 consilium
338 2294 395 2338 sue
407 2275 476 2338 sedi
489 2276 650 2340 restitutus
665 2285 729 2352 est,
751 2284 783 2339 et
795 2276 942 2339 Ascricus
962 2276 1003 2339 ad
1022 2295 1112 2339 suam
1134 2295 1187 2341 ec·

162 2388 306 2464 clusium
326 2386 474 2452 uidelicet
487 2386 711 2461 Colocensem,
731 2407 802 2450 cum
817 2387 913 2470 pallio
927 2388 1028 2451 rediit.

240 2607 308 2694 (12)
327 2610 403 2675 Erat
415 2630 492 2674 uero
506 2630 564 2674 rex
578 2610 627 2673 uir
641 2610 741 2673 iustus
755 2618 787 2674 et
800 2608 902 2674 fidelis
920 2610 954 2672 in
975 2611 1120 2677 omnibus
1133 2630 1188 2677 sc-

162 2723 242 2788 tibus
255 2723 338 2797 suis,
360 2720 420 2785 deo
432 2722 572 2805 perlecto
586 2722 726 2795 deditus,
747 2729 928 2805 pernotum
947 2731 979 2786 et
991 2722 1187 2789 oblacionen

162 2841 262 2899 semet
284 2853 356 2897 cum
376 2852 476 2916 regno
496 2852 574 2908 suo,
603 2833 663 2896 sub
683 2832 777 2897 tutela
804 2842 959 2916 perpetue
979 2832 1110 2917 uirginis
1135 2833 1189 2899 dei

163 2946 322 3030 genitricis
335 2945 449 3019 llarie,
470 2945 617 3028 precibus
630 2945 763 3010 assiduis
778 2945 963 3021 conssrons,
983 2946 1073 3009 cuius
1087 2946 1190 3031 gloria

162 3066 194 3121 ct
205 3058 309 3120 bonor
322 3065 385 3119 tam
398 3054 531 3120 celebris
544 3056 626 3120 iuter
639 3056 807 3141 ilungaros
822 3057 966 3133 babetur,
985 3058 1072 3142 quod
1086 3059 1188 3125 eciam

162 3168 313 3234 iestiuitas
329 3168 556 3257 assumpcionis
571 3168 713 3232 eiusdem
731 3169 873 3252 uirginis,
894 3171 961 3233 sine
974 3169 1188 3235 additamento

163 3279 281 3365 proprii
300 3278 455 3353 nominis,
482 3278 622 3362 ipsorum
636 3278 744 3364 lingua
757 3281 866 3364 regins
879 3280 948 3344 dies
962 3281 1128 3344 uocitstur.
1157 3287 1191 3343 et

163 3397 198 3452 ut
210 3388 360 3452 maiorem
374 3389 472 3472 ipsius
487 3389 679 3454 defensionis
699 3391 947 3455 misericordiam
968 3389 1118 3474 consequi
1133 3406 1190 3453 ua·

163 3498 259 3575 leret,
279 3500 312 3563 in
324 3501 393 3583 ipsa
407 3500 522 3585 regalis
537 3500 620 3564 sedis
634 3502 778 3577 ciuitate,
804 3521 868 3585 que
882 3501 996 3564 dicitur
1008 3500 1103 3574 dibu,
1130 3502 1191 3571 sub

161 3612 256 3677 laude
278 3619 311 3677 el
334 3611 433 3697 tytulo
456 3614 588 3697 uirginis
610 3615 753 3679 eiusdem
776 3621 947 3698 perpetue,
977 3613 1130 3679 famosam
1157 3621 1192 3683 st

164 3725 315 3810 grandem
337 3725 518 3801 basilicam,
540 3746 636 3810 opere
655 3724 804 3801 mirilico,
825 3725 971 3792 celaturis
985 3727 1018 3790 in
1031 3726 1120 3791 cbori
1135 3744 1192 3812 ns·

162 3837 241 3902 riets
260 3835 433 3914 distinctis,
452 3838 634 3924 pauimento
649 3839 763 3905 tabulis
785 3840 968 3905 marmoreis
988 3846 1095 3914 stralo,
1116 3858 1193 3905 con·

163 3955 283 4014 struere
297 3948 391 4033 oepit,
412 3970 508 4032 quam
521 3951 575 4036 qui
590 3949 670 4017 uidit
682 3951 896 4016 testimonium
909 3950 1034 4017 ueritati
1045 3948 1193 4035 perbibet

165 4059 337 4126 uerborum
350 4067 547 4137 nostrorum,
567 4061 807 4129 innumerabilia
820 4062 1004 4148 palliorum,
1024 4078 1193 4148 nnuman

166 4178 287 4251 torum,
308 4169 487 4240 stallorum
501 4182 758 4243 ornamentorum
771 4174 816 4240 ibi
830 4194 900 4241 osse
914 4193 1051 4263 genera,
1070 4173 1194 4241 tabulas
