2798 4764
520 355 594 406 trra
614 356 791 407 s-enaaunr
812 340 888 427 (tt).
1155 342 1220 417 bid
1335 313 1339 321 ’

191 514 377 578 muneranit.
407 512 483 576 indo¹
496 511 732 595 proficiscentes
746 524 903 581 uenerunt
915 517 948 582 in
962 518 1073 585 urbem
1086 519 1220 589 Morta*

189 646 280 700 nam,
294 625 349 688 ubi
363 633 453 688 erant
465 626 613 691 monacbi
623 627 731 702 Greci,
745 630 799 709 qui
815 629 921 692 diuina
935 632 1110 696 secondum
1123 633 1218 703 ritu

191 736 495 828 etlcnnsuetudinem
510 754 599 800 suant
614 737 826 803 celebrabant.
847 741 1015 825 episcopus
1026 751 1130 806 autern
1140 743 1219 809 into

190 848 322 913 consitio
344 868 415 913 cum
435 847 547 911 comite
562 848 746 913 Chanadino
769 853 906 915 eundem
925 873 1053 936 grecum
1073 856 1219 929 abbatem

190 980 262 1024 eum
285 960 447 1023 monacbis
469 960 534 1024 suis
555 961 711 1025 transtulit
731 962 763 1024 in
783 963 971 1039 Oroztanos,
993 969 1218 1033 monasteriam

189 1092 268 1137 uero
290 1074 432 1155 ipsorum
453 1072 602 1155 episcopo
617 1094 688 1137 cnm
703 1073 851 1139 iratribus
872 1077 937 1141 suis
955 1078 1142 1161 assignauit,
1161 1081 1218 1163 qui

189 1186 222 1248 in
243 1184 356 1250 eodem
376 1183 598 1249 habitauerunt
617 1186 719 1249 donec
738 1188 963 1251 monasterium
984 1189 1070 1252 beati
1090 1190 1218 1274 Georgi

190 1297 322 1360 martiris
335 1295 552 1378 perficeretur.
573 1297 773 1361 continebant
787 1308 891 1363 autom
905 1301 946 1362 ad
961 1320 1033 1365 eam
1047 1302 1169 1365 nobiles
1183 1310 1218 1369 td

189 1408 355 1491 ignobiles,
370 1408 483 1472 diuites
497 1417 532 1472 et
542 1429 716 1491 pauperes,
734 1411 977 1493 postulantesiu
990 1413 1117 1476 nomine
1131 1412 1219 1478 uinta

191 1520 262 1584 tatis
283 1518 393 1584 deifice
407 1520 566 1601 baptizari.
598 1540 677 1603 quos
690 1521 760 1603 ipse
774 1530 922 1604 unquam
935 1521 1016 1585 tilios
1030 1542 1105 1586 suos
1117 1525 1219 1589 atroci·
1242 1538 1246 1545 ’

189 1632 295 1713 piens,
316 1631 356 1694 ad
370 1651 511 1695 mensam
525 1651 613 1695 snam
632 1632 795 1696 reficiendi
816 1634 920 1715 gracia
934 1634 1097 1698 inuitabat.
1121 1635 1217 1711 dnm·

188 1744 302 1806 bantur
316 1743 414 1806 eciam
429 1742 517 1807 multi
537 1764 596 1825 per
611 1745 756 1819 comites,
778 1765 858 1827 qnos
874 1745 1077 1810 constituerat
1089 1766 1163 1822 rex,
1183 1756 1217 1813 et

188 1856 423 1938 baptizabantur
437 1857 469 1918 in
484 1857 677 1921 monasterio
690 1858 788 1920 sancti
801 1857 926 1920 loannis
937 1858 1094 1940 Baptista,
1113 1859 1217 1925 stabat

189 1968 272 2030 enim
283 1967 450 2030 multitudo
463 1966 570 2051 populi
584 1968 624 2030 ad
638 1970 763 2031 ianuam
777 1968 810 2030 in
824 1969 986 2043 cimiterio,
1000 1970 1154 2035 babentes
1166 1990 1218 2037 aa*

189 2100 261 2144 curn
283 2079 446 2153 uietualia,
467 2099 527 2143 nec
550 2088 618 2143 erat
640 2082 768 2163 requies
788 2079 852 2154 bis,
874 2081 926 2162 qni
940 2101 995 2145 eoo
1009 2082 1218 2163 baptizabunt,

189 2199 296 2273 preter
305 2192 339 2254 in
353 2199 462 2266 nocte,
476 2198 508 2254 et
522 2199 589 2254 erat
600 2191 645 2253 eis
657 2190 784 2274 grandis
798 2190 898 2253 labor.
918 2199 1023 2255 tannen
1034 2211 1093 2272 pro
1102 2192 1218 2259 Chric'ti

189 2303 317 2367 nomino
331 2303 363 2365 in
378 2303 467 2367 cuius
483 2322 581 2384 opere
596 2303 835 2376 desiderabant,
855 2304 956 2384 ipsum
967 2302 1109 2366 laborem
1119 2322 1218 2385 equa·

190 2416 314 2479 nimiter
328 2423 361 2479 et
374 2415 549 2478 uniuntarie
564 2413 759 2488 tolerabant,
780 2414 947 2494 episcopus
960 2421 1065 2476 antem
1083 2414 1217 2481 uerbum

189 2527 241 2593 dei
253 2527 313 2600 bis,
333 2526 387 2608 qui
402 2525 526 2590 fuerant
539 2525 705 2608 baptizati,
727 2524 874 2588 continue
890 2524 1083 2607 predicabat.
1206 2573 1210 2580 .

269 2746 336 2831 (12)
357 2750 442 2813 Inter
455 2749 593 2831 prefatos
617 2769 694 2812 uero
709 2749 880 2812 monachos
902 2755 994 2813 erant
1012 2757 1132 2831 septem
1154 2748 1215 2817 atri

187 2860 316 2936 iiterati,
336 2870 367 2925 et
385 2862 538 2944 ungarica
556 2859 663 2942 lingua
682 2861 870 2942 interpretes
892 2861 1047 2942 expediti,
1068 2861 1216 2929 uidelicet

187 2973 349 3048 tibertus,
370 2973 549 3055 Phiiippus,
569 2972 744 3048 Henricur,
765 2973 945 3048 conradus,
967 2972 1078 3047 Grato,
1099 2973 1215 3039 Tbnio

189 3094 221 3148 et
235 3086 428 3168 Stephanus,
449 3086 505 3168 qni
519 3085 618 3148 eciam
637 3105 695 3167 por
707 3105 742 3148 se
763 3084 882 3167 populo
896 3086 1029 3149 uerbum
1045 3086 1096 3148 dei
1111 3084 1216 3167 prediss

188 3198 311 3261 cabant
332 3217 389 3280 per
402 3198 488 3279 ipsos
503 3197 587 3259 enim
600 3205 666 3260 tota
680 3195 862 3260 Chanadina
876 3197 1038 3278 prouincia
1054 3196 1135 3260 sacri
1148 3196 1215 3260 oio·

190 3309 254 3388 quii
274 3309 392 3374 exstitit
408 3308 552 3391 irrigata,
574 3310 628 3391 qui
649 3307 920 3371 archidiaconatus
940 3307 1104 3380 babentes,
1125 3305 1215 3371 odat-

189 3420 303 3482 cabant
321 3418 470 3484 ecelesias
488 3420 521 3483 in
540 3422 670 3483 urbibus
684 3429 717 3483 et
731 3418 822 3482 uitiis.
850 3418 986 3500 populus
1000 3427 1122 3492 autem,
1142 3417 1215 3485 tinet

188 3530 292 3594 adbuc
305 3549 388 3595 noue
402 3531 610 3613 plantacionis
631 3530 795 3604 existeret,
816 3537 920 3592 tamen
935 3529 1071 3594 uerbum
1086 3530 1136 3593 dei
1150 3528 1215 3596 for·

186 3643 272 3706 nenti
293 3643 404 3725 spiritu
425 3643 591 3718 audiebat,
616 3641 798 3705 meditando
819 3642 851 3704 iu
871 3641 942 3724 lege
964 3640 1081 3705 domini
1101 3642 1154 3706 die
1173 3658 1212 3707 κ

184 3763 289 3818 noete.
315 3755 452 3837 quadarn
467 3762 571 3818 autem
586 3754 637 3817 die
652 3761 808 3817 uenerunt
821 3752 949 3835 triginta
962 3752 1022 3816 niri
1036 3753 1077 3817 od
1090 3753 1215 3836 episce-

184 3885 258 3947 pnm
272 3865 417 3947 neopbiti
430 3873 584 3947 petentes,
604 3871 640 3928 nt
653 3864 779 3928 tolleret
790 3861 873 3928 iiiios
887 3884 1009 3938 eorum,
1023 3883 1104 3947 qnos
1117 3863 1216 3929 iitar'!

185 3976 326 4041 eruditos
349 3976 384 4038 ia
407 3975 539 4039 ciericos
565 3975 735 4039 ordinaret.
769 3976 883 4057 quibus
903 3976 1057 4058 susceptio
1078 3995 1134 4040 eos
1152 3974 1216 4043 nb

185 4107 279 4152 monn
298 4087 440 4170 magistri
451 4086 608 4152 Waltberi
627 4087 803 4164 constitnit,
824 4087 903 4152 dana
917 4088 963 4154 eis
977 4107 1072 4154 unam
1086 4088 1215 4153 domu

185 4200 301 4267 adher
316 4209 435 4286 aptata
454 4208 560 4269 atuor
573 4199 720 4268 senariis
738 4202 909 4288 grammon
929 4208 962 4269 ct
978 4201 1098 4274 annom
1115 4197 1216 4267 inm·
