2798 4764
204 319 265 388 tlh
375 338 401 386 t.
414 338 568 386 irsrnun
588 338 679 384 rsors
700 337 1021 384 oecumenicarum
1042 339 1064 386 1.

205 502 391 559 concurrant
405 495 455 556 die
467 494 624 556 dominica
638 493 678 556 ad
691 493 874 566 ecclesiam,
895 493 1029 556 maiores
1041 513 1077 557 ac
1090 495 1236 571 minores,

204 606 267 669 uiri
280 627 316 670 ac
331 608 488 679 mulieres,
509 606 650 686 exceptis
662 605 715 686 qui
726 606 816 686 ignes
827 605 1016 668 custodiunt
1038 608 1145 688 siquis
1158 628 1235 670 uero

205 738 270 782 non
289 718 521 781 obseruacionis
542 737 638 779 causa
653 716 845 788 remanebit,
865 737 922 796 per
936 717 1058 779 illorum
1073 718 1236 801 negligen-

205 828 301 901 ciam,
322 829 473 909 uapulent
488 848 523 890 ac
540 828 728 908 depilentur.

289 940 327 999 X.
370 940 413 999 De
435 942 636 1001 obseruatione
659 949 783 1017 quotuor
803 950 975 1018 temporum.
1026 939 1059 1000 Si
1074 940 1143 1021 quis
1158 962 1236 1022 qua·

205 1057 277 1115 tuor
297 1057 474 1130 temporum
495 1049 628 1122 ieiunia,
649 1049 769 1110 cunetis
791 1049 933 1129 cognita,
955 1068 1081 1111 caruem
1104 1052 1236 1112 mandu-

206 1179 280 1224 cans
305 1159 491 1233 uiolauerit,
527 1180 585 1241 per
610 1159 751 1240 spacium
778 1160 871 1220 unius
897 1160 1072 1222 ebdomade
1096 1160 1236 1223 inclusus

204 1271 334 1336 ieiunet.

289 1385 342 1445 xi.
383 1385 428 1445 De
440 1387 642 1445 observacione
658 1395 736 1446 sexte
748 1387 832 1464 serie.
876 1384 907 1445 Si
923 1385 993 1466 quis
1008 1385 1039 1444 in
1054 1392 1142 1446 sexta
1157 1384 1236 1447 feria

206 1494 247 1559 ab
260 1495 344 1557 omni
359 1495 581 1557 christianitate
596 1496 764 1557 obseruata
776 1515 901 1557 carnem
916 1484 1165 1569 manducauerit,
1180 1517 1236 1576 per

205 1629 301 1673 unam
317 1610 524 1672 ebdomadam
538 1609 609 1671 luce
625 1609 763 1671 inclusus
777 1610 905 1671 ieiunet.

289 1723 356 1783 xtl.
398 1722 442 1782 De
461 1724 508 1782 tii
528 1724 578 1800 qui
599 1723 660 1782 siue
682 1724 856 1801 confessione
881 1724 1059 1782 moriuntur.
1113 1722 1144 1782 Si
1166 1723 1236 1803 quis

206 1839 270 1897 tam
292 1832 462 1914 perdonato
484 1832 578 1893 corde
602 1841 666 1905 est,
687 1834 773 1914 quod
796 1833 877 1894 absit
895 1834 934 1894 ab
950 1832 1035 1893 omni
1050 1832 1237 1905 Christiano,

206 1954 242 2009 ut
252 1945 330 2007 nolit
341 1943 483 2006 confiteri
499 1965 556 2008 sua
566 1944 717 2019 facinora,
732 1946 904 2008 secundum
920 1965 1046 2008 arrasum
1062 1945 1237 2026 presbiteri,

206 2056 258 2120 hic
273 2057 340 2119 sine
356 2058 441 2118 omni
455 2057 561 2118 diuino
579 2056 682 2118 officio
701 2064 732 2118 et
747 2056 935 2138 elemosynis
951 2057 1067 2129 iaceat,
1085 2056 1236 2137 quemad·

207 2170 335 2232 modum
350 2168 494 2230 infidelis.
523 2170 548 2230 si
563 2178 668 2231 autem
685 2178 830 2249 parentes
846 2177 878 2230 et
891 2168 1024 2249 proximi
1040 2166 1238 2248 neglexerint

207 2300 324 2344 uocare
353 2280 560 2363 presbiteros,
593 2287 624 2342 et
653 2281 695 2342 ita
721 2279 861 2342 subiacet
889 2280 1008 2360 absque
1037 2277 1236 2340 confessione

207 2394 313 2466 morti,
335 2394 448 2456 (litetur
469 2393 670 2455 oracionibus
692 2400 723 2453 et
744 2391 924 2453 consoletur
945 2391 1136 2452 elemosinis.
1178 2389 1235 2451 sed

208 2513 355 2588 parentes
370 2504 476 2568 lauent
489 2502 718 2584 negligenciam
735 2501 869 2575 ieiuniis,
892 2503 1063 2564 secundum
1075 2500 1235 2563 arbitrium

209 2617 464 2698 presbiterorum.
499 2617 552 2696 qui
583 2635 661 2677 uero
688 2614 853 2675 subitanea
882 2614 1096 2695 periclitantur
1120 2623 1236 2684 morte,

209 2747 280 2790 cum
295 2727 380 2787 omni
394 2726 606 2788 ecclesiastico
621 2726 812 2805 sepeliantur
827 2726 959 2787 bonore.
981 2746 1053 2787 nom
1069 2726 1174 2787 diuina
1190 2725 1236 2784 iu-

209 2838 289 2901 dicia
305 2839 426 2898 occulta
442 2838 532 2898 nobis
548 2846 621 2898 sunt
637 2847 667 2898 et
684 2838 852 2919 incognita.

290 2950 371 3009 Xlll.
413 2950 457 3009 Dc
477 2951 657 3008 obseruanda
680 2949 904 3010 christianitate.
955 2947 987 3009 Si
1002 2948 1071 3029 quis
1086 2947 1237 3008 obserua-

209 3060 298 3123 cione
314 3059 545 3121 christianitatis
560 3059 711 3139 neglecta,
733 3067 765 3121 et
779 3058 976 3141 negligencia
990 3057 1158 3120 stoliditate
1174 3056 1237 3117 ela·

210 3182 258 3235 tus
280 3172 356 3254 quid
378 3171 409 3231 in
432 3191 500 3232 eam
524 3169 729 3243 commiserit,
751 3171 837 3231 iuxta
852 3169 1032 3250 qualitatem
1055 3167 1236 3231 ollensionis

210 3285 413 3366 abepiscopo
429 3303 485 3364 per
500 3282 681 3363 disciplinas
698 3302 852 3345 canonum
868 3281 1033 3343 indicetur.
1054 3282 1079 3342 si
1094 3299 1172 3343 uero
1187 3300 1237 3340 re·

209 3397 345 3460 bellitata
367 3396 535 3458 instructus
557 3394 697 3456 renuerit
715 3395 772 3456 sibi
795 3394 973 3476 impositum
990 3414 1072 3475 eque
1092 3395 1237 3463 sullerre,

207 3509 320 3572 iterum
340 3509 452 3570 eodem
472 3507 586 3568 iudicio
602 3507 817 3587 restringatur,
833 3516 863 3569 et
878 3507 976 3568 eciam
992 3526 1090 3587 usqne
1106 3503 1238 3584 sepcies.

207 3621 333 3682 tandem
350 3638 444 3699 super
458 3617 564 3679 omnia
578 3618 603 3678 si
618 3618 768 3679 resistens
789 3627 821 3681 st
835 3618 976 3679 abnuens
996 3617 1163 3685 inuenitur,
1186 3632 1237 3672 re-

209 3727 270 3812 gali
287 3730 414 3802 iudicio,
431 3728 551 3790 scilicet
566 3727 726 3790 defensori
742 3726 985 3798 christianitatis,
1006 3726 1156 3787 tradatur.

291 3840 373 3903 XIV.
416 3841 459 3902 Do
472 3842 635 3903 homicidis.
665 3840 697 3902 Si
711 3840 782 3921 quis
798 3840 846 3901 ira
859 3857 1012 3902 accensus
1026 3846 1080 3898 aut
1092 3835 1239 3916 superbia

209 3950 308 4017 elatus
330 3961 537 4033 spontaneum
566 3951 758 4015 commiserit
783 3950 1004 4022 homicidium,
1035 3949 1112 4010 sciat
1133 3968 1167 4011 se
1190 3968 1241 4010 se·

209 4065 347 4131 mudum
361 4063 460 4126 nostri
475 4071 603 4127 senatus
616 4064 778 4127 decretum
793 4071 918 4126 centum
929 4069 960 4124 et
971 4062 1081 4124 decem
1095 4062 1238 4123 daturum

208 4196 325 4264 pensas
348 4176 429 4239 auri.
456 4173 625 4257 exquibus
640 4175 868 4258 quinquaginta
890 4174 931 4236 ad
952 4173 1063 4237 sucum
1086 4175 1169 4257 regis
1185 4174 1241 4235 de·
