2798 4764
311 998 691 1088 autumnum
721 1001 917 1090 REGIS
955 1001 1080 1087 LEX

656 1201 739 1246 DATA

254 1356 403 1440 IUBAEIS
428 1357 474 1441 tu
499 1357 577 1441 Silii
604 1357 741 1441 ΗΕΘΜ)
768 1357 1133 1441 cunctabantur.

214 1545 237 1596 lt
250 1545 336 1598 codice
348 1546 485 1598 chartaceo
497 1547 585 1599 saeculi
597 1548 652 1597 XV.
663 1547 824 1599 bibliothece
836 1546 956 1613 palatina
963 1544 1176 1598 vindobonensis.

265 1827 476 1889 Colomannus
498 1826 600 1908 gracia
617 1827 668 1889 dei
691 1848 748 1889 rex
762 1827 981 1910 Hungarorum
1001 1827 1083 1889 hauc
1106 1827 1211 1910 legem

183 1938 267 2000 dedit
282 1939 385 2001 Iudeis
401 1938 431 2000 in
447 1959 546 2020 regno
561 1959 619 2000 suo
636 1940 911 2001 commorantibus.

263 2052 320 2123 (1)
342 2050 379 2112 Ut
393 2049 496 2112 nutius
518 2052 633 2112 ludens
656 2051 805 2132 deinceps
825 2061 984 2131 presumat
1007 2051 1210 2114 christianum
1330 2058 1333 2062 ’

182 2162 371 2243 mancipium
397 2160 623 2243 cuiuscumque
648 2161 755 2243 lingue
781 2161 833 2223 uel
857 2162 996 2223 nacionis
1023 2182 1129 2224 emere
1157 2169 1211 2225 aut

182 2274 339 2346 uendere,
361 2281 414 2334 aut
430 2275 460 2334 in
475 2274 610 2335 seruieio
626 2293 683 2334 suo
699 2273 846 2335 retinere.
875 2272 946 2333 etsi
962 2271 1032 2353 quis
1048 2273 1210 2333 decretum

182 2384 439 2465 transgrediatur,
472 2385 641 2465 dampnum
670 2381 828 2444 christiani
859 2382 1005 2463 mancipii
1035 2390 1110 2463 aput
1136 2401 1210 2444 cum

181 2494 300 2557 inuenti
318 2495 469 2576 paciatur.

265 2608 322 2682 (2)
345 2605 375 2666 si
392 2606 585 2669 Christianus
607 2606 714 2678 ludeo,
737 2614 789 2668 aut
803 2607 918 2668 iudeus
933 2605 1110 2669 Christiano
1132 2607 1210 2670 dua·

181 2740 247 2781 rum
273 2719 325 2781 uel
351 2719 444 2780 trium
471 2739 638 2800 pensarum
662 2720 801 2800 precium
828 2720 1033 2782 accomodare
1057 2719 1209 2794 uoluerit,

181 2839 338 2893 mutuatur
353 2851 371 2892 a
387 2839 547 2894 mutuante
563 2831 776 2894 uadimonium
792 2832 939 2912 recipiat,
961 2840 992 2894 et
1008 2840 1104 2894 testes
1119 2831 1209 2894 Cbri·

180 2944 272 3006 stiani
297 2950 329 3006 et
352 2944 440 3005 Indei
465 2944 496 3005 in
522 2946 734 3007 testimonium
761 2953 1000 3017 assummantnr,
1023 2953 1056 3007 ut
1077 2944 1103 3007 si
1126 2945 1207 3007 forte

181 3055 365 3118 alteralteri
381 3056 466 3136 quod
482 3065 680 3118 mutuauerat
695 3058 915 3139 denegauerit‚
944 3056 1125 3119 uadimonio
1141 3065 1209 3118 tan·

182 3173 245 3228 tum
262 3174 292 3227 et
308 3166 438 3228 testibus
455 3166 616 3248 utriusque
633 3169 863 3248 comprobetur.

265 3278 327 3352 (3)
351 3276 382 3337 Si
397 3286 501 3340 autem
523 3277 603 3340 ultra
622 3286 684 3339 tres
706 3297 820 3358 pensas
842 3277 1023 3340 alteralteri
1041 3275 1208 3357 quicquam

181 3390 452 3461 accomodaucrit,
474 3388 688 3450 uadimonium
704 3398 736 3451 et
750 3398 845 3452 testes
861 3398 892 3450 ut
908 3389 1082 3470 predictum
1097 3396 1146 3450 est
1159 3407 1209 3450 as·

181 3510 322 3575 sumant,
338 3511 368 3564 et
380 3501 584 3583 quantitatem
601 3501 749 3581 peccunia
765 3509 796 3561 et
811 3498 938 3560 nomina
954 3498 1077 3560 testium
1094 3499 1125 3559 iu
1140 3518 1209 3560 car·

181 3609 275 3673 tulum
291 3612 446 3683 scribere,
469 3631 505 3672 ac
520 3609 623 3692 sigilio
639 3610 820 3693 utriusque,
843 3611 1026 3672 mutuatoris
1040 3610 1157 3673 scilicet
1177 3617 1210 3674 ct

182 3724 350 3786 mutuantis
373 3723 511 3805 sigillare
536 3723 666 3797 saciant,
688 3732 722 3786 ut
742 3723 767 3786 si
789 3723 915 3806 quando
937 3721 1016 3785 alter
1037 3722 1126 3785 alteri
1145 3723 1208 3788 uim

180 3834 297 3897 inserre
321 3835 471 3909 uoluerit,
493 3834 610 3917 scripto
633 3854 669 3897 aa
691 3831 790 3915 sigillo
806 3835 970 3915 utriusque
993 3834 1108 3897 ueritas
1123 3855 1209 3897 com·

180 3947 341 4027 probetur.

263 4057 321 4132 (b)
343 4057 374 4118 Si
396 4057 511 4120 iudeus
534 4077 551 4121 a
574 4055 749 4120 Christiano
776 4065 829 4120 aut
850 4058 1044 4124 Christianus
1068 4078 1087 4121 a
1110 4058 1207 4120 ludeo

181 4167 299 4250 aliquid
314 4189 419 4233 emere
434 4170 582 4246 uoluerit,
606 4190 711 4235 coram
733 4169 856 4236 idoneis
877 4170 1008 4236 testibus
1026 4168 1209 4234 Christianis
