2798 4764
225 339 285 406 ibi
400 358 547 406 nassum
567 357 674 405 sanem
694 357 823 403 sunuel
844 356 931 402 noers
953 332 1072 420 (9-3).

309 619 353 705 (2)
375 623 490 685 Beatus
501 621 607 704 itaque
618 622 803 686 Hemericus
818 621 941 683 modico
954 628 1119 684 contentus
1129 640 1257 703 sopore,

226 755 285 818 per
298 733 436 816 singulas
456 743 566 798 noctes
581 735 703 798 cunetis
723 755 757 796 se
772 734 803 795 iu
818 733 899 796 lecto
914 733 1156 807 collocantibus,
1177 741 1209 796 et
1223 739 1258 795 ut

226 848 346 929 regiam
362 846 453 908 decet
467 843 608 909 sobolem
628 846 749 907 duobus
764 845 959 909 candelabris
980 854 1053 908 aute
1071 865 1105 907 se
1125 845 1259 909 lucenti·

226 956 296 1031 bus,
317 957 349 1017 in
365 955 492 1038 psalmis
506 956 567 1019 deo
579 956 780 1018 decantandis
795 955 953 1036 uigilabat,
968 962 1000 1019 et
1013 955 1045 1017 iu
1059 955 1259 1018 uniuscuius-

227 1087 289 1153 que
304 1067 416 1148 psalmi
430 1066 492 1128 fine
503 1067 631 1128 ueniam
643 1086 713 1127 eum
726 1065 829 1127 cordis
842 1066 1032 1127 contricione
1047 1065 1137 1127 adeo
1150 1072 1258 1147 postu-

226 1179 321 1241 labat.
347 1179 433 1261 quod
456 1198 526 1239 cum
547 1186 637 1259 pater
651 1177 719 1239 eius
740 1184 864 1269 nosset,
887 1186 975 1239 caute
997 1176 1061 1238 imo
1082 1186 1115 1240 et
1136 1176 1257 1241 occulte

228 1309 287 1371 per
300 1290 410 1351 rimam
431 1289 558 1372 parietis
578 1308 654 1370 sepe
669 1284 896 1370 prospiciebat,
917 1284 995 1350 nulli
1008 1293 1113 1351 tamen
1127 1307 1258 1351 suorum

228 1400 429 1464 manifestare
447 1398 583 1463 uolebat.
604 1401 636 1462 in
658 1400 706 1461 his
721 1399 866 1461 omnibus
881 1398 1146 1462 considerandum
1166 1399 1259 1461 nobis

230 1517 294 1585 est,
315 1529 410 1596 quam
423 1509 666 1572 misericorditer
681 1517 787 1571 nostre
804 1508 1006 1572 imbecillitati
1026 1508 1121 1573 adeo
1134 1510 1259 1571 consul·

228 1629 295 1684 tum
309 1627 373 1694 est,
395 1640 467 1682 curu
488 1641 552 1682 nou
573 1619 675 1683 solum
689 1619 811 1681 iusticie
825 1619 936 1700 regula
956 1617 1048 1682 uobis
1064 1620 1257 1683 uerboteuus

230 1729 410 1806 instituitur,
431 1730 488 1791 sed
503 1738 534 1793 et
549 1730 631 1792 beati
647 1728 706 1791 uiri
719 1727 813 1791 huius
828 1729 868 1791 ud
883 1729 1095 1794 imitaciouem
1108 1712 1257 1812 tauquam

230 1841 407 1925 preclarum
430 1839 592 1922 speculum
616 1826 655 1903 ad
677 1839 889 1922 spectaculum
910 1841 1105 1924 proponitur.
1139 1841 1258 1903 nemini

231 1974 307 2037 ergo
329 1954 368 2016 sit
389 1974 524 2017 onerosa
546 1962 726 2036 paupertas,
748 1952 897 2036 quoniam
916 1951 1013 2037 elegit
1031 1974 1188 2037 pauperes
1203 1956 1259 2017 do-

232 2065 352 2141 minus,
375 2065 549 2148 dequibus
571 2065 629 2128 ait:
651 2064 735 2127 beati
757 2084 929 2147 pauperes,
950 2065 1099 2147 quoniam
1119 2066 1259 2147 ipsorum

232 2185 281 2242 est
293 2196 426 2260 reguum
440 2175 591 2239 celorum.
619 2195 712 2238 uerno
728 2175 827 2239 eciam
842 2175 957 2239 diuites
979 2196 998 2241 a
1016 2193 1117 2259 regno
1132 2175 1183 2239 dei
1205 2197 1259 2238 ex-

231 2276 404 2352 cludendos
419 2308 490 2351 esse
505 2288 685 2362 contendat,
706 2306 762 2351 eos
776 2286 924 2352 uidelicet
937 2288 991 2370 qui
1005 2289 1073 2350 siue
1088 2288 1259 2370 eupiditate

230 2400 394 2482 possident
414 2400 554 2463 diuieias.
584 2400 669 2462 uude
692 2398 834 2481 preclare
856 2399 889 2460 in
911 2397 1036 2461 laudem
1060 2405 1093 2461 et
1112 2398 1261 2463 decorem

231 2513 279 2576 sui
299 2520 408 2575 sancta
431 2512 564 2575 ecclesia
588 2505 734 2574 terribilis
757 2519 792 2575 ut
814 2519 989 2573 castrorum
1011 2511 1095 2574 acies
1118 2511 1262 2573 ordinata

231 2624 427 2697 describitur,
446 2625 479 2686 iu
502 2632 585 2686 tauta
607 2624 759 2685 uirtutum
780 2623 880 2705 fulget
900 2622 1091 2696 eminencia,
1112 2630 1261 2704 tantaque

231 2733 432 2795 eredencium
448 2734 599 2796 uarietate
614 2734 806 2796 circumdata
821 2741 879 2809 est,
900 2734 987 2817 quod
1001 2752 1104 2814 neque
1119 2731 1260 2795 barbaris

231 2842 415 2907 nacionibus
437 2843 545 2906 diuina
569 2843 712 2907 uisitaeio
734 2844 833 2919 desit,
855 2845 1003 2927 quoniam
1024 2844 1157 2906 uerbum
1175 2842 1260 2926 quod

231 2953 392 3016 mandauit
409 2954 554 3016 dominus
576 2955 608 3016 iu
628 2954 712 3018 mille
728 2957 971 3038 generaciones,
992 2957 1054 3020 iam
1068 2962 1153 3018 totus
1168 2974 1260 3017 mun·

233 3066 292 3128 dus
309 3067 457 3148 suscepit.
479 3065 642 3130 Pannonia
661 3074 764 3130 autem
786 3067 899 3131 nostris
920 3067 988 3130 lere
1005 3067 1199 3150 temporibus
1220 3066 1261 3129 ad

230 3178 328 3241 iidem
349 3179 450 3253 uenit,
472 3198 533 3261 que
554 3177 708 3247 hacteuus
729 3179 811 3242 ledis
831 3179 1008 3262 paganismi
1028 3178 1139 3242 ritibus
1157 3178 1261 3241 ledata

233 3299 318 3366 erat,
339 3292 397 3355 sed
422 3290 646 3355 exhortacione
672 3298 703 3354 et
726 3291 848 3354 eximiis
872 3289 991 3353 meritis
1015 3288 1262 3353 christianissimi

232 3404 319 3486 regis
337 3404 386 3466 sui
401 3402 550 3485 Stephani
571 3402 707 3476 scilieet,
728 3403 762 3463 iu
783 3401 901 3465 uirtute
920 3398 997 3464 ildei
1015 3407 1049 3464 et
1066 3401 1262 3463 incremento

236 3514 335 3578 diuini
349 3516 452 3580 cultus
467 3515 609 3598 proiecit.

317 3731 363 3815 (3)
384 3735 530 3810 Quodam
550 3738 655 3820 itaque
678 3745 821 3818 tempore
836 3753 908 3797 cum
929 3735 1038 3797 beatus
1056 3752 1115 3795 rex
1129 3730 1262 3813 Stepha-

234 3863 296 3908 nus
308 3845 349 3908 ad
363 3845 529 3908 ecclesiam
543 3846 626 3910 boati
638 3847 773 3922 Martini,
794 3864 889 3930 quan
903 3845 971 3927 ipse
985 3845 1018 3906 iu
1031 3850 1140 3907 saneto
1154 3851 1263 3907 monte

234 3955 396 4020 Pannonia
415 3955 637 4031 inchoauerat,
657 3965 690 4022 et
703 3957 832 4042 egregia
851 3954 1078 4018 momebcruru
1091 3971 1264 4038 cougrega-

236 4066 327 4132 cione
349 4066 571 4142 deeorauerat,
592 4088 741 4132 unacum
760 4069 825 4134 lilio
840 4085 934 4131 causa
951 4066 1104 4132 oracionis
1126 4067 1264 4130 aduenit.

237 4180 296 4248 sed
317 4179 501 4273 rextscieus
524 4179 616 4263 pueri
638 4179 816 4264 precellens
838 4178 1005 4257 meritum,
1034 4179 1188 4245 honorem
1209 4179 1264 4266 qui
