2798 4764
176 338 240 424 dil
499 371 684 425 menemus
711 375 752 424 na
773 374 884 426 ranan.

178 524 372 609 persoluere.
400 527 475 591 item
489 546 565 609 sepe
579 528 641 591 iam
655 529 819 592 memorati
832 526 1054 592 Numuololiod
1069 537 1102 593 at
1115 529 1224 599 uuna

179 635 332 700 deberent
345 638 534 701 constituere
550 637 724 702 Cheuadini
742 638 931 702 homicidam
946 638 1143 720 Oponidum.

262 745 328 829 (ld)
350 749 542 813 Guthiredus
558 752 733 832 prepositus
751 751 948 812 orodinensis
968 751 1109 832 impeciit
1124 753 1227 818 uilla·

179 877 238 922 nos
261 859 300 922 de
314 861 447 925 Bercntc
471 861 510 924 de
525 860 584 922 XV
598 861 699 923 bobus
720 860 878 924 uiolenter
894 862 1014 936 ablatis,
1034 863 1126 926 etde
1143 884 1227 946 per·

179 971 328 1035 sussione
348 971 440 1034 unius
454 967 592 1035 hominis
605 972 719 1055 gladio,
740 972 842 1036 iudice
857 972 983 1035 Nicolao
1004 973 1148 1054 palatino
1165 995 1228 1039 co·

179 1081 272 1158 mite,
293 1083 442 1165 pristaldo
458 1086 552 1145 Zuma
573 1084 612 1145 de
635 1082 710 1146 uilla
731 1083 834 1146 lanus.
863 1084 916 1166 qui
936 1084 1100 1146 uenientes
1118 1085 1229 1150 Uara-

180 1191 288 1256 diuum
295 1239 305 1269 ,
325 1193 429 1256 taliter
442 1202 674 1267 conuenerunt,
696 1194 781 1276 quod
803 1192 911 1256 uillani
930 1195 969 1257 de
987 1194 1132 1258 Berente
1161 1197 1228 1260 da-

179 1312 251 1368 rent
271 1306 413 1389 predicto
427 1304 587 1388 preposito
602 1313 736 1386 quatuor
750 1325 884 1380 marcas,
905 1312 938 1368 et
952 1305 1107 1386 pristaldo
1123 1308 1229 1373 dini-

181 1415 281 1492 diam,
302 1415 396 1479 iudici
412 1435 489 1479 uero
503 1417 683 1498 prepositus
698 1415 900 1480 satisfaceret.
929 1415 988 1479 hec
1009 1424 1121 1480 autem
1143 1424 1229 1503 per.

181 1525 340 1590 noluerent
359 1525 392 1586 in
411 1525 493 1588 sesto
507 1524 604 1588 lilerio
618 1522 817 1608 Magdaleire,
839 1526 872 1588 in
892 1525 968 1588 uilla
981 1526 1228 1594 crucilerorun

180 1637 307 1699 nominc
321 1637 397 1717 Pop.

264 1742 332 1828 (ll)
355 1745 476 1809 Seucha
496 1748 536 1810 de
555 1747 629 1809 uilla
643 1748 729 1810 Titos
749 1748 888 1830 impeciit
909 1747 1110 1811 constillaoos
1131 1769 1231 1830 suos,

181 1856 300 1922 scilicet
312 1859 463 1932 Pousam,
483 1857 648 1931 Mathiam,
668 1857 836 1933 Thomam,
858 1858 1060 1933 Michaelem,
1080 1860 1232 1928 Gauda„

82 1981 88 1989 ·
180 1967 255 2042 lem,
275 1969 383 2031 Iouam
398 1968 438 2032 de
452 1969 586 2042 Abram,
606 1969 787 2043 Mattheum,
808 1968 922 2044 Didou,
943 1970 1232 2050 Bartholomeun,

181 2080 222 2144 Us
237 2082 277 2145 de
292 2081 371 2144 Uilla
381 2082 484 2154 Luen,
499 2081 539 2145 dc
554 2080 766 2146 destructione
782 2089 814 2144 et
828 2080 1004 2164 direptione
1018 2102 1131 2146 rerum
1145 2104 1231 2149 σαι·

180 2213 267 2268 rum,
288 2213 394 2256 coram
413 2193 584 2257 Benedicto
607 2193 699 2267 bano,
720 2192 824 2255 iudice
845 2211 864 2254 a
882 2211 955 2275 rege
971 2192 1133 2275 delegato.
1163 2197 1230 2279 qni

181 2323 303 2369 summa
320 2304 426 2367 damni
441 2312 635 2387 computata,
657 2311 689 2366 et
701 2303 734 2366 in
748 2302 955 2386 quadraginta
969 2303 1082 2368 marcis
1098 2309 1229 2372 comti-

180 2423 264 2491 tuta,
285 2413 369 2481 misit
382 2425 548 2498 utramque
563 2425 684 2498 partem
699 2415 886 2478 Uaradinum
909 2417 950 2481 ad
968 2416 1120 2480 iudicium
1136 2417 1227 2485 terri

181 2527 353 2600 candentis,
374 2548 433 2609 per
447 2527 630 2608 pristaldum
646 2525 772 2589 nomine
787 2525 874 2588 Gurk
889 2527 928 2588 de
943 2524 1016 2588 uilla
1032 2525 1127 2589 Chaa.
1152 2549 1225 2614 que

178 2659 236 2703 sex
256 2639 296 2700 de
318 2638 523 2712 aduersariis,
545 2639 664 2702 scilicet
685 2639 804 2711 Pousa,
831 2637 992 2709 Matthias,
1014 2639 1132 2713 Toma,
1158 2641 1223 2704 nti-

180 2746 285 2820 clrai‘sl,
307 2747 447 2821 Gabriel,
470 2757 500 2809 et
514 2748 606 2809 lonas
621 2747 803 2821 uenientes,
825 2757 1041 2811 conuenerunt
1063 2748 1144 2810 dare
1160 2751 1221 2814 ad·

181 2857 321 2920 uersario
341 2876 414 2929 suo,
435 2855 552 2919 scilicet
573 2858 696 2920 Scuche
716 2867 852 2941 quatuor
872 2878 994 2923 marcas
1013 2859 1140 2922 fertone
1159 2861 1220 2924 mi-

181 2988 251 3043 nus,
273 2987 309 3031 ac
323 2967 504 3029 satisfacere
519 2968 624 3030 iudici.
655 2968 703 3030 ius
718 2977 823 3032 autem
838 2968 978 3051 pristaldi
993 2969 1118 3032 Scuclra
1135 2972 1218 3036 dara

138 3056 140 3063 Ι
180 3090 351 3147 teneretur.
380 3078 430 3141 alii
453 3089 557 3142 autem
572 3087 708 3161 quatuor
723 3081 762 3142 de
782 3081 971 3143 aduersariis
994 3099 1057 3141 non
1082 3100 1217 3166 comps·

181 3200 324 3266 ruerunt,
346 3210 425 3273 quos
448 3190 625 3253 nominatus
647 3189 756 3263 iudex,
779 3200 813 3254 ut
831 3191 998 3272 pristaldos
1019 3191 1111 3265 dixit,
1136 3212 1216 3256 con·

181 3301 356 3376 demnauit,
377 3309 408 3363 et
420 3319 478 3383 pro
494 3300 708 3363 condemnatis
722 3301 816 3362 scribi
832 3301 980 3382 precepit.

262 3413 327 3496 (ld)
349 3412 638 3495 Comprouinciales
662 3413 738 3475 noui
762 3412 872 3484 castri,
898 3420 930 3474 et
952 3413 1065 3474 horum
1087 3414 1214 3495 specia-

180 3526 251 3590 liter
264 3525 427 3588 Teutonici
443 3525 481 3586 de
494 3523 672 3595 Felnemet,
694 3523 813 3586 scilicet
827 3523 977 3596 Michael,
998 3524 1097 3585 lalon
1112 3533 1148 3588 et
1162 3525 1214 3590 alii

180 3635 347 3716 impeoiere
362 3634 505 3697 homines
520 3633 637 3715 Saphin
657 3642 689 3696 ct
703 3633 847 3696 Ethened
862 3635 901 3696 de
916 3635 990 3696 uilla
1005 3635 1131 3708 Kuzla,
1153 3637 1214 3700 sci·

180 3742 254 3806 licet
267 3744 413 3819 Paulum,
435 3745 588 3818 Zalduba,
609 3743 711 3816 Sune,
734 3744 944 3827 Stephanum,
966 3744 1123 3819 Buchusi,
1151 3749 1215 3811 To·

182 3874 277 3929 mam,
299 3856 419 3929 Rasun,
439 3857 588 3929 Banlum,
608 3855 714 3930 uera,
735 3856 935 3930 Michaelem,
955 3857 1092 3931 Budam,
1107 3858 1215 3933 llilos,

180 3963 437 4040 Buldus,1)onlr,
458 3967 741 4052 Obusletllerye,
764 3969 804 4032 de
818 3968 911 4042 furto,
932 3967 1088 4032 iudicibus
1099 3968 1216 4035 Banko

182 4086 215 4144 et
227 4077 398 4144 Benedicto
414 4079 589 4154 comitibus,
610 4081 761 4165 pristaldo
777 4081 883 4163 Ugrun
906 4082 945 4144 de
962 4079 1036 4144 uilla
1049 4080 1124 4163 Sap.
1153 4082 1217 4148 lla-

183 4191 285 4264 tadini
298 4190 393 4272 Paul,
414 4187 566 4267 zanua,
587 4191 682 4270 Sune,
705 4194 894 4282 Stephanus,
913 4193 1062 4271 Buchuk,
1085 4195 1219 4278 loma,
