2798 4764
175 354 242 421 Μ
348 370 383 418 rr.
395 368 525 418 rossan
544 364 875 416 muneraremur
894 344 1030 431 (Μ).

176 532 297 591 tantum
319 526 352 588 in
372 522 458 587 curia
478 523 679 595 tenebantur,
698 530 734 584 ut
752 540 853 603 equos
874 529 907 585 et
920 538 971 583 res
986 519 1064 583 alias
1079 539 1137 600 pro
1152 539 1209 584 ex·
1228 512 1243 537 ⁹

178 638 286 722 pensis
304 637 484 719 expendere
507 642 706 717 cogerentur,
728 643 760 697 et
779 633 945 696 multocies
966 651 1032 694 non
1051 632 1209 714 expeditis

179 750 319 834 negociis
333 750 536 812 recedebant.
556 767 630 810 narn
644 745 840 819 cancellarii,
853 753 888 807 ut
901 745 1062 819 dicebant,
1088 762 1145 826 pro
1159 764 1210 820 so,

93 845 96 858 ¹
180 863 266 945 quod
285 861 344 923 nisi
366 880 424 943 per
441 860 528 942 ipsos
545 858 715 939 requisitos
734 858 802 939 regi
816 857 904 939 loqui
917 864 1082 938 poterent,
1104 856 1211 937 depri-

143 1042 150 1073 ,
179 974 309 1037 mebant
322 981 356 1035 et
368 972 577 1036 sublenabent
591 969 724 1053 aliquos,
745 978 781 1032 ut
794 967 954 1032 uolebant
978 975 1109 1050 propter
1123 968 1210 1050 quod

179 1084 251 1148 illos
274 1104 349 1149 suos
369 1102 462 1166 reges
484 1100 555 1145 esse
577 1080 766 1164 generaliter
785 1089 816 1143 et
836 1081 961 1163 publice
982 1080 1161 1143 fatebantur
1179 1088 1213 1144 et

180 1196 290 1280 regem
305 1196 400 1258 alium
415 1214 479 1259 non
492 1195 612 1258 bebere
626 1213 660 1257 se
676 1194 832 1256 dicebant.

265 1419 310 1503 (t)
334 1422 378 1483 De
390 1423 492 1502 petato
507 1421 569 1481 odit
583 1438 684 1481 como.
728 1418 798 1481 Hoc
815 1417 901 1480 eliud
915 1416 1103 1490 referebant,
1124 1417 1212 1498 quod

183 1540 290 1615 preter
303 1531 355 1595 uel
371 1539 480 1594 contre
492 1549 603 1593 eorum
618 1528 802 1603 consilium,
823 1528 909 1592 etad
924 1529 1162 1610 depressionem
1179 1538 1213 1591 et

183 1644 400 1707 confusionem
416 1662 538 1717 eorum,
553 1641 709 1704 Cumanos
725 1642 908 1704 adduxerat.
930 1641 1015 1723 qnod
1031 1642 1157 1723 patebat
1171 1660 1210 1703 ex

184 1774 233 1829 eo,
250 1754 325 1838 quia
339 1755 466 1837 quando
480 1755 539 1836 ipsi
554 1754 657 1817 noceti
670 1754 724 1816 uel
739 1772 802 1816 non
817 1754 918 1816 uocati
934 1750 973 1815 ad
989 1752 1107 1815 curiam
1122 1772 1212 1815 acce·

185 1865 311 1938 debent,
323 1864 445 1946 copiam
455 1864 586 1928 uidendi
597 1883 705 1946 regem
715 1884 780 1928 non
791 1864 957 1938 habebant,
971 1863 1032 1926 nisi
1042 1884 1061 1928 e
1071 1863 1213 1938 remotis,

185 1983 218 2041 et
226 1976 271 2038 illi
282 1976 382 2038 solum
398 1996 455 2058 per
464 1976 669 2059 interpretem
684 1976 835 2058 loquendi
848 1976 1008 2039 habebant
1022 1975 1213 2038 tenultatem.

186 2092 218 2151 et
230 2088 257 2152 si
271 2085 418 2151 minimus
432 2087 590 2151 Comaous
605 2088 782 2162 accederet,
804 2088 907 2151 statim
923 2095 957 2149 ut
970 2087 1098 2168 patebat
1111 2086 1213 2148 editus

184 2199 321 2264 intrabat
333 2208 366 2263 et
374 2200 531 2262 Comenos
543 2208 604 2262 tam
618 2199 652 2261 in
666 2199 858 2262 sessionibus
869 2217 964 2281 qnam
976 2197 1126 2271 consiliis,
1140 2197 1213 2260 etin

185 2312 331 2377 omnibns
344 2312 500 2394 ilungaris
514 2307 705 2393 preferebat.
725 2311 953 2394 propterquod
969 2318 1054 2372 tanta
1067 2308 1219 2392 indigne-

185 2425 235 2487 cio
249 2432 318 2488 erat
330 2424 387 2498 eis,
408 2432 443 2488 ut
456 2423 510 2487 uix
525 2430 653 2506 possent
666 2424 822 2498 tolerare,
843 2432 876 2487 et
888 2421 962 2485 licet
975 2440 1040 2485 non
1054 2421 1214 2502 exprime·

184 2546 264 2609 rent,
279 2536 319 2598 ad
333 2537 436 2618 ipsum
450 2545 555 2599 tamen
568 2536 686 2598 bunum
702 2554 757 2598 cor
767 2544 800 2599 et
813 2534 951 2597 animum
964 2553 1029 2596 non
1045 2532 1214 2606 hebebant,

185 2666 246 2710 nec
260 2666 318 2729 pro
334 2647 403 2730 ipso
419 2649 505 2730 pacis
519 2647 649 2709 consilia
663 2647 850 2730 cogitabant.

268 2868 315 2951 (8)
336 2871 380 2934 Dr
396 2874 582 2952 resposstoss
603 2872 644 2933 od
662 2874 793 2953 primm
813 2872 874 2933 odii
893 2891 1024 2934 musam.
1061 2872 1213 2934 Fautores

187 2989 290 3045 antem
310 2991 340 3046 et
358 2983 502 3046 fauentes
519 2983 605 3066 regi,
625 2983 795 3047 iustillcare
809 2984 911 3066 ipsum
925 2984 961 3046 in
974 2985 1119 3046 omnibns
1133 2983 1215 3046 nito·

184 3090 307 3165 bantur,
319 3093 365 3154 sic
376 3094 417 3156 ad
431 3094 654 3175 premissorum
669 3095 792 3179 singula
805 3096 1045 3178 respondentes.
1066 3094 1213 3158 Comanis

184 3202 381 3278 introductis,
401 3223 472 3267 curn
492 3224 550 3288 per
564 3205 627 3270 lide
649 3208 761 3290 dignos
782 3209 823 3271 ed
836 3208 920 3290 regis
936 3211 1085 3273 noticiam
1100 3226 1214 3290 perue-

184 3314 292 3387 nisset,
305 3317 392 3398 quud
403 3317 625 3398 perComanos
634 3318 776 3403 ilungari
791 3330 1000 3403 grauarentur
1010 3320 1213 3404 principibus,

186 3428 367 3502 baronibus,
389 3427 564 3504 comitibus,
585 3439 617 3492 ct
630 3432 768 3496 comanis
783 3435 939 3509 omnibus,
961 3435 1042 3496 circa
1056 3440 1213 3494 monaste·

186 3539 268 3602 rium
291 3541 332 3603 de
345 3542 425 3603 lieu
442 3539 525 3603 circe
538 3541 657 3604 ‘ficiam
678 3546 877 3621 conuocatis,
897 3546 1129 3610 deliberacione
1144 3541 1213 3605 dili-

187 3649 290 3732 genti,
310 3651 468 3713 communi
481 3651 615 3714 consilio
628 3662 677 3717 est
689 3657 842 3719 sancitum
856 3658 941 3739 qnod
962 3655 1085 3718 nobiles
1100 3653 1213 3714 Coma·

187 3778 299 3821 norum
321 3778 393 3821 cum
420 3760 485 3823 suis
513 3761 638 3824 famulis
662 3764 787 3826 diuisim
811 3764 1028 3847 persingulas
1050 3762 1212 3844 linoges-ie

185 3869 364 3952 prouincias
379 3869 586 3948 mitterentur,
601 3882 633 3937 et
645 3892 768 3937 moran
782 3874 912 3955 quilibet
926 3875 958 3936 in
973 3874 1135 3957 pmuincia
1149 3884 1215 3939 tra·

184 3979 277 4045 beret
296 3980 356 4045 sibi
377 3984 552 4066 assignate,
572 3985 669 4048 etita
688 3984 762 4047 cum
785 3984 873 4047 multi
892 3984 986 4049 simul
1006 4006 1071 4050 non
1090 3996 1213 4063 essent,

187 4111 358 4175 grauamen
377 4094 496 4159 inferre
515 4095 674 4179 ilungaris
694 4114 759 4159 non
776 4093 929 4160 ualerent.
957 4091 990 4161 et
1007 4099 1033 4161 si
1045 4092 1212 4163 ‘Comanus

186 4202 386 4295 llanparum,
404 4207 459 4273 uel
475 4204 647 4293 ttonpms
659 4205 835 4283 Commu
855 4208 1050 4290 offenderet,
1070 4212 1214 4294 comites,
