<?xml version="1.0" encoding="UTF-8"?>
<!DOCTYPE html PUBLIC "-//W3C//DTD XHTML 1.0 Transitional//EN"
    "http://www.w3.org/TR/xhtml1/DTD/xhtml1-transitional.dtd">
<html xmlns="http://www.w3.org/1999/xhtml" xml:lang="en" lang="en">
 <head>
  <title>
</title>
<meta http-equiv="Content-Type" content="text/html;charset=utf-8" />
  <meta name='ocr-system' content='tesseract 3.04.00' />
  <meta name='ocr-capabilities' content='ocr_page ocr_carea ocr_par ocr_line ocrx_word'/>
</head>
<body>
  <div class='ocr_page' id='page_1' title='image "./rerumhungaricar00endlgoog/rerumhungaricar00endlgoog_0504.png"; bbox 0 0 2798 4764; ppageno 0'>
   <div class='ocr_carea' id='block_1_1' title="bbox 283 341 1202 413">
    <p class='ocr_par' dir='ltr' id='par_1_1' title="bbox 283 341 1202 413">
     <span class='ocr_line' id='line_1_1' title="bbox 283 341 1202 413; baseline 0.01 -9"><span class='ocrx_word' id='word_1_1' title='bbox 283 354 370 409; x_wconf 73' lang='grc' dir='ltr'><strong>ιω</strong></span> <span class='ocrx_word' id='word_1_2' title='bbox 387 358 430 405; x_wconf 81' lang='lat' dir='ltr'><strong>rr.</strong></span> <span class='ocrx_word' id='word_1_3' title='bbox 450 357 540 405; x_wconf 73' lang='lat' dir='ltr'><strong>roais</strong></span> <span class='ocrx_word' id='word_1_4' title='bbox 561 358 664 407; x_wconf 78' lang='lat' dir='ltr'><strong>rom</strong></span> <span class='ocrx_word' id='word_1_5' title='bbox 686 358 810 407; x_wconf 79' lang='lat' dir='ltr'><strong>annon</strong></span> <span class='ocrx_word' id='word_1_6' title='bbox 830 361 864 409; x_wconf 88' lang='lat' dir='ltr'><strong>nr</strong></span> <span class='ocrx_word' id='word_1_7' title='bbox 880 357 973 411; x_wconf 75' lang='lat' dir='ltr'><strong>mr.</strong></span> <span class='ocrx_word' id='word_1_8' title='bbox 1001 342 1092 413; x_wconf 69' lang='lat' dir='ltr'><strong>tus</strong></span> <span class='ocrx_word' id='word_1_9' title='bbox 1139 341 1202 412; x_wconf 67' lang='lat'><strong>¹⁵⁹⁸</strong></span> 
     </span>
    </p>
   </div>
   <div class='ocr_carea' id='block_1_2' title="bbox 174 515 1202 1271">
    <p class='ocr_par' dir='ltr' id='par_1_2' title="bbox 174 515 1202 1157">
     <span class='ocr_line' id='line_1_2' title="bbox 176 515 1201 600; baseline 0.004 -23"><span class='ocrx_word' id='word_1_10' title='bbox 176 534 262 577; x_wconf 87' lang='lat' dir='ltr'><strong>masa</strong></span> <span class='ocrx_word' id='word_1_11' title='bbox 283 515 404 589; x_wconf 88' lang='lat' dir='ltr'><strong>dicitur,</strong></span> <span class='ocrx_word' id='word_1_12' title='bbox 425 515 479 597; x_wconf 88' lang='lat' dir='ltr'><strong>qui</strong></span> <span class='ocrx_word' id='word_1_13' title='bbox 503 516 612 578; x_wconf 81' lang='lat' dir='ltr'><strong>uendit</strong></span> <span class='ocrx_word' id='word_1_14' title='bbox 636 516 716 578; x_wconf 86' lang='lat' dir='ltr'><strong>duos</strong></span> <span class='ocrx_word' id='word_1_15' title='bbox 738 515 901 590; x_wconf 87' lang='lat' dir='ltr'><strong>denarios,</strong></span> <span class='ocrx_word' id='word_1_16' title='bbox 931 515 1074 580; x_wconf 85' lang='lat' dir='ltr'><strong>similiter</strong></span> <span class='ocrx_word' id='word_1_17' title='bbox 1093 524 1126 581; x_wconf 91' lang='lat' dir='ltr'><strong>et</strong></span> <span class='ocrx_word' id='word_1_18' title='bbox 1145 515 1201 600; x_wconf 71' lang='grc' dir='ltr'><strong>(μὶ</strong></span> 
     </span>
     <span class='ocr_line' id='line_1_3' title="bbox 175 627 1202 711; baseline 0.003 -21"><span class='ocrx_word' id='word_1_19' title='bbox 175 628 259 690; x_wconf 80' lang='lat' dir='ltr'><strong>emit</strong></span> <span class='ocrx_word' id='word_1_20' title='bbox 281 628 321 691; x_wconf 89' lang='lat' dir='ltr'><strong>de</strong></span> <span class='ocrx_word' id='word_1_21' title='bbox 342 647 489 690; x_wconf 86' lang='lat' dir='ltr'><strong>mensura</strong></span> <span class='ocrx_word' id='word_1_22' title='bbox 512 649 588 689; x_wconf 86' lang='lat' dir='ltr'><strong>uero</strong></span> <span class='ocrx_word' id='word_1_23' title='bbox 611 649 688 708; x_wconf 91' lang='lat' dir='ltr'><strong>pure</strong></span> <span class='ocrx_word' id='word_1_24' title='bbox 707 646 796 703; x_wconf 88' lang='lat' dir='ltr'><strong>cere,</strong></span> <span class='ocrx_word' id='word_1_25' title='bbox 817 627 872 711; x_wconf 92' lang='lat' dir='ltr'><strong>qui</strong></span> <span class='ocrx_word' id='word_1_26' title='bbox 887 629 995 692; x_wconf 89' lang='lat' dir='ltr'><strong>uendit</strong></span> <span class='ocrx_word' id='word_1_27' title='bbox 1010 629 1089 692; x_wconf 87' lang='lat' dir='ltr'><strong>duos</strong></span> <span class='ocrx_word' id='word_1_28' title='bbox 1103 628 1202 693; x_wconf 68' lang='lat' dir='ltr'><strong>deun·</strong></span> 
     </span>
     <span class='ocr_line' id='line_1_4' title="bbox 174 737 1201 822; baseline 0.004 -21"><span class='ocrx_word' id='word_1_29' title='bbox 174 739 248 812; x_wconf 90' lang='lat' dir='ltr'><strong>rios,</strong></span> <span class='ocrx_word' id='word_1_30' title='bbox 269 737 411 801; x_wconf 85' lang='lat' dir='ltr'><strong>similiter</strong></span> <span class='ocrx_word' id='word_1_31' title='bbox 430 747 461 800; x_wconf 87' lang='lat' dir='ltr'><strong>et</strong></span> <span class='ocrx_word' id='word_1_32' title='bbox 481 737 537 818; x_wconf 87' lang='lat' dir='ltr'><strong>qui</strong></span> <span class='ocrx_word' id='word_1_33' title='bbox 558 740 644 802; x_wconf 68' lang='lat' dir='ltr'><strong>emit,</strong></span> <span class='ocrx_word' id='word_1_34' title='bbox 665 740 739 802; x_wconf 90' lang='lat' dir='ltr'><strong>item</strong></span> <span class='ocrx_word' id='word_1_35' title='bbox 762 740 801 803; x_wconf 88' lang='lat' dir='ltr'><strong>de</strong></span> <span class='ocrx_word' id='word_1_36' title='bbox 825 757 973 803; x_wconf 84' lang='lat' dir='ltr'><strong>mensura</strong></span> <span class='ocrx_word' id='word_1_37' title='bbox 994 741 1095 814; x_wconf 87' lang='lat' dir='ltr'><strong>aerei,</strong></span> <span class='ocrx_word' id='word_1_38' title='bbox 1115 739 1201 822; x_wconf 78' lang='lat' dir='ltr'><strong>quod</strong></span> 
     </span>
     <span class='ocr_line' id='line_1_5' title="bbox 175 850 1202 932; baseline 0.007 -20"><span class='ocrx_word' id='word_1_39' title='bbox 175 850 270 931; x_wconf 81' lang='lat' dir='ltr'><strong>rrrrigo</strong></span> <span class='ocrx_word' id='word_1_40' title='bbox 289 869 374 912; x_wconf 88' lang='lat' dir='ltr'><strong>masa</strong></span> <span class='ocrx_word' id='word_1_41' title='bbox 392 850 513 925; x_wconf 87' lang='lat' dir='ltr'><strong>dicitur,</strong></span> <span class='ocrx_word' id='word_1_42' title='bbox 535 850 589 932; x_wconf 92' lang='lat' dir='ltr'><strong>qui</strong></span> <span class='ocrx_word' id='word_1_43' title='bbox 612 851 721 914; x_wconf 89' lang='lat' dir='ltr'><strong>uendit</strong></span> <span class='ocrx_word' id='word_1_44' title='bbox 740 872 838 914; x_wconf 89' lang='lat' dir='ltr'><strong>unum</strong></span> <span class='ocrx_word' id='word_1_45' title='bbox 859 853 1040 926; x_wconf 86' lang='lat' dir='ltr'><strong>denarium,</strong></span> <span class='ocrx_word' id='word_1_46' title='bbox 1060 850 1202 919; x_wconf 80' lang='lat' dir='ltr'><strong>similiter</strong></span> 
     </span>
     <span class='ocr_line' id='line_1_6' title="bbox 174 962 1201 1047; baseline -0.001 -21"><span class='ocrx_word' id='word_1_47' title='bbox 174 963 274 1044; x_wconf 85' lang='lat' dir='ltr'><strong>etqui</strong></span> <span class='ocrx_word' id='word_1_48' title='bbox 288 963 374 1024; x_wconf 88' lang='lat' dir='ltr'><strong>emit.</strong></span> <span class='ocrx_word' id='word_1_49' title='bbox 403 963 478 1025; x_wconf 90' lang='lat' dir='ltr'><strong>item</strong></span> <span class='ocrx_word' id='word_1_50' title='bbox 493 963 532 1025; x_wconf 91' lang='lat' dir='ltr'><strong>de</strong></span> <span class='ocrx_word' id='word_1_51' title='bbox 547 983 693 1024; x_wconf 86' lang='lat' dir='ltr'><strong>mensura</strong></span> <span class='ocrx_word' id='word_1_52' title='bbox 709 962 843 1045; x_wconf 82' lang='lat' dir='ltr'><strong>plumbi,</strong></span> <span class='ocrx_word' id='word_1_53' title='bbox 863 964 951 1038; x_wconf 80' lang='lat' dir='ltr'><strong>ferri,</strong></span> <span class='ocrx_word' id='word_1_54' title='bbox 972 965 1070 1045; x_wconf 88' lang='lat' dir='ltr'><strong>cupri,</strong></span> <span class='ocrx_word' id='word_1_55' title='bbox 1091 981 1201 1047; x_wconf 73' lang='lat' dir='ltr'><strong>supru-</strong></span> 
     </span>
     <span class='ocr_line' id='line_1_7' title="bbox 174 1074 892 1157; baseline -0.003 -19"><span class='ocrx_word' id='word_1_56' title='bbox 174 1077 259 1138; x_wconf 85' lang='lat' dir='ltr'><strong>dicto</strong></span> <span class='ocrx_word' id='word_1_57' title='bbox 275 1075 368 1137; x_wconf 88' lang='lat' dir='ltr'><strong>modo</strong></span> <span class='ocrx_word' id='word_1_58' title='bbox 384 1074 532 1137; x_wconf 88' lang='lat' dir='ltr'><strong>tributum</strong></span> <span class='ocrx_word' id='word_1_59' title='bbox 547 1094 676 1137; x_wconf 88' lang='lat' dir='ltr'><strong>censum</strong></span> <span class='ocrx_word' id='word_1_60' title='bbox 692 1075 892 1157; x_wconf 76' lang='lat' dir='ltr'><strong>exigendum.</strong></span> 
     </span>
    </p>

    <p class='ocr_par' dir='ltr' id='par_1_3' title="bbox 259 1184 1202 1271">
     <span class='ocr_line' id='line_1_8' title="bbox 259 1184 1202 1271; baseline 0.003 -24"><span class='ocrx_word' id='word_1_61' title='bbox 259 1189 337 1262; x_wconf 87' lang='lat'>(11)</span> <span class='ocrx_word' id='word_1_62' title='bbox 359 1184 505 1249; x_wconf 82' lang='lat' dir='ltr'><strong>Ceterum</strong></span> <span class='ocrx_word' id='word_1_63' title='bbox 527 1187 553 1248; x_wconf 90' lang='lat' dir='ltr'><strong>si</strong></span> <span class='ocrx_word' id='word_1_64' title='bbox 571 1195 727 1249; x_wconf 90' lang='lat' dir='ltr'><strong>mercator</strong></span> <span class='ocrx_word' id='word_1_65' title='bbox 745 1207 808 1249; x_wconf 89' lang='lat' dir='ltr'><strong>nou</strong></span> <span class='ocrx_word' id='word_1_66' title='bbox 824 1187 963 1251; x_wconf 82' lang='lat' dir='ltr'><strong>deterret</strong></span> <span class='ocrx_word' id='word_1_67' title='bbox 981 1187 1102 1271; x_wconf 81' lang='lat' dir='ltr'><strong>aliquas</strong></span> <span class='ocrx_word' id='word_1_68' title='bbox 1119 1205 1202 1250; x_wconf 84' lang='lat' dir='ltr'><strong>mer·</strong></span> 
     </span>
    </p>
   </div>
   <div class='ocr_carea' id='block_1_3' title="bbox 173 1298 1246 4149">
    <p class='ocr_par' dir='ltr' id='par_1_4' title="bbox 173 1298 1204 1716">
     <span class='ocr_line' id='line_1_9' title="bbox 177 1298 1202 1380; baseline 0.002 -20"><span class='ocrx_word' id='word_1_69' title='bbox 177 1320 240 1372; x_wconf 87' lang='lat' dir='ltr'><strong>ces,</strong></span> <span class='ocrx_word' id='word_1_70' title='bbox 253 1298 312 1360; x_wconf 91' lang='lat' dir='ltr'><strong>nisi</strong></span> <span class='ocrx_word' id='word_1_71' title='bbox 327 1306 505 1379; x_wconf 85' lang='lat' dir='ltr'><strong>argentum,</strong></span> <span class='ocrx_word' id='word_1_72' title='bbox 519 1298 559 1359; x_wconf 90' lang='lat' dir='ltr'><strong>de</strong></span> <span class='ocrx_word' id='word_1_73' title='bbox 575 1298 713 1380; x_wconf 88' lang='lat' dir='ltr'><strong>quinque</strong></span> <span class='ocrx_word' id='word_1_74' title='bbox 729 1298 842 1360; x_wconf 85' lang='lat' dir='ltr'><strong>marcis</strong></span> <span class='ocrx_word' id='word_1_75' title='bbox 857 1298 952 1361; x_wconf 88' lang='lat' dir='ltr'><strong>debet</strong></span> <span class='ocrx_word' id='word_1_76' title='bbox 964 1299 1089 1362; x_wconf 83' lang='lat' dir='ltr'><strong>soluere</strong></span> <span class='ocrx_word' id='word_1_77' title='bbox 1104 1317 1202 1362; x_wconf 87' lang='lat' dir='ltr'><strong>uuum</strong></span> 
     </span>
     <span class='ocr_line' id='line_1_10' title="bbox 176 1409 1204 1493; baseline 0.002 -21"><span class='ocrx_word' id='word_1_78' title='bbox 176 1411 316 1493; x_wconf 90' lang='lat' dir='ltr'><strong>pondos,</strong></span> <span class='ocrx_word' id='word_1_79' title='bbox 343 1410 516 1471; x_wconf 89' lang='lat' dir='ltr'><strong>secundum</strong></span> <span class='ocrx_word' id='word_1_80' title='bbox 539 1410 624 1490; x_wconf 90' lang='lat' dir='ltr'><strong>quod</strong></span> <span class='ocrx_word' id='word_1_81' title='bbox 644 1411 676 1472; x_wconf 93' lang='lat' dir='ltr'><strong>in</strong></span> <span class='ocrx_word' id='word_1_82' title='bbox 698 1421 828 1493; x_wconf 79' lang='lat' dir='ltr'><strong>urgento</strong></span> <span class='ocrx_word' id='word_1_83' title='bbox 852 1409 904 1474; x_wconf 91' lang='lat' dir='ltr'><strong>uel</strong></span> <span class='ocrx_word' id='word_1_84' title='bbox 928 1420 1055 1473; x_wconf 91' lang='lat' dir='ltr'><strong>moneta</strong></span> <span class='ocrx_word' id='word_1_85' title='bbox 1076 1410 1204 1476; x_wconf 80' lang='lat' dir='ltr'><strong>habebit</strong></span> 
     </span>
     <span class='ocr_line' id='line_1_11' title="bbox 176 1521 1202 1605; baseline 0 -21"><span class='ocrx_word' id='word_1_86' title='bbox 176 1522 245 1604; x_wconf 88' lang='lat' dir='ltr'><strong>pius</strong></span> <span class='ocrx_word' id='word_1_87' title='bbox 267 1521 318 1583; x_wconf 87' lang='lat' dir='ltr'><strong>uel</strong></span> <span class='ocrx_word' id='word_1_88' title='bbox 341 1521 454 1582; x_wconf 92' lang='lat' dir='ltr'><strong>minus.</strong></span> <span class='ocrx_word' id='word_1_89' title='bbox 484 1521 509 1582; x_wconf 91' lang='lat' dir='ltr'><strong>si</strong></span> <span class='ocrx_word' id='word_1_90' title='bbox 530 1529 635 1583; x_wconf 86' lang='lat' dir='ltr'><strong>nutem</strong></span> <span class='ocrx_word' id='word_1_91' title='bbox 656 1521 774 1584; x_wconf 89' lang='lat' dir='ltr'><strong>habere</strong></span> <span class='ocrx_word' id='word_1_92' title='bbox 788 1542 823 1584; x_wconf 90' lang='lat' dir='ltr'><strong>se</strong></span> <span class='ocrx_word' id='word_1_93' title='bbox 839 1522 1002 1602; x_wconf 80' lang='lat' dir='ltr'><strong>negauerit</strong></span> <span class='ocrx_word' id='word_1_94' title='bbox 1019 1531 1202 1605; x_wconf 80' lang='lat' dir='ltr'><strong>argentum,</strong></span> 
     </span>
     <span class='ocr_line' id='line_1_12' title="bbox 173 1632 917 1716; baseline 0.003 -21"><span class='ocrx_word' id='word_1_95' title='bbox 173 1634 319 1716; x_wconf 81' lang='lat' dir='ltr'><strong>purgabit</strong></span> <span class='ocrx_word' id='word_1_96' title='bbox 334 1654 367 1695; x_wconf 89' lang='lat' dir='ltr'><strong>se</strong></span> <span class='ocrx_word' id='word_1_97' title='bbox 382 1652 440 1695; x_wconf 91' lang='lat' dir='ltr'><strong>suo</strong></span> <span class='ocrx_word' id='word_1_98' title='bbox 456 1639 488 1694; x_wconf 92' lang='lat' dir='ltr'><strong>et</strong></span> <span class='ocrx_word' id='word_1_99' title='bbox 502 1632 549 1694; x_wconf 91' lang='lat' dir='ltr'><strong>sui</strong></span> <span class='ocrx_word' id='word_1_100' title='bbox 563 1632 694 1714; x_wconf 87' lang='lat' dir='ltr'><strong>hospitis</strong></span> <span class='ocrx_word' id='word_1_101' title='bbox 709 1642 917 1697; x_wconf 87' lang='lat' dir='ltr'><strong>sacramento.</strong></span> 
     </span>
    </p>

    <p class='ocr_par' dir='ltr' id='par_1_5' title="bbox 173 1744 1246 2700">
     <span class='ocr_line' id='line_1_13' title="bbox 256 1744 1202 1827; baseline 0.002 -19"><span class='ocrx_word' id='word_1_102' title='bbox 256 1748 339 1820; x_wconf 76' lang='lat'>(12)</span> <span class='ocrx_word' id='word_1_103' title='bbox 360 1746 437 1808; x_wconf 83' lang='lat' dir='ltr'><strong>{tem</strong></span> <span class='ocrx_word' id='word_1_104' title='bbox 452 1744 616 1808; x_wconf 73' lang='lat' dir='ltr'><strong>statuimus</strong></span> <span class='ocrx_word' id='word_1_105' title='bbox 631 1746 814 1809; x_wconf 89' lang='lat' dir='ltr'><strong>nominatim</strong></span> <span class='ocrx_word' id='word_1_106' title='bbox 831 1746 1073 1827; x_wconf 76' lang='lat' dir='ltr'><strong>strigonienses,</strong></span> <span class='ocrx_word' id='word_1_107' title='bbox 1087 1745 1202 1811; x_wconf 79' lang='lat' dir='ltr'><strong>Alben-</strong></span> 
     </span>
     <span class='ocr_line' id='line_1_14' title="bbox 173 1857 1202 1938; baseline -0.001 -17"><span class='ocrx_word' id='word_1_108' title='bbox 173 1879 239 1932; x_wconf 89' lang='lat' dir='ltr'><strong>ses,</strong></span> <span class='ocrx_word' id='word_1_109' title='bbox 261 1866 292 1920; x_wconf 90' lang='lat' dir='ltr'><strong>et</strong></span> <span class='ocrx_word' id='word_1_110' title='bbox 306 1857 448 1918; x_wconf 89' lang='lat' dir='ltr'><strong>breuiter</strong></span> <span class='ocrx_word' id='word_1_111' title='bbox 462 1877 587 1930; x_wconf 90' lang='lat' dir='ltr'><strong>omnes,</strong></span> <span class='ocrx_word' id='word_1_112' title='bbox 609 1857 663 1938; x_wconf 91' lang='lat' dir='ltr'><strong>qui</strong></span> <span class='ocrx_word' id='word_1_113' title='bbox 678 1857 718 1919; x_wconf 89' lang='lat' dir='ltr'><strong>ad</strong></span> <span class='ocrx_word' id='word_1_114' title='bbox 734 1857 837 1920; x_wconf 87' lang='lat' dir='ltr'><strong>sorum</strong></span> <span class='ocrx_word' id='word_1_115' title='bbox 860 1859 1021 1921; x_wconf 80' lang='lat' dir='ltr'><strong>mercandi</strong></span> <span class='ocrx_word' id='word_1_116' title='bbox 1036 1878 1132 1924; x_wconf 80' lang='lat' dir='ltr'><strong>causa</strong></span> <span class='ocrx_word' id='word_1_117' title='bbox 1146 1877 1202 1922; x_wconf 88' lang='lat' dir='ltr'><strong>ue-</strong></span> 
     </span>
     <span class='ocr_line' id='line_1_15' title="bbox 173 1968 1202 2050; baseline 0.002 -18"><span class='ocrx_word' id='word_1_118' title='bbox 173 1970 292 2043; x_wconf 89' lang='lat' dir='ltr'><strong>nerint,</strong></span> <span class='ocrx_word' id='word_1_119' title='bbox 315 1970 353 2032; x_wconf 88' lang='lat' dir='ltr'><strong>de</strong></span> <span class='ocrx_word' id='word_1_120' title='bbox 375 1968 529 2032; x_wconf 89' lang='lat' dir='ltr'><strong>mamonis</strong></span> <span class='ocrx_word' id='word_1_121' title='bbox 549 1968 613 2030; x_wconf 89' lang='lat' dir='ltr'><strong>suis</strong></span> <span class='ocrx_word' id='word_1_122' title='bbox 635 1970 666 2030; x_wconf 89' lang='lat' dir='ltr'><strong>in</strong></span> <span class='ocrx_word' id='word_1_123' title='bbox 688 1970 868 2050; x_wconf 89' lang='lat' dir='ltr'><strong>supradicto</strong></span> <span class='ocrx_word' id='word_1_124' title='bbox 884 1970 923 2031; x_wconf 92' lang='lat' dir='ltr'><strong>ad</strong></span> <span class='ocrx_word' id='word_1_125' title='bbox 938 1969 1131 2033; x_wconf 82' lang='lat' dir='ltr'><strong>solucionem</strong></span> <span class='ocrx_word' id='word_1_126' title='bbox 1147 1970 1202 2034; x_wconf 83' lang='lat' dir='ltr'><strong>tri-</strong></span> 
     </span>
     <span class='ocr_line' id='line_1_16' title="bbox 174 2078 1203 2163; baseline 0 -19"><span class='ocrx_word' id='word_1_127' title='bbox 174 2083 240 2144; x_wconf 88' lang='lat' dir='ltr'><strong>buti</strong></span> <span class='ocrx_word' id='word_1_128' title='bbox 255 2089 430 2143; x_wconf 86' lang='lat' dir='ltr'><strong>teneantur.</strong></span> <span class='ocrx_word' id='word_1_129' title='bbox 464 2078 635 2160; x_wconf 79' lang='lat' dir='ltr'><strong>excipimus</strong></span> <span class='ocrx_word' id='word_1_130' title='bbox 651 2087 754 2142; x_wconf 91' lang='lat' dir='ltr'><strong>autem</strong></span> <span class='ocrx_word' id='word_1_131' title='bbox 771 2080 878 2141; x_wconf 81' lang='lat' dir='ltr'><strong>fabros</strong></span> <span class='ocrx_word' id='word_1_132' title='bbox 893 2088 1015 2143; x_wconf 90' lang='lat' dir='ltr'><strong>nostros</strong></span> <span class='ocrx_word' id='word_1_133' title='bbox 1030 2081 1070 2144; x_wconf 89' lang='lat' dir='ltr'><strong>de</strong></span> <span class='ocrx_word' id='word_1_134' title='bbox 1084 2082 1203 2163; x_wconf 76' lang='lat' dir='ltr'><strong>strigo·</strong></span> 
     </span>
     <span class='ocr_line' id='line_1_17' title="bbox 175 2190 1203 2273; baseline 0.001 -18"><span class='ocrx_word' id='word_1_135' title='bbox 175 2195 227 2255; x_wconf 93' lang='lat' dir='ltr'><strong>nio</strong></span> <span class='ocrx_word' id='word_1_136' title='bbox 248 2193 328 2264; x_wconf 80' lang='lat' dir='ltr'><strong>illos,</strong></span> <span class='ocrx_word' id='word_1_137' title='bbox 350 2193 402 2273; x_wconf 88' lang='lat' dir='ltr'><strong>qui</strong></span> <span class='ocrx_word' id='word_1_138' title='bbox 426 2200 566 2273; x_wconf 89' lang='lat' dir='ltr'><strong>tempore</strong></span> <span class='ocrx_word' id='word_1_139' title='bbox 588 2212 670 2253; x_wconf 88' lang='lat' dir='ltr'><strong>noue</strong></span> <span class='ocrx_word' id='word_1_140' title='bbox 692 2201 818 2253; x_wconf 88' lang='lat' dir='ltr'><strong>monete</strong></span> <span class='ocrx_word' id='word_1_141' title='bbox 833 2190 917 2253; x_wconf 88' lang='lat' dir='ltr'><strong>domi</strong></span> <span class='ocrx_word' id='word_1_142' title='bbox 935 2191 967 2252; x_wconf 90' lang='lat' dir='ltr'><strong>in</strong></span> <span class='ocrx_word' id='word_1_143' title='bbox 982 2191 1101 2254; x_wconf 82' lang='lat' dir='ltr'><strong>fabrica</strong></span> <span class='ocrx_word' id='word_1_144' title='bbox 1113 2192 1203 2256; x_wconf 83' lang='lat' dir='ltr'><strong>labo-</strong></span> 
     </span>
     <span class='ocr_line' id='line_1_18' title="bbox 175 2276 1246 2384; baseline 0.001 -18"><span class='ocrx_word' id='word_1_145' title='bbox 175 2314 302 2377; x_wconf 78' lang='lat' dir='ltr'><strong>rerunt,</strong></span> <span class='ocrx_word' id='word_1_146' title='bbox 330 2304 357 2366; x_wconf 91' lang='lat' dir='ltr'><strong>si</strong></span> <span class='ocrx_word' id='word_1_147' title='bbox 382 2324 451 2366; x_wconf 91' lang='lat' dir='ltr'><strong>cum</strong></span> <span class='ocrx_word' id='word_1_148' title='bbox 477 2324 575 2366; x_wconf 90' lang='lat' dir='ltr'><strong>uxore</strong></span> <span class='ocrx_word' id='word_1_149' title='bbox 600 2313 630 2367; x_wconf 88' lang='lat' dir='ltr'><strong>et</strong></span> <span class='ocrx_word' id='word_1_150' title='bbox 653 2303 772 2367; x_wconf 81' lang='lat' dir='ltr'><strong>familia</strong></span> <span class='ocrx_word' id='word_1_151' title='bbox 795 2320 853 2365; x_wconf 84' lang='lat' dir='ltr'><strong>sua</strong></span> <span class='ocrx_word' id='word_1_152' title='bbox 876 2303 910 2364; x_wconf 94' lang='lat' dir='ltr'><strong>in</strong></span> <span class='ocrx_word' id='word_1_153' title='bbox 931 2312 1034 2367; x_wconf 91' lang='lat' dir='ltr'><strong>castro</strong></span> <span class='ocrx_word' id='word_1_154' title='bbox 1058 2304 1203 2384; x_wconf 79' lang='lat' dir='ltr'><strong>superius</strong></span> <span class='ocrx_word' id='word_1_155' title='bbox 1239 2276 1246 2287; x_wconf 37' lang='lat'>⁸</span> 
     </span>
     <span class='ocr_line' id='line_1_19' title="bbox 176 2414 1204 2496; baseline 0 -18"><span class='ocrx_word' id='word_1_156' title='bbox 176 2415 391 2478; x_wconf 85' lang='lat' dir='ltr'><strong>morabuntur.</strong></span> <span class='ocrx_word' id='word_1_157' title='bbox 418 2434 488 2476; x_wconf 88' lang='lat' dir='ltr'><strong>eum</strong></span> <span class='ocrx_word' id='word_1_158' title='bbox 504 2423 607 2478; x_wconf 90' lang='lat' dir='ltr'><strong>antem</strong></span> <span class='ocrx_word' id='word_1_159' title='bbox 624 2417 662 2478; x_wconf 94' lang='lat' dir='ltr'><strong>ab</strong></span> <span class='ocrx_word' id='word_1_160' title='bbox 677 2435 773 2496; x_wconf 86' lang='lat' dir='ltr'><strong>opere</strong></span> <span class='ocrx_word' id='word_1_161' title='bbox 788 2414 929 2495; x_wconf 90' lang='lat' dir='ltr'><strong>predicte</strong></span> <span class='ocrx_word' id='word_1_162' title='bbox 946 2422 1072 2476; x_wconf 87' lang='lat' dir='ltr'><strong>monete</strong></span> <span class='ocrx_word' id='word_1_163' title='bbox 1086 2414 1204 2478; x_wconf 82' lang='lat' dir='ltr'><strong>tuerint</strong></span> 
     </span>
     <span class='ocr_line' id='line_1_20' title="bbox 177 2523 1204 2608; baseline 0.001 -20"><span class='ocrx_word' id='word_1_164' title='bbox 177 2526 330 2608; x_wconf 83' lang='lat' dir='ltr'><strong>expediti,</strong></span> <span class='ocrx_word' id='word_1_165' title='bbox 351 2527 524 2599; x_wconf 82' lang='lat' dir='ltr'><strong>statuimus,</strong></span> <span class='ocrx_word' id='word_1_166' title='bbox 545 2528 628 2608; x_wconf 89' lang='lat' dir='ltr'><strong>quod</strong></span> <span class='ocrx_word' id='word_1_167' title='bbox 652 2528 691 2590; x_wconf 88' lang='lat' dir='ltr'><strong>de</strong></span> <span class='ocrx_word' id='word_1_168' title='bbox 713 2525 866 2589; x_wconf 88' lang='lat' dir='ltr'><strong>mamonis</strong></span> <span class='ocrx_word' id='word_1_169' title='bbox 887 2524 952 2587; x_wconf 90' lang='lat' dir='ltr'><strong>suis</strong></span> <span class='ocrx_word' id='word_1_170' title='bbox 971 2523 1119 2588; x_wconf 85' lang='lat' dir='ltr'><strong>tributum</strong></span> <span class='ocrx_word' id='word_1_171' title='bbox 1139 2523 1204 2589; x_wconf 77' lang='lat' dir='ltr'><strong>rot-</strong></span> 
     </span>
     <span class='ocr_line' id='line_1_21' title="bbox 178 2637 421 2700; baseline 0 -2"><span class='ocrx_word' id='word_1_172' title='bbox 178 2646 252 2700; x_wconf 86' lang='lat' dir='ltr'><strong>uant</strong></span> <span class='ocrx_word' id='word_1_173' title='bbox 265 2637 347 2700; x_wconf 86' lang='lat' dir='ltr'><strong>sicut</strong></span> <span class='ocrx_word' id='word_1_174' title='bbox 359 2637 421 2699; x_wconf 87' lang='lat' dir='ltr'><strong>alii.</strong></span> 
     </span>
    </p>

    <p class='ocr_par' dir='ltr' id='par_1_6' title="bbox 176 2746 1205 3258">
     <span class='ocr_line' id='line_1_22' title="bbox 257 2746 1204 2831; baseline 0.003 -23"><span class='ocrx_word' id='word_1_175' title='bbox 257 2748 339 2825; x_wconf 86' lang='grc'>(13)</span> <span class='ocrx_word' id='word_1_176' title='bbox 359 2748 437 2810; x_wconf 79' lang='lat' dir='ltr'><strong>item</strong></span> <span class='ocrx_word' id='word_1_177' title='bbox 457 2748 650 2820; x_wconf 83' lang='lat' dir='ltr'><strong>censuimus,</strong></span> <span class='ocrx_word' id='word_1_178' title='bbox 683 2748 861 2831; x_wconf 87' lang='lat' dir='ltr'><strong>quicunque</strong></span> <span class='ocrx_word' id='word_1_179' title='bbox 886 2747 1039 2811; x_wconf 89' lang='lat' dir='ltr'><strong>decimam</strong></span> <span class='ocrx_word' id='word_1_180' title='bbox 1063 2746 1204 2831; x_wconf 72' lang='lat' dir='ltr'><strong>episcopi</strong></span> 
     </span>
     <span class='ocr_line' id='line_1_23' title="bbox 177 2857 1205 2941; baseline 0.003 -21"><span class='ocrx_word' id='word_1_181' title='bbox 177 2858 419 2941; x_wconf 73' lang='lat' dir='ltr'><strong>vesprimiensis</strong></span> <span class='ocrx_word' id='word_1_182' title='bbox 432 2859 554 2932; x_wconf 85' lang='lat' dir='ltr'><strong>eximit,</strong></span> <span class='ocrx_word' id='word_1_183' title='bbox 576 2860 643 2921; x_wconf 87' lang='lat' dir='ltr'><strong>siue</strong></span> <span class='ocrx_word' id='word_1_184' title='bbox 659 2859 830 2922; x_wconf 86' lang='lat' dir='ltr'><strong>decimator</strong></span> <span class='ocrx_word' id='word_1_185' title='bbox 843 2859 999 2933; x_wconf 80' lang='lat' dir='ltr'><strong>extiterit,</strong></span> <span class='ocrx_word' id='word_1_186' title='bbox 1020 2858 1150 2923; x_wconf 84' lang='lat' dir='ltr'><strong>eciamsi</strong></span> <span class='ocrx_word' id='word_1_187' title='bbox 1162 2857 1205 2923; x_wconf 78' lang='lat' dir='ltr'><strong>ut</strong></span> 
     </span>
     <span class='ocr_line' id='line_1_24' title="bbox 177 2968 1205 3043; baseline -0.002 -9"><span class='ocrx_word' id='word_1_188' title='bbox 177 2973 255 3034; x_wconf 88' lang='lat' dir='ltr'><strong>ciuis</strong></span> <span class='ocrx_word' id='word_1_189' title='bbox 279 2973 312 3033; x_wconf 90' lang='lat' dir='ltr'><strong>in</strong></span> <span class='ocrx_word' id='word_1_190' title='bbox 336 2979 439 3034; x_wconf 84' lang='lat' dir='ltr'><strong>oestro</strong></span> <span class='ocrx_word' id='word_1_191' title='bbox 463 2971 619 3043; x_wconf 89' lang='lat' dir='ltr'><strong>Pestensi,</strong></span> <span class='ocrx_word' id='word_1_192' title='bbox 649 2971 675 3032; x_wconf 90' lang='lat' dir='ltr'><strong>si</strong></span> <span class='ocrx_word' id='word_1_193' title='bbox 706 2971 814 3034; x_wconf 88' lang='lat' dir='ltr'><strong>uinum</strong></span> <span class='ocrx_word' id='word_1_194' title='bbox 839 2970 872 3032; x_wconf 92' lang='lat' dir='ltr'><strong>in</strong></span> <span class='ocrx_word' id='word_1_195' title='bbox 898 2979 1035 3034; x_wconf 83' lang='lat' dir='ltr'><strong>castrum</strong></span> <span class='ocrx_word' id='word_1_196' title='bbox 1057 2968 1205 3035; x_wconf 79' lang='lat' dir='ltr'><strong>detulerit</strong></span> 
     </span>
     <span class='ocr_line' id='line_1_25' title="bbox 176 3081 1203 3164; baseline -0.001 -17"><span class='ocrx_word' id='word_1_197' title='bbox 176 3103 271 3147; x_wconf 87' lang='lat' dir='ltr'><strong>causa</strong></span> <span class='ocrx_word' id='word_1_198' title='bbox 293 3082 469 3155; x_wconf 89' lang='lat' dir='ltr'><strong>uendendi,</strong></span> <span class='ocrx_word' id='word_1_199' title='bbox 491 3084 585 3144; x_wconf 85' lang='lat' dir='ltr'><strong>modo</strong></span> <span class='ocrx_word' id='word_1_200' title='bbox 600 3082 777 3164; x_wconf 85' lang='lat' dir='ltr'><strong>supradicto</strong></span> <span class='ocrx_word' id='word_1_201' title='bbox 799 3083 839 3145; x_wconf 90' lang='lat' dir='ltr'><strong>ad</strong></span> <span class='ocrx_word' id='word_1_202' title='bbox 855 3083 1083 3163; x_wconf 83' lang='lat' dir='ltr'><strong>prestacionem</strong></span> <span class='ocrx_word' id='word_1_203' title='bbox 1098 3081 1203 3146; x_wconf 78' lang='lat' dir='ltr'><strong>tributi</strong></span> 
     </span>
     <span class='ocr_line' id='line_1_26' title="bbox 177 3202 331 3258; baseline -0.026 -1"><span class='ocrx_word' id='word_1_204' title='bbox 177 3202 331 3258; x_wconf 88' lang='lat' dir='ltr'><strong>teneatur.</strong></span> 
     </span>
    </p>

    <p class='ocr_par' dir='ltr' id='par_1_7' title="bbox 174 3302 1204 4149">
     <span class='ocr_line' id='line_1_27' title="bbox 259 3302 1203 3386; baseline 0 -20"><span class='ocrx_word' id='word_1_205' title='bbox 259 3305 338 3378; x_wconf 71' lang='lat' dir='ltr'><strong>(ii)</strong></span> <span class='ocrx_word' id='word_1_206' title='bbox 360 3306 507 3368; x_wconf 85' lang='lat' dir='ltr'><strong>Preterea</strong></span> <span class='ocrx_word' id='word_1_207' title='bbox 530 3306 761 3378; x_wconf 85' lang='lat' dir='ltr'><strong>ordinauimus,</strong></span> <span class='ocrx_word' id='word_1_208' title='bbox 788 3305 873 3386; x_wconf 89' lang='lat' dir='ltr'><strong>quod</strong></span> <span class='ocrx_word' id='word_1_209' title='bbox 895 3306 935 3368; x_wconf 91' lang='lat' dir='ltr'><strong>de</strong></span> <span class='ocrx_word' id='word_1_210' title='bbox 954 3302 1059 3367; x_wconf 90' lang='lat' dir='ltr'><strong>carina</strong></span> <span class='ocrx_word' id='word_1_211' title='bbox 1077 3304 1203 3385; x_wconf 73' lang='lat' dir='ltr'><strong>frugum</strong></span> 
     </span>
     <span class='ocr_line' id='line_1_28' title="bbox 178 3411 1204 3497; baseline -0.001 -21"><span class='ocrx_word' id='word_1_212' title='bbox 178 3415 316 3476; x_wconf 87' lang='lat' dir='ltr'><strong>medium</strong></span> <span class='ocrx_word' id='word_1_213' title='bbox 329 3414 484 3477; x_wconf 77' lang='lat' dir='ltr'><strong>fertonem</strong></span> <span class='ocrx_word' id='word_1_214' title='bbox 499 3415 652 3497; x_wconf 88' lang='lat' dir='ltr'><strong>recipiunt</strong></span> <span class='ocrx_word' id='word_1_215' title='bbox 667 3414 830 3488; x_wconf 85' lang='lat' dir='ltr'><strong>tributarii,</strong></span> <span class='ocrx_word' id='word_1_216' title='bbox 845 3414 885 3476; x_wconf 93' lang='lat' dir='ltr'><strong>de</strong></span> <span class='ocrx_word' id='word_1_217' title='bbox 899 3412 1031 3494; x_wconf 83' lang='lat' dir='ltr'><strong>simplici</strong></span> <span class='ocrx_word' id='word_1_218' title='bbox 1043 3432 1123 3476; x_wconf 89' lang='lat' dir='ltr'><strong>naue</strong></span> <span class='ocrx_word' id='word_1_219' title='bbox 1137 3411 1204 3475; x_wconf 79' lang='lat' dir='ltr'><strong>sru-</strong></span> 
     </span>
     <span class='ocr_line' id='line_1_29' title="bbox 178 3521 1202 3608; baseline 0 -21"><span class='ocrx_word' id='word_1_220' title='bbox 178 3527 268 3606; x_wconf 74' lang='lat' dir='ltr'><strong>gibns</strong></span> <span class='ocrx_word' id='word_1_221' title='bbox 290 3534 418 3587; x_wconf 87' lang='lat' dir='ltr'><strong>onerata</strong></span> <span class='ocrx_word' id='word_1_222' title='bbox 438 3546 532 3588; x_wconf 90' lang='lat' dir='ltr'><strong>unum</strong></span> <span class='ocrx_word' id='word_1_223' title='bbox 552 3528 687 3608; x_wconf 86' lang='lat' dir='ltr'><strong>pondus.</strong></span> <span class='ocrx_word' id='word_1_224' title='bbox 715 3526 790 3587; x_wconf 91' lang='lat' dir='ltr'><strong>item</strong></span> <span class='ocrx_word' id='word_1_225' title='bbox 805 3524 845 3586; x_wconf 91' lang='lat' dir='ltr'><strong>de</strong></span> <span class='ocrx_word' id='word_1_226' title='bbox 860 3543 941 3586; x_wconf 88' lang='lat' dir='ltr'><strong>naue</strong></span> <span class='ocrx_word' id='word_1_227' title='bbox 957 3521 1089 3604; x_wconf 90' lang='lat' dir='ltr'><strong>piscium</strong></span> <span class='ocrx_word' id='word_1_228' title='bbox 1104 3542 1202 3587; x_wconf 87' lang='lat' dir='ltr'><strong>unum</strong></span> 
     </span>
     <span class='ocr_line' id='line_1_30' title="bbox 177 3635 1202 3720; baseline 0.002 -20"><span class='ocrx_word' id='word_1_229' title='bbox 177 3639 311 3720; x_wconf 88' lang='lat' dir='ltr'><strong>pondus.</strong></span> <span class='ocrx_word' id='word_1_230' title='bbox 332 3636 408 3701; x_wconf 89' lang='lat' dir='ltr'><strong>item</strong></span> <span class='ocrx_word' id='word_1_231' title='bbox 422 3640 462 3702; x_wconf 92' lang='lat' dir='ltr'><strong>de</strong></span> <span class='ocrx_word' id='word_1_232' title='bbox 477 3658 570 3700; x_wconf 89' lang='lat' dir='ltr'><strong>curru</strong></span> <span class='ocrx_word' id='word_1_233' title='bbox 592 3658 706 3720; x_wconf 79' lang='lat' dir='ltr'><strong>magno</strong></span> <span class='ocrx_word' id='word_1_234' title='bbox 722 3638 869 3719; x_wconf 91' lang='lat' dir='ltr'><strong>piscium,</strong></span> <span class='ocrx_word' id='word_1_235' title='bbox 891 3636 976 3718; x_wconf 89' lang='lat' dir='ltr'><strong>quod</strong></span> <span class='ocrx_word' id='word_1_236' title='bbox 998 3635 1093 3718; x_wconf 80' lang='lat' dir='ltr'><strong>uulgo</strong></span> <span class='ocrx_word' id='word_1_237' title='bbox 1115 3652 1202 3702; x_wconf 71' lang='lat' dir='ltr'><strong>mm</strong></span> 
     </span>
     <span class='ocr_line' id='line_1_31' title="bbox 176 3746 1201 3831; baseline 0 -20"><span class='ocrx_word' id='word_1_238' title='bbox 176 3749 306 3822; x_wconf 84' lang='lat' dir='ltr'><strong>dicitur,</strong></span> <span class='ocrx_word' id='word_1_239' title='bbox 327 3749 465 3811; x_wconf 82' lang='lat' dir='ltr'><strong>medium</strong></span> <span class='ocrx_word' id='word_1_240' title='bbox 486 3748 652 3810; x_wconf 74' lang='lat' dir='ltr'><strong>fertonem.</strong></span> <span class='ocrx_word' id='word_1_241' title='bbox 682 3748 757 3810; x_wconf 86' lang='lat' dir='ltr'><strong>item</strong></span> <span class='ocrx_word' id='word_1_242' title='bbox 779 3749 819 3809; x_wconf 91' lang='lat' dir='ltr'><strong>de</strong></span> <span class='ocrx_word' id='word_1_243' title='bbox 839 3755 925 3810; x_wconf 86' lang='lat' dir='ltr'><strong>strue</strong></span> <span class='ocrx_word' id='word_1_244' title='bbox 947 3746 1119 3830; x_wconf 83' lang='lat' dir='ltr'><strong>lignorum,</strong></span> <span class='ocrx_word' id='word_1_245' title='bbox 1145 3746 1201 3831; x_wconf 80' lang='lat' dir='ltr'><strong>qui</strong></span> 
     </span>
     <span class='ocr_line' id='line_1_32' title="bbox 176 3856 1202 3942; baseline 0 -21"><span class='ocrx_word' id='word_1_246' title='bbox 176 3860 295 3942; x_wconf 74' lang='lat' dir='ltr'><strong>regitur</strong></span> <span class='ocrx_word' id='word_1_247' title='bbox 309 3881 368 3941; x_wconf 87' lang='lat' dir='ltr'><strong>per</strong></span> <span class='ocrx_word' id='word_1_248' title='bbox 382 3861 462 3922; x_wconf 86' lang='lat' dir='ltr'><strong>duos</strong></span> <span class='ocrx_word' id='word_1_249' title='bbox 481 3878 601 3932; x_wconf 91' lang='lat' dir='ltr'><strong>remos,</strong></span> <span class='ocrx_word' id='word_1_250' title='bbox 623 3860 686 3921; x_wconf 93' lang='lat' dir='ltr'><strong>duo</strong></span> <span class='ocrx_word' id='word_1_251' title='bbox 708 3858 859 3939; x_wconf 83' lang='lat' dir='ltr'><strong>pondera.</strong></span> <span class='ocrx_word' id='word_1_252' title='bbox 886 3858 976 3921; x_wconf 83' lang='lat' dir='ltr'><strong>etsie</strong></span> <span class='ocrx_word' id='word_1_253' title='bbox 989 3859 1029 3921; x_wconf 86' lang='lat' dir='ltr'><strong>de</strong></span> <span class='ocrx_word' id='word_1_254' title='bbox 1044 3867 1130 3921; x_wconf 80' lang='lat' dir='ltr'><strong>strue</strong></span> <span class='ocrx_word' id='word_1_255' title='bbox 1142 3856 1202 3941; x_wconf 66' lang='lat' dir='ltr'><strong>lig-</strong></span> 
     </span>
     <span class='ocr_line' id='line_1_33' title="bbox 175 3968 1201 4052; baseline -0.001 -17"><span class='ocrx_word' id='word_1_256' title='bbox 175 3993 287 4035; x_wconf 89' lang='lat' dir='ltr'><strong>norum</strong></span> <span class='ocrx_word' id='word_1_257' title='bbox 302 3970 565 4035; x_wconf 84' lang='lat' dir='ltr'><strong>adscendencium</strong></span> <span class='ocrx_word' id='word_1_258' title='bbox 578 3971 727 4033; x_wconf 89' lang='lat' dir='ltr'><strong>tributum</strong></span> <span class='ocrx_word' id='word_1_259' title='bbox 743 3968 952 4052; x_wconf 79' lang='lat' dir='ltr'><strong>persoluetur.</strong></span> <span class='ocrx_word' id='word_1_260' title='bbox 971 3969 1046 4033; x_wconf 89' lang='lat' dir='ltr'><strong>item</strong></span> <span class='ocrx_word' id='word_1_261' title='bbox 1057 3970 1098 4032; x_wconf 90' lang='lat' dir='ltr'><strong>de</strong></span> <span class='ocrx_word' id='word_1_262' title='bbox 1109 3986 1201 4034; x_wconf 73' lang='lat' dir='ltr'><strong>cum</strong></span> 
     </span>
     <span class='ocr_line' id='line_1_34' title="bbox 174 4080 1201 4149; baseline -0.002 0"><span class='ocrx_word' id='word_1_263' title='bbox 174 4084 249 4149; x_wconf 83' lang='lat' dir='ltr'><strong>terri</strong></span> <span class='ocrx_word' id='word_1_264' title='bbox 260 4085 340 4148; x_wconf 79' lang='lat' dir='ltr'><strong>duos</strong></span> <span class='ocrx_word' id='word_1_265' title='bbox 351 4083 507 4148; x_wconf 82' lang='lat' dir='ltr'><strong>denarios.</strong></span> <span class='ocrx_word' id='word_1_266' title='bbox 526 4083 602 4147; x_wconf 88' lang='lat' dir='ltr'><strong>item</strong></span> <span class='ocrx_word' id='word_1_267' title='bbox 613 4103 722 4147; x_wconf 86' lang='lat' dir='ltr'><strong>currus</strong></span> <span class='ocrx_word' id='word_1_268' title='bbox 735 4083 905 4148; x_wconf 80' lang='lat' dir='ltr'><strong>herbarum</strong></span> <span class='ocrx_word' id='word_1_269' title='bbox 919 4102 1016 4147; x_wconf 91' lang='lat' dir='ltr'><strong>unum</strong></span> <span class='ocrx_word' id='word_1_270' title='bbox 1027 4080 1201 4147; x_wconf 75' lang='lat' dir='ltr'><strong>denarium.</strong></span> 
     </span>
    </p>
   </div>
   <div class='ocr_carea' id='block_1_4' title="bbox 0 0 1404 4764">
    <p class='ocr_par' dir='ltr' id='par_1_8' title="bbox 0 0 1404 4764">
     <span class='ocr_line' id='line_1_35' title="bbox 0 0 1404 4764; baseline 0 0"><span class='ocrx_word' id='word_1_271' title='bbox 0 0 1404 4764; x_wconf 95' lang='lat' dir='ltr'><strong> </strong></span> 
     </span>
    </p>
   </div>
  </div>
 </body>
</html>
