2798 4764
290 351 667 404 remurmurans
688 354 964 402 uousrourssmsr.
1007 335 1097 403 lm.
1146 332 1207 403 5lt

263 512 321 587 (3)
344 512 391 573 ad
415 511 475 572 hec
498 510 710 572 concessimus
741 511 875 584 eisdem,
907 519 941 574 ut
968 529 1030 571 non
1055 518 1209 592 cogantur

180 623 324 704 recipere
338 623 473 704 aliquem
488 623 623 684 iudicem
640 643 695 702 per
710 643 767 684 nos
783 624 906 696 datum,
928 623 984 685 sed
1000 621 1209 685 exelectione

182 755 239 798 sua
253 734 351 796 libera
367 743 526 795 assumant
542 735 571 794 in
589 732 727 794 uillicum
751 754 844 815 quem
868 734 988 806 inolent,
1011 744 1103 814 prout
1116 734 1148 794 iu
1163 742 1209 795 te-

183 867 260 911 nore
282 846 437 928 priuilegii
459 847 509 908 aui
525 845 623 907 nostri
639 855 686 908 est
701 866 899 926 expressum,
920 846 973 927 qui
988 845 1115 928 quidem
1129 843 1210 906 uilli-

182 959 283 1022 cusin
299 959 372 1021 anni
387 957 587 1021 reuolucione
604 958 774 1022 uillicatum
791 959 906 1021 debeat
923 958 955 1019 in
969 977 1079 1020 mauus
1093 956 1209 1020 ciuium

181 1073 353 1153 resignare.

266 1183 324 1258 (l)
347 1181 490 1244 Ceterum
516 1193 550 1244 ut
575 1183 669 1245 iidem
695 1184 780 1246 ciues
805 1183 921 1257 nostri,
951 1190 985 1244 ut
1010 1183 1135 1255 merito,
1163 1182 1208 1244 sic

184 1314 315 1359 numero
340 1302 529 1376 augeantur,
559 1295 745 1375 ualeantque
771 1294 935 1357 honestius
960 1302 991 1357 et
1015 1292 1209 1357 commodius

183 1406 364 1471 sublimitati
384 1415 489 1468 nostre
512 1405 688 1480 deseruire,
710 1407 920 1469 concessimus
941 1414 973 1468 et
990 1404 1208 1468 concedimus:

183 1521 267 1604 quod
289 1540 346 1602 pro
362 1518 447 1580 nullo
469 1519 557 1600 graui
581 1538 711 1581 excessu
734 1539 843 1581 eorum
869 1517 1083 1600 possessiones
1098 1537 1209 1580 eorum

182 1632 357 1695 alienentur
371 1652 428 1713 per
444 1651 552 1692 manus
567 1631 670 1713 regias
690 1641 743 1694 arrt
758 1632 909 1703 barones,
930 1614 985 1692 seu
1002 1649 1058 1711 per
1072 1628 1209 1691 iudicem

182 1743 335 1827 ipsorum,
356 1743 412 1805 sed
434 1743 658 1805 excedentibus
680 1744 833 1807 inseratur
854 1743 959 1805 debita
980 1760 1062 1823 pena
1082 1740 1115 1802 iu
1137 1761 1210 1823 per-

181 1856 277 1928 sonis,
293 1853 485 1916 hereditates
501 1874 578 1915 uero
594 1875 650 1916 seu
665 1855 882 1936 possessiones
897 1854 1036 1933 ipsorum
1052 1854 1103 1914 uel
1116 1853 1210 1926 bona,

182 1966 340 2037 uxoribus,
355 1964 533 2037 heredibus,
548 1966 697 2046 proximis
712 1967 762 2028 uel
778 1966 917 2048 cognatis
931 1965 1120 2027 indemniter
1135 1982 1209 2026 cou-

181 2086 356 2142 seruentur.

526 2290 867 2302 ———-—--.—-

555 2483 709 2568 tutha
733 2483 833 2567 llhlll

206 2645 469 2720 LtBuRTAs
498 2647 774 2721 flustu‘rtlnt
808 2641 1182 2722 uenenarium.

576 2788 811 2851 uccuxxvu.

493 2947 514 2998 t}
527 2947 653 2998 tabulario
666 2947 738 2998 urbis
750 2948 898 3000 Kourhrom.

265 3207 401 3269 Thomas
422 3208 540 3280 liunus,
563 3228 668 3270 comes
691 3207 906 3279 Posoniensis,
934 3206 1095 3268 Nitriensis
1118 3207 1208 3268 etde

182 3319 364 3391 Kamarum,
379 3319 533 3381 uniuersis
549 3319 661 3400 quibus
676 3325 840 3400 presentes
855 3316 1072 3389 ostenduntur,
1087 3317 1207 3379 sincere

183 3428 290 3492 salutis
314 3433 468 3491 allectum.
507 3430 659 3491 Constans
683 3429 808 3491 dilectio
831 3429 955 3489 labente
979 3436 1121 3508 tempore
1144 3447 1208 3489 non

183 3541 305 3614 labitur,
320 3542 375 3602 sed
389 3541 419 3601 in
432 3542 500 3602 altis
513 3542 687 3602 consistens
703 3541 861 3603 radicibus
872 3539 1055 3621 protelatur.
1077 3540 1209 3620 proinde

184 3652 224 3714 erl
241 3653 456 3713 uniuersorum
473 3651 618 3712 noticiam
636 3651 743 3713 harum
765 3653 846 3712 serie
866 3649 1011 3712 uolumus
1026 3651 1210 3731 peruenire:

184 3764 268 3844 qnod
289 3783 346 3824 nos
367 3763 542 3844 hospitibus
564 3763 676 3824 nostris
698 3763 737 3823 de
760 3763 919 3823 Kamarun
941 3763 1138 3844 cougregatis
1160 3761 1211 3824 uel

184 3874 412 3956 congregandis
432 3873 514 3935 hanc
537 3873 683 3935 duximus
704 3873 839 3955 graciam
861 3871 1051 3946 faciendam,
1073 3882 1104 3936 et
1118 3872 1211 3935 liher-

182 3993 277 4049 tutem
292 3986 539 4047 concedendam:

266 4094 313 4176 (1)
335 4095 419 4178 quod
435 4117 452 4157 a
467 4095 583 4158 indicio
599 4095 760 4159 castellani
774 4095 873 4158 nostri
888 4094 940 4158 uel
955 4095 1079 4158 curialis
1091 4093 1210 4158 comitis

184 4209 224 4275 de
238 4208 397 4272 Kamarun
415 4206 540 4294 penitus
562 4229 632 4275 esse
652 4208 789 4275 debeant
805 4208 940 4274 absoluti
954 4216 986 4276 et
1003 4206 1134 4285 exemti,
1153 4204 1211 4274 sed
