2798 4764
479 936 635 1010 BELAE
662 937 728 1010 lV.
759 935 914 1010 uuffls

265 1097 466 1179 llllilll'lS
492 1090 703 1178 llbilll'llll
728 1094 782 1176 lli
808 1093 1145 1178 turnuculutzt.

600 1239 805 1301 nluuxnvu.

527 1368 712 1419 Etrnnsumto
736 1366 793 1416 anni
814 1367 882 1417 ltus.

272 1625 345 1689 Bela
361 1627 411 1689 dei
427 1626 532 1709 gracia
554 1625 728 1707 Hungaric,
750 1623 924 1697 Dalmacie,
947 1624 1091 1697 Croacie,
1112 1626 1218 1700 Rame,

190 1739 315 1810 Seruio,
337 1737 479 1810 Gallicie,
502 1735 707 1809 Lodomerie,
735 1734 884 1797 Cumanie
914 1735 1124 1817 Balgarieque
1149 1756 1217 1799 rex.

190 1848 350 1912 Uninersis
366 1847 479 1909 Christi
496 1846 639 1908 lidelibus
654 1853 816 1927 presentes
831 1846 934 1910 literas
949 1848 1146 1928 inspecturis,
1168 1867 1220 1911 sa·

190 1960 284 2022 lutem
299 1960 331 2020 in
346 1959 484 2020 domino.
520 1957 605 2040 quod
620 1958 707 2038 regia
723 1957 909 2020 authoritate
925 1959 1073 2032 sancitur,
1093 1958 1217 2023 lirmum

190 2074 285 2134 debet
298 2071 462 2134 stabilitate
478 2071 658 2131 consistere.
681 2070 719 2130 ml
732 2070 947 2131 uniuersorum
960 2071 1053 2152 igitur
1062 2072 1219 2146 noticiam,

191 2182 390 2264 presencium
417 2191 447 2244 et
471 2189 687 2262 posterorum,
707 2179 820 2242 harum
842 2182 921 2242 serie
942 2183 1086 2244 uolumus
1106 2201 1220 2264 perue-

192 2293 277 2353 nire:
309 2292 393 2373 qnod
419 2293 605 2353 accedentes
631 2291 670 2351 ad
696 2299 833 2352 nostram
858 2293 1050 2372 presenciam
1078 2293 1219 2375 hospites

192 2403 290 2464 nostri
305 2402 456 2463 carissimi
473 2402 512 2465 de
527 2401 777 2483 anrecbtbaza,
793 2421 810 2463 a
826 2403 916 2463 nobis
932 2404 1098 2484 diligenter
1113 2412 1220 2487 postn-

192 2514 311 2586 larnnt,
326 2520 358 2574 ut
373 2510 546 2576 libertatem
562 2533 654 2595 quarn
671 2512 789 2572 eisdem
805 2512 981 2593 hospitibus
996 2515 1109 2575 nostris
1125 2534 1220 2597 super

190 2627 290 2707 ipsam
305 2634 421 2687 terram
437 2626 673 2707 Lupreohthaza
689 2625 900 2686 concessimus
917 2624 1150 2705 perpetualiter,
1165 2626 1221 2690 dc-

191 2739 290 2802 dimus
315 2746 345 2801 et
359 2738 546 2800 contulimus
569 2744 723 2799 eteorum
739 2737 972 2817 posteritatibus
988 2739 1219 2818 possidendam,

190 2859 297 2913 nostro
310 2850 510 2932 dignaremur
522 2849 686 2932 priuilegio
701 2848 897 2913 confirmare.
920 2870 1054 2931 qnorum
1068 2850 1219 2916 libertatis

190 2950 293 3025 series
302 2961 371 3023 talis
387 2969 450 3023 est:

274 3071 319 3154 (1)
341 3073 378 3137 Ut
403 3073 442 3135 ad
467 3071 567 3154 ipsam
590 3071 733 3134 homines
758 3092 870 3135 secure
888 3075 1032 3146 ueniant,
1064 3083 1095 3135 et
1118 3071 1218 3137 libere

193 3193 435 3256 commorentur,
457 3194 488 3247 et
513 3204 583 3245 cum
608 3181 765 3246 noluerint
789 3186 954 3255 recedant,
976 3184 1069 3246 saluis
1094 3205 1220 3266 semper

195 3295 338 3355 omnibus
359 3296 469 3368 rebus,
491 3305 522 3356 et
544 3294 719 3357 uendendis
739 3295 803 3357 suis
826 3294 1018 3367 utilitatibus,
1040 3314 1118 3376 quas
1135 3293 1220 3357 lece-

193 3403 255 3466 rint
268 3422 364 3484 super
377 3404 520 3466 eandem.

276 3514 322 3597 (ἓ)
344 3517 391 3578 Ad
413 3515 562 3578 iudicium
586 3519 654 3579 uice
676 3517 775 3579 nostri
794 3516 920 3589 iudicis,
946 3517 1082 3596 exceptis
1104 3516 1219 3581 tribus:

192 3628 359 3709 sanguine,
380 3627 464 3689 iurto
479 3628 628 3690 uidelicet
648 3636 680 3690 et
699 3626 877 3700 homicidio,
899 3628 930 3688 in
955 3626 1040 3688 nullo
1060 3627 1219 3709 pertinere

192 3742 423 3822 dignoscantur.
447 3742 502 3802 sed
518 3739 550 3801 in
565 3740 710 3801 omnibus
726 3739 793 3801 aliis
809 3740 911 3801 causis
926 3740 1116 3813 eorundem,
1138 3734 1222 3804 iudi·

192 3853 274 3915 cinm
300 3853 428 3915 audiant
448 3852 574 3914 maioris
595 3849 670 3914 uille
691 3852 848 3933 ipsorum,
878 3851 916 3914 de
939 3852 1051 3934 quibus
1073 3852 1221 3917 uidelicet

190 3966 289 4027 tribus
304 3965 424 4027 iudiciis
439 3965 536 4027 tercia
552 3984 623 4044 pars
640 3963 743 4025 uillico
760 3964 858 4026 eciam
873 3964 1015 4027 eiusdem
1029 3964 1104 4028 uille
1119 3965 1220 4028 cedat.

275 4075 322 4158 (3)
344 4077 487 4139 Decimae
512 4096 590 4139 uero
615 4077 789 4138 eorundem
814 4076 846 4138 in
870 4077 1010 4159 frugibus
1036 4086 1066 4140 et
1091 4078 1123 4139 in
1145 4076 1219 4138 uiuo

191 4197 332 4273 prestent
345 4189 501 4252 sacerdoti
516 4188 671 4271 ipsorum,
692 4209 785 4272 quem
800 4189 860 4271 ipsi
876 4188 1035 4270 elegerint.
