2798 4764
218 326 285 393 'tot
326 326 414 391 rin
433 342 477 389 rr.
495 340 586 389 assis
605 340 755 389 ausuras
775 340 933 387 sosarnus
952 341 994 387 oa
1014 340 1127 387 amru.
1158 318 1252 385 libb.

307 498 388 575 (ta)
408 498 486 560 ltem
510 494 649 559 duellum
670 494 753 558 iuter
774 513 830 558 eos
847 514 913 557 non
932 493 1100 567 iudicetur,
1121 493 1179 556 sed
1202 513 1253 557 se·

224 610 363 675 eundum
383 608 564 691 qualitatem
589 614 621 669 et
642 607 850 689 quantitatem
871 605 1044 679 commissi,
1072 624 1253 688 superque

225 720 295 805 quis
308 720 477 802 impetitur,
500 719 724 802 purgacionem
738 718 886 782 exhibeat
900 726 1137 801 congruentem.

307 829 385 907 (tt)
406 832 484 894 ltem
499 849 596 912 quum
611 829 740 912 impetiti
755 829 871 893 fuerint
884 850 943 911 per
953 829 1134 912 quempiam
1149 837 1254 891 extra·

225 964 337 1017 neunt,
358 964 421 1004 non
440 941 562 1024 possint
581 942 715 1024 produci
736 949 831 1005 testes
853 951 963 1004 contra
976 962 1032 1004 eos
1047 941 1106 1003 nisi
1121 960 1161 1004 ex
1176 940 1252 1022 ipsis

224 1056 277 1121 uel
292 1055 361 1117 aliis
374 1053 563 1118 habentibus
577 1053 772 1116 consimilem
786 1053 972 1117 libertatem.

227 1204 230 1209 -
308 1168 386 1242 (15)
407 1166 485 1227 ltem
500 1172 561 1228 mm
573 1174 687 1227 terram
702 1164 798 1239 Kuer,
819 1184 913 1247 quam
928 1165 974 1228 cis
989 1164 1029 1228 de
1043 1184 1129 1227 nouo
1143 1171 1254 1227 contu·

222 1280 329 1354 limus,
349 1296 443 1361 quam
459 1277 545 1351 alias,
560 1296 638 1359 quas
653 1276 741 1359 prius
754 1276 943 1351 hahuerunt,
965 1276 1106 1340 diuidant
1119 1278 1151 1338 in
1166 1295 1253 1338 com-

226 1392 330 1465 muni,
351 1390 458 1453 hahita
471 1388 740 1472 contemplacione
753 1387 934 1452 facultatum
949 1389 1130 1463 cuiuslibet,
1151 1409 1254 1471 quan·

226 1510 291 1567 tam
312 1501 411 1583 possit
434 1484 539 1564 iaccho
560 1508 734 1573 araturam,
755 1519 796 1562 ne
816 1508 901 1563 terre
920 1519 1014 1582 supra
1034 1500 1116 1563 dicte
1137 1498 1252 1563 inculte

227 1620 376 1677 maneant
389 1618 421 1675 et
433 1609 553 1673 inanes.

311 1724 390 1799 (16)
411 1721 491 1784 ltem
513 1740 612 1783 naues
636 1728 668 1784 et
689 1721 809 1795 carine,
837 1721 1067 1785 descendentes
1093 1729 1125 1785 ct
1144 1740 1254 1784 ascen·

229 1834 340 1899 dentes
361 1853 432 1896 oum
453 1833 629 1907 mercibus,
650 1841 684 1895 et
697 1852 810 1897 currus
824 1833 908 1915 apud
922 1852 979 1895 eos
994 1833 1201 1908 descendant,
1223 1840 1255 1895 et

228 1944 348 2019 forum,
368 1943 449 2007 sicut
462 1942 558 2025 prius,
578 1943 716 2007 habeant
729 1943 958 2027 quotidianum.

225 2056 230 2065 '
312 2057 393 2131 (17)
414 2056 493 2119 ltem
514 2056 617 2118 minor
638 2056 749 2130 Pesth,
769 2056 850 2119 ultra
863 2056 1041 2121 Danubium
1063 2057 1135 2132 sita,
1156 2078 1256 2140 quan-

228 2174 296 2233 tum
310 2167 350 2229 ad
364 2184 463 2229 naues
477 2166 685 2229 ascendentes
698 2174 729 2229 et
740 2167 969 2232 descendentes
983 2177 1015 2232 et
1026 2168 1182 2233 cibriones
1194 2188 1257 2231 non
1347 2174 1355 2185 “

228 2279 411 2351 soluendus,
431 2276 584 2341 consimili
603 2278 741 2360 gaudeat
752 2258 904 2343 libertale.

313 2391 392 2465 (18)
412 2391 491 2453 ltem
514 2389 611 2453 homo
638 2390 778 2473 magistri
800 2392 1047 2455 Tauernicorum
1077 2402 1257 2457 nostrorum

229 2522 296 2567 uon
309 2502 423 2566 debeat
441 2509 524 2563 stare
539 2519 611 2561 cum
630 2499 813 2565 monetariis
832 2501 915 2564 iuter
927 2502 1030 2585 ipsos,
1052 2505 1110 2567 sed
1125 2524 1204 2569 unus
1218 2525 1257 2568 ex

230 2614 300 2697 ipsa
314 2612 387 2675 uilla
407 2610 469 2674 lide
485 2612 598 2695 diguus
612 2611 673 2689 illis
687 2613 873 2687 associetur,
892 2615 945 2696 qui
960 2634 1055 2697 super
1069 2615 1257 2697 recepcione

229 2730 356 2787 monete
379 2722 493 2806 regalis
513 2742 620 2785 curam
638 2723 754 2787 haheat
774 2724 964 2809 peruigilem
985 2734 1017 2789 et
1034 2727 1173 2809 undique
1189 2726 1259 2788 dili-

231 2843 369 2919 gentem.

315 2946 354 3009 Ut
377 2954 482 3010 autem
510 2946 603 3010 basius
627 2947 846 3031 prenominata
873 2946 1025 3013 libertatis
1048 2949 1147 3015 series
1171 2949 1259 3012 salua

231 3076 359 3140 semper
373 3066 404 3121 et
424 3058 611 3123 inconcussa
625 3068 810 3140 perseueret
826 3061 859 3123 in
878 3070 1055 3145 posterum,
1076 3082 1135 3125 nec
1154 3062 1259 3145 aliquo

232 3187 383 3234 successu
402 3178 580 3251 temporum
599 3170 698 3252 possit
712 3170 910 3253 aliquatenus
928 3174 1107 3247 retractari,
1129 3191 1260 3254 presen-

225 3289 297 3347 tem
317 3282 363 3345 eis
381 3281 528 3365 paginam
542 3282 689 3345 duximus
711 3284 963 3359 concedendam,
982 3284 1162 3349 charactere
1176 3286 1259 3348 bulle

233 3401 340 3457 nostre
355 3411 451 3455 auree
467 3391 669 3472 perhenniter
683 3394 872 3456 roboratam.
899 3413 1027 3469 uerum,
1048 3395 1123 3477 quia
1139 3395 1261 3459 exhibi-

233 3505 284 3569 cio
298 3503 533 3587 priuilegiomm
547 3504 704 3586 ipsorum,
718 3506 857 3571 existens
870 3508 930 3571 suh
945 3527 1041 3570 aurea
1054 3507 1152 3582 hulla,
1167 3528 1261 3591 prop·

235 3625 284 3679 ter
298 3616 418 3677 uiarum
434 3615 613 3678 discrimina
626 3636 698 3682 esse
711 3616 890 3698 periculosa
903 3617 1079 3692 uidebatur,
1093 3621 1262 3701 transcrip-

233 3732 302 3789 tum
316 3724 458 3787 ciusdem
472 3725 513 3789 de
528 3725 627 3789 uerbo
642 3726 682 3788 ad
698 3727 848 3802 uerbum,
868 3729 928 3791 sub
942 3729 1112 3793 munimine
1128 3729 1261 3813 duplicis

234 3834 329 3919 sigilli
343 3834 442 3898 nostri
455 3835 685 3912 concessimus,
705 3856 775 3903 eam
788 3838 988 3920 presentibus
1008 3838 1104 3902 lidem
1117 3840 1263 3903 uolentes

225 3946 394 4021 ⁸adhiberi,
414 3954 449 4009 ut
462 3947 502 4012 ad
517 3946 750 4013 exhibicionem
768 3947 853 4013 illius
871 3947 1049 4015 nullatenus
1071 3952 1264 4035 compellan-

234 4066 297 4125 tur.
330 4060 445 4123 Datum
459 4078 518 4140 per
530 4078 641 4124 manus
654 4059 846 4126 uenerabilis
861 4061 958 4144 patris
970 4061 1149 4139 Benedicti,
1170 4064 1263 4129 Colo-

171 4232 179 4243 ,
235 4169 339 4237 causis
360 4166 605 4256 archiepiscopi,
625 4170 697 4237 aule
717 4178 824 4241 nosue
846 4172 1037 4241 cancellarii.
1062 4193 1147 4242 anno
1162 4176 1202 4242 ab
1215 4177 1264 4243 in·
