2798 4764
225 314 285 386 rto
400 336 547 385 aeorum
568 336 592 384 s.
607 336 760 383 srarnnu
778 336 870 384 eron
890 338 988 386 moa
1008 317 1064 405 (2).

224 491 361 554 caritatis
382 490 581 564 intlammati,
608 492 782 553 secundum
804 491 890 575 quod
916 493 962 555 eis
986 493 1124 556 saluator
1144 500 1255 557 noster

225 615 297 668 ente
310 608 513 686 preceperat,
527 602 710 684 euangelice
724 603 952 685 predicacionis
967 604 1064 667 iuncti
1078 604 1252 687 legacione,

225 724 324 780 totum
343 715 492 778 mundum
512 714 610 777 diuini
632 716 753 777 semina
774 715 864 779 uerbi
885 716 1067 799 spargendo
1080 718 1253 800 perlustra·

224 836 348 892 uerunt.
369 827 496 909 quidam
513 846 623 889 eornm
638 845 736 910 regna
750 846 820 888 cum
835 827 973 909 regibus,
995 828 1122 910 quidam
1138 827 1254 911 prioci-

224 950 316 1025 patus
331 960 401 1000 cum
414 938 624 1022 principibus,
645 940 772 1021 quidam
787 946 891 1020 partes
905 947 937 1001 et
952 939 1124 1003 diuisiones
1138 958 1254 1023 regno·

223 1073 293 1116 rum
308 1059 340 1115 et
352 1051 586 1134 prouinciarum
608 1069 678 1112 cum
700 1049 849 1131 prefectis
869 1058 900 1113 et
915 1049 1083 1131 prepositis
1098 1050 1138 1113 ad
1153 1050 1254 1114 chris-

223 1164 306 1230 tiane
320 1163 480 1246 religionis
494 1162 611 1224 cultum
626 1162 851 1244 perduxerunt.
879 1169 910 1224 et
932 1161 965 1223 in
984 1170 1102 1226 tantum
1124 1162 1252 1226 feruore

223 1277 321 1342 sancti
335 1275 462 1358 spiritus
477 1273 703 1337 exardescente
723 1294 780 1356 per
793 1272 902 1335 orhem
917 1272 1105 1337 uniuersalis
1119 1273 1253 1337 ecclesie

224 1401 297 1454 sant
314 1387 448 1452 stahilita
468 1385 684 1460 fundamenta,
711 1385 797 1469 quod
816 1393 848 1448 et
865 1384 934 1468 ipsa
948 1385 1057 1450 mundi
1075 1386 1171 1450 totius
1186 1405 1254 1449 me·

223 1499 355 1584 tropolis
368 1500 483 1572 Rome,
505 1505 536 1560 et
551 1496 733 1560 monarchia
747 1495 903 1579 dignitatis
920 1496 1122 1577 imperatorie
1137 1495 1251 1560 Christi

224 1610 298 1675 lidei
319 1609 399 1672 colla
421 1607 622 1680 submittens,
653 1607 825 1669 uanitatum
858 1606 1016 1668 erroribus
1044 1607 1252 1671 renunciauit.

225 1741 290 1785 nou
305 1717 454 1783 remansit
474 1717 574 1801 patria
594 1737 698 1800 neque
717 1717 816 1791 nocio,
837 1717 891 1780 uhi
908 1718 1105 1799 quorundam
1120 1718 1252 1782 misera·

226 1834 325 1898 cionis
340 1831 452 1893 Christi
471 1850 535 1892 non
555 1830 664 1892 luisset
684 1831 873 1911 assumpcio.
902 1831 987 1893 unde
1002 1830 1132 1913 contigit
1145 1831 1262 1894 diuino·

224 1944 350 2031 pietatis
371 1942 483 2005 intuitu
505 1941 538 2003 in
559 1940 640 2004 lilios
654 1940 843 2022 perdicionis
859 1949 890 2004 et
902 1942 1084 2025 ignorancie
1101 1941 1252 2026 populum

224 2057 336 2121 rudem
349 2063 380 2118 et
393 2073 527 2137 uagum,
548 2052 702 2117 culturam
717 2052 769 2114 dei
783 2052 992 2125 nescientem,
1008 2053 1147 2135 Ungaros
1163 2054 1253 2118 uide-

224 2171 302 2235 lihet
320 2175 352 2233 et
372 2165 532 2230 Pannooie
554 2165 685 2247 patriam
710 2164 930 2239 inhabitantes,
952 2164 1098 2229 clementi
1121 2165 1191 2229 uisu
1211 2166 1251 2229 de

223 2281 291 2346 celo
315 2278 515 2364 prospicere,
544 2285 579 2340 ut
603 2296 682 2358 quos
704 2278 743 2338 ad
765 2275 960 2340 ulciscendas
979 2276 1253 2360 preuarioaciones

223 2391 470 2456 Christianorum
495 2389 535 2452 de
559 2387 685 2451 sedibus
709 2385 902 2450 naturalibus
923 2388 955 2450 in
978 2389 1123 2451 occiduas
1146 2395 1252 2472 partes

222 2503 346 2565 occulto
362 2499 578 2583 perpetuitatis
594 2499 725 2561 consilio
740 2498 826 2581 prius
839 2499 1014 2573 exciderat,
1036 2499 1094 2562 hos
1109 2507 1251 2583 tempore

222 2632 279 2676 sue
294 2610 572 2695 predestinacionis
587 2611 648 2671 ium
663 2608 806 2683 instanti,
828 2610 867 2672 de
882 2608 934 2672 uia
949 2610 1118 2693 iniquitatis
1134 2611 1174 2675 ad
1188 2610 1252 2673 ius·

222 2722 294 2785 ticie
316 2721 458 2784 semitam
480 2719 583 2782 deleta
605 2718 720 2782 uehula
741 2719 781 2782 ad
802 2739 891 2803 spem
912 2721 944 2782 in
966 2728 1108 2784 eternum
1127 2739 1251 2804 perma-

223 2834 324 2897 nentis
338 2832 528 2915 perduceret
541 2831 772 2894 retribucionis.

306 3052 350 3138 (a)
372 3055 446 3117 Erat
459 3063 533 3117 tunc
546 3054 693 3137 princeps
708 3051 861 3137 (quiintus
884 3056 924 3118 ah
945 3053 999 3118 illo
1015 3055 1069 3139 qni
1083 3055 1253 3139 ingressio·

223 3169 273 3232 nis
286 3167 483 3250 ngarorum
497 3167 529 3228 in
543 3166 704 3228 Pannonia
718 3167 781 3229 dux
796 3166 914 3248 primus
928 3166 997 3248 luit,
1011 3166 1138 3229 nomine
1149 3165 1252 3229 Geiza.

224 3281 367 3346 seuerius
387 3279 515 3363 quidem
536 3287 568 3342 et
586 3278 743 3341 crudelius
765 3278 839 3340 olim
860 3276 1079 3362 potencialiter
1101 3296 1199 3361 agens
1218 3278 1251 3340 in

223 3416 309 3471 suos,
329 3396 505 3459 misericors
527 3405 631 3460 autem
653 3403 684 3457 et
700 3394 838 3457 liberalis
861 3395 892 3457 iu
913 3394 1033 3457 alienos
1050 3392 1251 3476 etprecipue

224 3508 256 3569 in
275 3508 484 3583 Christianos,
512 3509 686 3593 paganismi
711 3508 784 3571 licet
808 3507 911 3571 adhuc
936 3507 1045 3571 ritihus
1068 3505 1251 3578 obuolutus,

224 3625 329 3680 tamen
347 3620 618 3703 appropinquante
640 3618 808 3701 spiritualis
829 3616 952 3700 fulgore
972 3617 1159 3691 karismatis,
1181 3634 1252 3678 cum

223 3728 369 3791 omnihus
383 3730 434 3792 dei
449 3731 691 3814 circumquaque
705 3730 878 3812 positarum
894 3728 1127 3810 prouinciarum
1142 3726 1252 3789 uicinis

224 3838 264 3901 de
278 3857 374 3922 pace,
394 3841 484 3903 cuius
498 3859 669 3922 numquam
684 3850 757 3905 ante
771 3839 874 3903 luerat
888 3845 1019 3911 amator,
1036 3837 1120 3918 cepit
1134 3844 1252 3901 attente

223 3959 373 4025 umore,
401 3959 435 4015 ut
448 3950 510 4013 iam
525 3952 557 4013 io
571 3951 624 4014 illo
639 3961 746 4035 posset
760 3951 905 4036 agnosci,
926 3949 1016 4013 cuius
1028 3945 1112 4011 filius
1127 3947 1253 4013 deside·

222 4069 308 4128 ruet
326 4061 412 4138 lieri,
432 4061 605 4126 seeundum
627 4061 744 4127 dictum
764 4062 931 4127 saluatoris
952 4060 1051 4124 nostri
1067 4059 1198 4124 dicentis
1217 4060 1254 4125 in

224 4173 410 4263 euangelioz
437 4173 522 4243 herti
543 4171 683 4261 pacilici,
713 4174 863 4261 quonium
884 4171 941 4245 tilii
966 4171 1019 4239 dei
1042 4172 1252 4241 uocabantur.
