2798 4764
388 348 528 397 mortum
549 349 648 396 onsrn
668 344 878 399 moranum
904 325 982 418 (tt).
1166 326 1207 398 et

186 513 287 571 casua
299 507 409 573 metati
422 516 495 571 sunt
507 507 592 571 iuxta
607 507 756 584 insulam,
777 516 808 572 et
821 509 885 573 dux
897 508 1004 592 Arpad
1018 508 1131 591 suique
1146 528 1204 572 no-

179 619 259 683 biles
282 619 434 683 intrantes
453 618 606 694 insulam,
631 620 697 684 uisa
721 619 880 684 fertilitate
902 629 933 683 et
954 621 1096 685 ubertate
1121 621 1204 685 illius

183 728 259 806 loci,
281 750 319 795 ac
333 731 545 795 municionem
565 750 718 815 aquarum
732 731 882 806 Danubii,
903 732 1081 796 dilexerunt
1100 734 1205 799 locum

184 843 264 906 ultra
285 862 381 924 quant
402 843 464 905 dici
485 852 605 925 potest,
627 852 659 906 et
681 845 913 907 constituerunt
933 852 968 907 ut
988 845 1105 909 ducalis
1122 854 1207 910 esset

182 955 297 1029 insula,
320 962 352 1018 et
366 956 581 1038 unusquisque
595 956 747 1019 nobilium
761 976 968 1039 personarum
992 976 1080 1020 suam
1094 958 1137 1023 ibi
1150 958 1207 1022 bo·

181 1069 271 1132 beret
284 1068 405 1130 curiam
421 1076 452 1130 et
464 1067 581 1130 uillam.
611 1068 714 1131 statim
730 1069 794 1130 dux
808 1069 914 1152 Arpad
937 1067 1099 1133 conductis
1113 1069 1207 1133 artifi-

182 1180 268 1243 cibus
290 1179 434 1261 precepit
453 1178 558 1242 sacere
583 1180 726 1263 egregias
746 1181 857 1243 domos
880 1180 1020 1255 ducales,
1045 1189 1077 1244 et
1099 1201 1207 1245 omnes
1308 1270 1311 1277 Ι

184 1311 280 1375 equos
305 1311 381 1355 suos
404 1290 600 1373 longitndine
629 1292 750 1354 dierum
775 1292 919 1374 fatigatos
944 1293 986 1354 ibi
1012 1292 1207 1355 introductos

186 1425 311 1487 pascere
335 1404 493 1486 precepit,
522 1412 554 1466 et
575 1404 764 1488 agasonibus
785 1405 849 1468 suis
872 1405 1055 1488 magistrum
1075 1391 1209 1487 prefecit

191 1519 338 1601 quendum
352 1516 540 1590 Cumanum,
570 1517 673 1578 uirum
693 1516 880 1598 prudentem
894 1516 1021 1580 nomine
1035 1515 1146 1599 Sepel,
1166 1534 1206 1579 eo

185 1638 309 1711 propter
324 1627 419 1709 Sepel
440 1628 621 1710 magistrum
645 1647 816 1710 agarenum
837 1627 913 1690 inibi
932 1635 1125 1702 morantem,
1146 1647 1206 1692 uo·

184 1750 249 1804 cata
263 1749 312 1804 est
326 1740 428 1803 insula
442 1740 494 1802 illa
507 1740 632 1803 nomine
646 1740 738 1823 Sepel
754 1761 853 1824 usque
868 1742 900 1804 in
911 1740 1097 1806 hodiernum
1109 1741 1204 1807 diem.

184 1852 244 1916 dux
258 1872 338 1915 uero
349 1852 453 1934 Arpad
468 1858 500 1916 et
513 1852 561 1913 sui
576 1851 695 1914 nobiles
709 1862 952 1934 permanserunt
963 1854 1008 1916 ibi
1021 1874 1093 1917 cum
1105 1853 1205 1917 lamu-

181 1963 217 2027 lis
238 1971 270 2027 et
284 1963 460 2026 famulabus
482 1963 545 2025 suis
568 1962 698 2045 pacifice
721 1971 754 2027 et
773 1972 919 2045 potenter
933 1984 952 2027 a
968 1986 1076 2029 mense
1090 1965 1204 2047 Aprilis

182 2095 281 2158 usque
303 2076 344 2138 ad
367 2095 508 2137 mensem
522 2075 675 2137 Octobris.
703 2084 734 2138 et
749 2075 883 2137 dimissis
905 2076 948 2138 ibi
963 2076 1114 2139 uxoribus
1129 2076 1205 2151 suis,

182 2186 339 2249 communi
353 2184 484 2248 consilio
499 2187 539 2247 ab
552 2185 654 2248 insula
665 2196 825 2259 exeuntes,
840 2188 1069 2250 constituerunt
1080 2195 1113 2250 ut
1124 2187 1205 2251 ultra

181 2297 356 2361 Danubium
371 2297 469 2371 irent,
490 2304 522 2360 et
535 2305 650 2360 terram
665 2297 825 2360 Pannonis
840 2299 1062 2380 subiugarent,
1083 2307 1115 2360 et
1129 2318 1205 2359 con·

181 2416 229 2472 tra
242 2407 440 2471 Carinthinos
454 2407 572 2471 bellum
586 2416 827 2488 promouerenl,
849 2427 886 2471 ac
901 2409 932 2469 in
946 2408 1096 2469 marciam
1111 2411 1205 2470 Lom-

181 2522 289 2584 bardic
303 2541 338 2583 se
352 2521 460 2583 uenire
475 2527 690 2603 prepararent,
708 2526 740 2582 et
754 2526 923 2600 antequam
938 2519 999 2581 boc
1012 2518 1120 2593 fieret,
1135 2520 1205 2582 mit-

182 2642 282 2697 terent
297 2634 470 2695 exercitum
484 2640 593 2697 contra
608 2630 686 2693 Glad
699 2632 828 2704 ducem,
850 2631 904 2713 qui
919 2630 1091 2693 dominium
1106 2630 1204 2693 habe·

182 2746 234 2810 bat
256 2764 277 2806 a
298 2744 396 2808 lluuio
410 2745 516 2806 Morus
542 2764 641 2828 usque
668 2743 708 2806 ad
734 2752 869 2805 castrum
896 2744 1033 2818 Horom‚
1054 2763 1093 2806 ex
1116 2744 1203 2806 cuius

183 2857 282 2921 eciam
306 2852 457 2939 progenie
488 2857 583 2938 longo
607 2863 680 2940 post
707 2864 849 2937 tempore
881 2855 1045 2919 descendit
1069 2853 1203 2931 Ohtum,

184 2987 276 3051 quem
291 2968 397 3030 Sunad
417 2967 583 3030 interiecit.
611 2967 651 3029 ad
671 2966 733 3030 hoc
754 2975 859 3029 autem
880 2966 967 3029 missi
989 2973 1062 3030 sunt
1080 2968 1202 3031 Zuardu

184 3088 215 3143 et
229 3080 351 3144 Cadusa
372 3088 467 3163 atque
482 3080 595 3163 boyla,
617 3079 758 3161 quicum
779 3087 910 3161 accepta
930 3079 1063 3143 licencia
1083 3079 1204 3162 equita·

182 3200 268 3268 rent,
290 3192 446 3255 Tbisciam
461 3193 493 3254 in
508 3192 655 3255 Kenesna
669 3191 999 3274 transnauiganerunt,
1026 3201 1057 3255 et
1071 3192 1204 3256 descen·

182 3327 251 3369 sum
276 3306 419 3370 lecerunt
442 3305 528 3368 iuxta
552 3303 682 3367 fluuium
704 3304 868 3388 Seztureg,
889 3312 921 3368 et
938 3324 1032 3367 nemo
1054 3305 1204 3368 aduersa-

183 3419 247 3482 rius
267 3420 414 3482 inuentus
434 3427 483 3482 est
504 3418 620 3501 eisqui
641 3419 763 3483 leuaret
783 3439 895 3482 manus
913 3426 1022 3482 contra
1036 3437 1109 3494 eos,
1129 3419 1205 3503 quia

183 3532 275 3594 timor
290 3551 401 3594 eorum
415 3531 552 3594 irruerat
564 3552 660 3614 super
675 3552 785 3595 omnes
799 3530 943 3594 homines
957 3529 1039 3594 illius
1054 3540 1147 3596 terre.
1172 3543 1204 3600 et

182 3642 253 3707 binc
268 3644 388 3727 egressi
401 3644 441 3705 ad
455 3651 560 3725 partes
571 3644 697 3727 Begney
712 3651 945 3727 peruenerunt,
965 3644 1048 3708 etibi
1059 3645 1201 3727 perduas

181 3754 397 3819 hebdomadas
411 3764 661 3837 permanserunt,
676 3756 777 3818 donec
793 3775 902 3818 omnes
914 3754 1106 3821 habitatores
1119 3757 1202 3822 illius

181 3868 301 3951 patrie,
323 3887 342 3929 a
365 3867 492 3931 blorisio
511 3887 611 3949 usque
633 3868 674 3930 nd
693 3867 823 3931 lluuium
838 3868 962 3943 Temes,
982 3868 1041 3931 sibi
1054 3869 1203 3953 subiuga·

180 3988 308 4055 uerunt,
320 3988 353 4043 et
363 3978 443 4043 lilios
455 3999 565 4044 eornm
576 3979 609 4042 in
620 3980 745 4045 obsides
756 3988 957 4063 acceperunt
972 3979 1085 4045 deinde
1097 3988 1201 4044 amoto

181 4093 324 4158 exercitu
338 4101 496 4156 uenerunt
508 4112 619 4156 uersus
636 4091 766 4157 fluuium
782 4093 912 4166 Temes,
933 4100 966 4155 et
980 4099 1083 4157 castra
1095 4092 1203 4156 metati

180 4212 258 4279 tuot
274 4206 363 4275 iuxta
384 4204 502 4274 uadum
521 4221 705 4286 menarum,
725 4210 759 4273 et
772 4223 845 4287 cum
858 4201 976 4273 uellent
988 4203 1122 4271 transire
1135 4219 1202 4269 um·
