2798 4764
400 370 538 419 manvus
559 370 660 418 ansas
681 370 889 418 nanaaaoama
910 347 987 437 (it).
1161 345 1201 416 id
1279 418 1282 424 ,

182 524 321 608 quotidie
343 544 439 606 super
459 526 633 617 dextaarios
653 545 727 588 suos
749 527 909 599 sedentes,
940 547 1012 590 oum
1033 525 1150 609 clypeis
1173 533 1205 588 ot

180 637 299 701 lanceis
319 639 491 700 maximum
510 646 742 701 tornamentum
760 638 929 712 faciebant,
955 647 986 703 et
1003 639 1054 702 alii
1071 639 1204 702 iuuenes

180 769 269 813 more
284 750 480 832 paganismo,
501 769 573 812 cum
588 751 725 813 arcubus
746 760 779 814 et
800 751 919 834 sagittis
934 749 1098 825 ludebant,
1119 749 1204 814 nudo

183 862 245 925 dux
258 862 366 944 Arpad
382 861 475 924 ualde
490 863 570 925 letus
585 863 686 926 iactus
700 871 759 937 est,
773 871 805 925 et
819 863 964 924 omnibus
979 862 1125 927 militibus
1138 864 1205 927 suis

182 976 308 1038 diuersa
324 975 472 1048 donaria,
493 983 556 1037 tam
575 976 606 1036 in
622 994 699 1037 auro
715 995 808 1058 quam
823 976 855 1036 in
871 982 1012 1057 argento,
1035 995 1105 1037 oum
1120 984 1204 1037 oete·

183 1088 224 1151 ris
245 1088 500 1169 possessionibus
524 1088 664 1151 donauit.
695 1095 726 1149 et
751 1088 781 1148 in
807 1088 919 1149 eodem
941 1086 1012 1148 ioco
1032 1083 1205 1148 Cundunea

183 1201 262 1284 patri
276 1200 399 1263 Carzan
421 1201 508 1263 dedit
528 1209 660 1274 terram,
691 1219 710 1262 a
730 1199 853 1263 ciuitate
876 1199 978 1262 Athile
1000 1199 1082 1282 regis
1103 1218 1204 1279 usque

185 1313 224 1376 od
241 1321 369 1376 eentum
389 1320 513 1375 montes
535 1321 566 1374 ot
587 1332 689 1393 usquo
710 1312 749 1374 ad
771 1310 876 1392 Gyog,
905 1309 1021 1374 etfiiio
1041 1309 1206 1373 suodedit

187 1444 278 1487 naam
296 1435 437 1487 castrum
457 1425 497 1485 ad
519 1424 693 1487 custodiam
713 1422 821 1505 popuii
841 1423 899 1484 sui.
928 1431 1003 1485 tuno
1018 1423 1139 1485 Gurzaa
1153 1443 1206 1486 oa-

192 1545 281 1599 nro·
297 1537 380 1599 iliud
395 1537 454 1599 sub
468 1556 526 1598 suo
543 1536 671 1619 proprio
686 1536 813 1597 nomine
827 1535 916 1597 iussit
930 1535 1098 1618 appellari,
1118 1538 1204 1618 quod

189 1666 300 1712 nomen
320 1668 424 1730 usque
439 1647 625 1710 hodiernum
642 1648 724 1710 diem
745 1667 809 1710 noa
822 1656 871 1711 est
884 1647 1032 1710 obliuioni
1047 1649 1205 1713 traditum.

349 1779 364 1813 0

264 1869 331 1952 (bi)
354 1872 398 1933 Do
416 1883 495 1934 terra
517 1872 680 1935 Pannonia.
723 1873 792 1935 Dux
814 1892 892 1935 uero
911 1875 1030 1956 Arpad,
1050 1875 1204 1957 uigesimo

183 1985 284 2067 primo
305 1984 374 2057 die,
394 1984 471 2046 inito
495 1984 641 2057 consilio,
662 2004 808 2067 egressus
827 1993 875 2047 est
897 1985 936 2046 de
956 1986 1140 2068 Ecilburgu,
1171 1992 1205 2050 ut

184 2097 367 2180 subiugaret
387 2096 444 2157 sibi
460 2105 573 2159 terram
586 2097 744 2158 Pannonia
766 2117 866 2178 usquo
886 2096 926 2158 ad
941 2098 1070 2159 tluuium
1086 2100 1203 2162 Droua.

184 2217 216 2271 et
237 2209 338 2290 prima
359 2208 411 2270 die
433 2215 535 2270 castra
556 2217 690 2271 metatus
711 2217 760 2271 est
778 2210 864 2270 iuxta
877 2209 1074 2283 Danubium,
1093 2230 1207 2275 uersus

184 2328 311 2382 eentum
333 2325 466 2382 montes.
496 2327 570 2381 tuno
592 2321 769 2382 ordinatam
791 2328 852 2394 est,
874 2321 959 2402 quod
974 2321 1037 2381 dux
1054 2320 1093 2382 do
1115 2340 1207 2384 exer·

183 2431 247 2494 citu
265 2450 326 2494 suo
347 2450 442 2494 unam
465 2441 584 2513 partem
606 2432 743 2494 mitteret
762 2431 849 2492 iuxta
868 2430 1062 2503 Danubium,
1094 2449 1206 2493 uersus

182 2553 321 2606 castrum
341 2545 478 2606 Bosana.
509 2545 560 2607 oni
582 2544 712 2626 prefecit
733 2543 889 2625 principes
909 2551 940 2605 et
960 2542 1107 2605 ductores
1127 2543 1208 2606 duos

182 2656 223 2719 de
234 2656 458 2738 principalibus
470 2658 623 2738 personis,
638 2656 757 2719 scilicet
767 2656 825 2718 Ete
838 2655 1039 2737 paterEudu,
1055 2665 1086 2720 et
1097 2656 1206 2738 Doyta,

183 2788 202 2831 a
215 2788 279 2851 qao
294 2789 395 2851 genos
407 2769 526 2832 Drucsa
540 2769 719 2843 descendit,
741 2769 854 2852 quibus
869 2769 967 2832 eciam
983 2787 1042 2852 pro
1055 2789 1114 2831 suo
1127 2769 1206 2832 fide-

182 2881 302 2943 lissimo
317 2881 471 2964 obsequio
485 2882 548 2944 dux
564 2883 669 2962 Arpad
690 2881 819 2946 donauit
838 2901 968 2944 munera
982 2901 1045 2944 non
1060 2882 1206 2955 minima,

184 3001 216 3054 et
231 2991 384 3054 Eudoneo
405 2991 469 3053 titio
490 2992 548 3054 Ete
568 2993 654 3055 dedit
675 3000 790 3055 terram
813 2993 899 3054 iuxta
919 2992 1112 3066 Danubium,
1134 3012 1205 3055 cum

184 3101 301 3183 populo
315 3122 379 3165 aon
394 3112 567 3166 numerato.
600 3111 631 3166 et
645 3104 676 3164 in
690 3101 759 3166 loeo
773 3102 826 3165 ilio
841 3103 946 3176 Euda,
971 3102 1135 3186 subiugato
1150 3123 1207 3185 po·

184 3212 258 3295 puio
272 3212 354 3275 iltius
370 3215 483 3295 partis,
505 3213 663 3276 odifioauit
676 3221 828 3287 castrum,
849 3214 935 3297 quod
949 3213 1125 3276 nominauit
1138 3212 1208 3275 uul-

184 3326 301 3407 pariam
314 3329 472 3400 Zeousou,
496 3346 534 3389 eo
550 3328 636 3408 quod
650 3328 692 3389 ibi
706 3327 815 3390 sedem
831 3335 863 3390 et
875 3327 1076 3389 stabilitatem
1092 3325 1208 3387 consti·

184 3439 253 3501 tuit.
287 3447 319 3500 et
335 3439 433 3520 Boyte
457 3440 569 3502 eodem
588 3440 683 3502 modo
701 3440 788 3503 dedit
805 3447 921 3501 terram
937 3457 1081 3520 magnam
1095 3457 1208 3501 uorsus

184 3547 263 3613 sm
283 3569 355 3614 cum
369 3552 485 3633 populo
499 3571 563 3614 aon
577 3559 759 3625 numerato,
780 3571 841 3634 que
856 3569 959 3633 usque
974 3549 1069 3614 modo
1083 3569 1206 3614 nuncu·

185 3671 279 3744 patui·
291 3662 402 3746 Doyta.

268 3885 333 3971 (Ιώ)
354 3889 398 3952 Da
417 3891 534 3952 eisitate
554 3890 705 3972 bezpram.
748 3889 783 3952 in
797 3889 935 3953 secunda
950 3890 1209 3972 parteexeroitas

185 4002 300 4065 missos
320 4010 369 4066 est
384 4002 511 4066 Usnbuu
531 4013 621 4086 pater
639 4001 771 4076 Zoloou,
793 4010 825 4065 et
842 4003 964 4076 Eusee,
983 4003 1038 4084 qai
1056 4002 1118 4066 irat
1136 4021 1210 4065 uer-

185 4134 240 4178 ms
259 4115 420 4178 ciuitatem
435 4116 601 4199 Boagram,
627 4123 658 4178 et
680 4115 864 4197 subiugaret
884 4132 995 4178 omnes
1016 4113 1209 4178 habitatores

185 4235 271 4294 tama
289 4246 393 4315 usque
412 4230 454 4294 ad
467 4229 612 4294 Cmtmm
626 4227 779 4295 termo.
807 4235 883 4293 tuno
898 4226 1043 4304 Usabuu,
1062 4226 1209 4310 peinceps
