2798 4764
393 372 480 417 sunm
502 371 543 418 rr.
562 371 653 418 ruors
674 373 848 417 oscurruu.
866 351 962 418 tm
1128 345 1191 416 ili

167 524 226 604 ipsi
240 532 327 586 tanto
338 525 429 586 nobis
444 534 476 588 et
487 545 602 589 corone
618 535 800 589 tenerentur
811 525 933 586 fidelius
949 533 979 588 ot
990 524 1191 587 affectuosius

167 633 327 709 famulari,
349 645 466 716 otranto
491 636 736 715 preciosioribus
762 636 957 698 libertatibus
982 654 1038 697 eos
1059 636 1195 698 donare·-

167 766 246 807 mus.
276 767 409 828 quorum
432 749 604 829 peticiones
625 757 656 811 et
678 747 846 809 instancias
869 747 1104 809 considerantes
1125 744 1194 809 iore

166 858 264 921 iustas
279 868 311 921 et
324 860 494 942 legitimas,
516 860 622 923 habito
640 860 792 923 baronum
813 868 991 922 nostrorum
1011 858 1141 921 consilio
1163 868 1195 923 et

168 991 298 1034 assensu
320 972 465 1049 duximus
486 972 704 1044 admittendus,
728 973 943 1045 attendentes,
965 971 1050 1053 quod
1073 971 1113 1033 de
1134 970 1195 1033 ltoc

167 1082 321 1164 inuigilan‘
338 1084 378 1146 do
393 1085 597 1147 commodiori
614 1084 727 1147 debeat
743 1092 825 1146 statu
840 1083 939 1166 regni.

249 1191 419 1258 statuimus
436 1196 556 1277 itaquot

249 1306 272 1367 l.
315 1308 400 1389 quod
410 1306 540 1370 collecte
554 1315 584 1370 et
596 1306 775 1371 exactiones
790 1308 916 1370 racione
928 1326 1050 1370 camere
1066 1306 1117 1369 uel
1133 1304 1194 1369 alis

167 1418 293 1481 racione
309 1421 348 1482 de
363 1419 487 1500 populis
507 1420 657 1482 nobilium
677 1419 761 1482 nullo
777 1438 924 1502 umquam
938 1428 1080 1500 tempore
1095 1416 1194 1500 recipi

167 1531 319 1604 debeant,
341 1550 398 1593 nec
413 1530 577 1604 dictonis,
600 1552 656 1594 ner
671 1531 797 1595 racione
814 1534 985 1595 descensus
999 1552 1056 1614 per
1067 1551 1126 1593 nos
1139 1527 1195 1596 nel

168 1642 246 1706 alios
261 1642 429 1706 molestari.
880 1729 884 1736 Π

248 1755 285 1815 ll.
327 1755 402 1816 ltem
418 1751 574 1828 uolumus,
585 1756 670 1836 ‹puod
684 1774 793 1817 omnes
809 1763 892 1817 terre
908 1755 999 1817 castri
1015 1754 1067 1818 uel
1079 1757 1196 1819 uduor-

168 1866 320 1937 nicorum,
343 1866 382 1927 ad
398 1886 476 1947 quos
491 1865 599 1946 populi
615 1873 721 1928 nostro
736 1852 862 1928 nominc
879 1866 929 1928 uel
943 1866 1069 1929 domine
1085 1866 1194 1949 regine

167 1986 240 2040 sunt
253 1976 448 2058 congregati,
470 1985 573 2038 castro
589 1976 639 2040 uel
657 1978 837 2040 uduarnicis
856 1978 1069 2052 restituantur,
1090 1987 1121 2042 et
1135 1978 1197 2061 ipsi

167 2087 211 2150 illi
235 2088 373 2170 gaudere
399 2087 534 2149 debeant
558 2086 757 2169 priuilegieto
783 2087 909 2150 nomine
934 2088 1197 2168 hospitantibus

170 2219 286 2262 rorum.
517 2192 524 2202 ¹

251 2312 301 2373 ΙΙΙ.
343 2311 420 2373 ltem
436 2304 662 2383 ordinauimus,
673 2310 757 2390 quod
770 2310 872 2371 nullus
884 2328 924 2372 ex
935 2308 1091 2371 nobilibus
1103 2324 1198 2393 prop·

169 2431 218 2485 ter
232 2421 343 2486 malam
366 2421 598 2504 suggestionem
613 2421 727 2483 debeat
746 2422 813 2483 siue
828 2421 958 2502 strepitu
977 2420 1084 2482 iudicii
1100 2421 1197 2503 capti·

172 2535 256 2608 irari,
277 2534 461 2596 incarcerari
477 2533 527 2594 uel
542 2531 734 2595 damnificari
747 2532 780 2593 in
794 2532 889 2594 rebus
905 2551 961 2594 seu
976 2551 1120 2612 persona,
1138 2532 1196 2597 sed

171 2654 286 2708 tractus
302 2644 333 2706 in
349 2644 514 2717 iudicium,
536 2642 735 2724 presentibus
751 2643 935 2718 baronibus,
955 2641 1023 2706 sine
1036 2644 1099 2717 ira,
1121 2643 1195 2707 odio

171 2756 222 2818 uel
236 2755 344 2818 lauore
360 2755 525 2827 iudicetur,
546 2753 622 2816 iuris
637 2754 747 2816 ordine
763 2754 941 2817 obseruato.

251 2865 303 2927 tv.
343 2866 420 2928 Item
443 2865 672 2927 concessimus:
695 2866 780 2946 quod
803 2865 924 2929 nobiles
947 2865 1043 2948 petita
1063 2865 1197 2930 licencia

171 2990 203 3042 et
217 2978 362 3051 obtenta,
383 2977 422 3039 ad
437 2984 655 3058 quemcunque
676 2985 817 3041 nostrum
838 2998 872 3042 se
895 2979 1068 3042 transferre
1086 2977 1197 3042 uolue-

172 3091 241 3162 rint,
256 3088 465 3151 transferendi
479 3086 607 3151 liberam
624 3088 759 3151 habeant
774 3089 964 3164 facultatem,
981 3107 1085 3170 neque
1103 3106 1197 3172 prop·

170 3210 258 3264 terea
273 3199 488 3282 possessiones
502 3219 610 3261 eorum
625 3200 833 3262 destruantur.

255 3311 292 3371 V.
333 3311 479 3372 Preterea
500 3310 683 3383 statuimus,
708 3310 791 3392 qtrud
817 3318 901 3372 terre
924 3308 1089 3381 nobilium,
1117 3324 1196 3390 quac

173 3419 282 3503 populi
301 3419 468 3482 liberarum
488 3420 632 3482 uillarum
654 3429 850 3490 nostrarum,
872 3419 923 3481 uel
937 3419 1063 3480 domino
1077 3416 1197 3498 regino,

172 3552 228 3594 seu
243 3530 408 3592 uduornici
428 3551 484 3594 seu
508 3539 699 3603 castrenses,
720 3549 907 3611 utracunque
923 3528 1089 3590 occasione
1103 3546 1196 3590 occu-

173 3652 330 3726 puuerunt
351 3651 383 3706 et
403 3642 562 3715 detinent,
584 3642 785 3705 restituuntur
800 3641 875 3721 ipsis
893 3639 1063 3712 nobilibus,
1085 3656 1198 3702 secum

164 3756 246 3817 dum
259 3753 355 3815 fidem
369 3762 401 3815 et
413 3751 581 3814 scienciam
596 3752 730 3813 duorum
745 3751 899 3812 baronum
913 3757 1106 3827 nostrorum,
1127 3748 1198 3832 qui-
1232 3744 1235 3749 ’

173 3867 230 3929 bus
245 3885 303 3929 uos
317 3871 348 3927 et
361 3864 421 3944 ipsi
435 3863 556 3926 nobiles
570 3861 666 3925 iidem
680 3861 825 3923 duximus
840 3860 1063 3924 adhibendam.

254 3977 305 4038 Vl.
347 3977 423 4039 ltem
439 3975 595 4047 uolumus,
615 3972 740 4055 quodsi
755 3972 891 4054 aliquem
902 3972 942 4036 de
956 3970 1113 4036 nobilibus
1126 3973 1198 4036 sine

172 4088 289 4152 herede
312 4087 390 4149 mori
409 4085 593 4168 contigerit,
615 4085 831 4166 possessiones
851 4084 920 4146 eius
939 4103 1003 4148 nou
1023 4080 1198 4146 distraban-

173 4210 234 4277 tur,
253 4197 331 4263 uulli
351 4198 521 4274 donentur,
538 4195 615 4261 nulli
629 4193 842 4272 conlocentur,
862 4194 940 4259 nulli
959 4199 1198 4278 perpetuentur,
