2798 4764
219 330 279 396 lit)
370 348 494 396 suosne
513 348 556 394 na
575 348 659 393 nra
679 343 788 393 onera·
799 344 1011 392 nosomonmc
1031 323 1090 410 (l).

216 501 387 585 impetitur,
407 522 502 585 quem
516 509 590 565 aute
601 501 760 566 ciuitatem
774 518 891 563 nouam
902 499 1043 581 Hungari
1055 518 1127 562 cum
1137 497 1250 563 lancea

217 613 391 676 inmaxilla
403 612 587 676 transfixum
602 620 815 695 peremerunt.
1032 599 1034 602 ’

224 747 227 771 =
301 726 415 789 Postea
434 744 514 789 uero
533 726 679 808 regnauit
700 725 878 808 Stephanus
899 746 955 789 rex
975 724 1058 788 lilius
1080 726 1165 799 eiua,
1193 723 1248 806 qui

217 838 346 902 Boemie
359 858 468 921 regem
484 838 610 902 nomine
623 837 790 902 Otaearum
807 846 878 900 ante
892 838 1023 900 lluuium
1035 835 1164 899 llebeba
1173 854 1250 899 con-

217 957 266 1014 tra
286 969 358 1013 eum
380 949 576 1025 uenientem,
606 970 678 1012 cum
697 949 822 1012 Boemis
847 948 1015 1022 uidelicet,
1042 947 1249 1021 Australibus,

218 1062 430 1135 Stiriensibus,
450 1061 784 1143 brandeburgensibus
806 1068 838 1123 et
852 1060 964 1123 ceteris
986 1061 1089 1122 mixtis
1104 1059 1249 1141 pentibus
1361 1122 1365 1128 ,

219 1174 338 1256 expulit
354 1173 504 1237 uirtuose.
534 1173 593 1236 iste
609 1173 709 1235 eciem
724 1172 883 1235 ciuitatem
898 1171 1093 1234 Rudumsuo
1109 1170 1249 1233 dominio

220 1285 408 1368 subiugauit,
430 1284 654 1368 dominumque
669 1283 877 1367 bulgarorum
891 1301 931 1346 eo
946 1284 1075 1346 uiuente
1091 1282 1149 1345 sibi
1162 1300 1250 1346 com·

220 1396 300 1481 pulit
312 1397 461 1471 obedire,
481 1398 620 1479 migrans
635 1396 762 1460 tandem
778 1417 818 1459 ex
838 1396 900 1459 boo
917 1394 1025 1458 seculo
1045 1403 1077 1458 et
1094 1395 1127 1457 in
1149 1393 1251 1458 incula

220 1517 336 1572 uocata
349 1509 441 1573 bente
456 1509 589 1592 Uirginis
608 1509 640 1571 in
662 1508 794 1572 cenobio
812 1502 994 1570 monialium
1011 1506 1181 1591 requiescit
1201 1514 1250 1569 tu-

222 1619 367 1685 mulatus.

304 1839 350 1924 (5)
360 1844 446 1908 Post
459 1843 543 1905 bunc
559 1851 667 1925 regnat
682 1843 844 1907 Ladislaus
864 1843 977 1906 tercius
995 1842 1079 1906 lilius
1093 1842 1171 1905 cius.
1199 1840 1250 1904 bic

222 1954 307 2018 enim
316 1955 465 2037 puerulus
476 1956 508 2018 in
519 1950 609 2038 regni
617 1955 728 2018 solium
742 1955 869 2018 domino
878 1955 1065 2036 disponente
1073 1963 1252 2017 coronatur.

220 2066 310 2131 istius
330 2066 405 2149 ergo
427 2068 538 2131 diebus
559 2087 614 2131 rex
638 2067 790 2130 Otacnrus
810 2068 1017 2141 boemorum,
1046 2067 1100 2150 qui
1123 2067 1163 2130 de
1182 2066 1251 2129 iure

221 2175 344 2262 imperii
364 2178 455 2261 plura
475 2179 534 2242 sibi
557 2186 766 2262 usurpauerat
787 2178 827 2241 de
849 2178 933 2241 lacto
955 2187 987 2240 et
1006 2178 1138 2253 iniuste,
1166 2177 1251 2241 unde

220 2288 307 2353 uiros
339 2296 531 2352 resumserat
560 2309 598 2352 sc
629 2289 806 2372 potenciam
830 2290 1018 2362 inauditam,
1048 2290 1082 2351 io
1107 2287 1251 2351 confiniis

221 2399 382 2483 llungarie
407 2402 602 2464 lacerauerat
626 2401 658 2463 in
680 2402 814 2464 diuersis
840 2400 916 2463 locis
936 2402 1103 2464 maximnm
1124 2401 1251 2483 porcio·

222 2529 310 2584 nem,
332 2529 391 2593 pro
406 2531 467 2594 que
480 2532 520 2574 ex
534 2514 603 2594 ipso
619 2512 685 2574 eius
701 2511 831 2575 Genitor
851 2511 991 2574 nondum
1005 2520 1169 2594 receperat
1183 2511 1251 2594 clig-

222 2640 294 2685 nem
316 2622 453 2685 uindicte
475 2623 647 2697 ulcionem,
676 2643 715 2686 eo
736 2623 821 2705 quod
848 2633 1020 2705 prouentus
1044 2633 1129 2687 esset
1149 2632 1251 2687 morte

221 2731 388 2814 insperata.
414 2733 471 2795 aed
492 2752 564 2796 cum
584 2735 667 2797 inter
686 2735 744 2798 iste
761 2734 944 2797 Alamannis
960 2735 1117 2817 principes
1132 2733 1251 2796 liudol-

220 2843 321 2926 phurn
344 2844 490 2908 comitem
514 2845 553 2908 de
578 2846 763 2909 Habusburc
787 2846 820 2908 in
845 2848 933 2910 curia
953 2844 1193 2910 Freneuurtensi
1216 2846 1250 2908 in

220 2945 329 3037 regem
350 2956 409 3018 sibi
431 2957 655 3038 prefecisscnt,
677 2967 712 3020 ut
730 2958 853 3040 imperii
871 2958 956 3034 iura,
976 2978 1039 3041 que
1053 2966 1143 3022 erant
1156 2976 1250 3021 oecu-

222 3075 311 3146 peta‚
333 3066 464 3129 deberet
484 3061 653 3142 reuocare,
674 3067 742 3150 ipse
764 3078 921 3153 tamquem
937 3069 1134 3152 pbendorum
1150 3070 1251 3152 impe·

220 3176 344 3240 rialium
363 3177 594 3260 redintegretor
613 3178 644 3242 in
664 3180 837 3254 Austriam,
859 3200 922 3264 que
943 3181 1045 3244 luerat
1065 3198 1123 3263 per
1136 3180 1251 3243 Otaca·

221 3307 290 3351 rum
314 3289 425 3353 inuesn
450 3300 482 3354 et
503 3310 665 3373 possesse,
687 3292 830 3374 primitus
855 3291 1004 3357 introiuit
1032 3309 1097 3375 quo
1119 3291 1249 3373 quidem

221 3400 341 3466 Uienne
369 3402 490 3465 diucius
515 3404 690 3477 residente,
719 3423 755 3466 sc
777 3405 847 3466 iure
869 3423 927 3468 sue
949 3404 988 3466 dc
1002 3403 1128 3466 boemis
1146 3403 1253 3486 requi·

221 3522 326 3588 rente,
348 3533 404 3577 rex
425 3515 589 3580 boemicus
611 3525 722 3579 contra
743 3536 816 3579 eum
832 3528 894 3580 tam
910 3516 1097 3579 immensum
1112 3534 1252 3578 commo·

221 3623 268 3685 nit
288 3625 459 3688 exercitum
483 3646 520 3689 ac
540 3627 756 3708 percalidum,
786 3627 873 3710 quod
895 3628 1028 3710 propriis
1042 3628 1165 3691 uiribus
1180 3627 1252 3689 Ala·

222 3734 347 3797 mannis
362 3735 510 3818 princeps
525 3738 553 3800 ei
572 3739 719 3802 resistere
735 3738 901 3801 dubitaret.
931 3740 1160 3821 propterquod
1174 3758 1252 3820 ergo

221 3840 383 3925 ilungarie
404 3865 512 3927 regem
527 3847 725 3929 magnificum
740 3857 899 3930 tamquam
912 3849 1011 3912 lilium
1026 3857 1134 3911 ssncte
1148 3847 1273 3931 eccle}

221 3952 269 4018 rie
284 3951 438 4017 catholice
457 3955 517 4019 sibi
541 3957 709 4038 postulauit
729 3958 890 4023 humiliter
902 3959 935 4022 in
949 3959 1117 4032 auxilium,
1139 3980 1253 4042 perpe-

220 4071 278 4129 tua
290 4064 432 4129 amicicia
445 4067 586 4149 seipsum
600 4080 769 4151 eapropter
783 4070 886 4135 eidem
900 4071 1079 4154 obligando.
1101 4072 1253 4136 adiicieor

222 4173 362 4262 insuper,
382 4184 416 4241 ut
429 4177 463 4241 in
477 4197 516 4242 eo
530 4198 658 4266 quoque
671 4189 780 4246 sancte
794 4179 927 4247 ecclesie
941 4200 1072 4249 romane
1094 4202 1252 4251 summum
