<?xml version="1.0" encoding="UTF-8"?>
<!DOCTYPE html PUBLIC "-//W3C//DTD XHTML 1.0 Transitional//EN"
    "http://www.w3.org/TR/xhtml1/DTD/xhtml1-transitional.dtd">
<html xmlns="http://www.w3.org/1999/xhtml" xml:lang="en" lang="en">
 <head>
  <title>
</title>
<meta http-equiv="Content-Type" content="text/html;charset=utf-8" />
  <meta name='ocr-system' content='tesseract 3.04.00' />
  <meta name='ocr-capabilities' content='ocr_page ocr_carea ocr_par ocr_line ocrx_word'/>
</head>
<body>
  <div class='ocr_page' id='page_1' title='image "./rerumhungaricar00endlgoog/rerumhungaricar00endlgoog_0702.png"; bbox 0 0 2798 4764; ppageno 0'>
   <div class='ocr_carea' id='block_1_1' title="bbox 507 346 1225 414">
    <p class='ocr_par' dir='ltr' id='par_1_1' title="bbox 507 346 1225 414">
     <span class='ocr_line' id='line_1_1' title="bbox 507 346 1225 414; baseline 0.003 -2"><span class='ocrx_word' id='word_1_1' title='bbox 507 356 692 412; x_wconf 69' lang='lat' dir='ltr'><strong>menorans</strong></span> <span class='ocrx_word' id='word_1_2' title='bbox 714 366 757 412; x_wconf 83' lang='lat' dir='ltr'><strong>nr</strong></span> <span class='ocrx_word' id='word_1_3' title='bbox 776 362 901 413; x_wconf 69' lang='lat' dir='ltr'><strong>remo:</strong></span> <span class='ocrx_word' id='word_1_4' title='bbox 1149 346 1225 414; x_wconf 58' lang='grc' dir='ltr'><strong>Μ’</strong></span> 
     </span>
    </p>
   </div>
   <div class='ocr_carea' id='block_1_2' title="bbox 183 516 1270 1820">
    <p class='ocr_par' dir='ltr' id='par_1_2' title="bbox 183 516 1270 1820">
     <span class='ocr_line' id='line_1_2' title="bbox 183 516 1211 604; baseline -0.002 -19"><span class='ocrx_word' id='word_1_5' title='bbox 183 522 265 586; x_wconf 87' lang='lat' dir='ltr'><strong>uiret</strong></span> <span class='ocrx_word' id='word_1_6' title='bbox 295 518 429 584; x_wconf 86' lang='lat' dir='ltr'><strong>ecclesie</strong></span> <span class='ocrx_word' id='word_1_7' title='bbox 456 517 556 582; x_wconf 87' lang='lat' dir='ltr'><strong>sancti</strong></span> <span class='ocrx_word' id='word_1_8' title='bbox 578 516 742 582; x_wconf 71' lang='lat' dir='ltr'><strong>Michaelis</strong></span> <span class='ocrx_word' id='word_1_9' title='bbox 768 518 929 581; x_wconf 81' lang='lat' dir='ltr'><strong>annuatim</strong></span> <span class='ocrx_word' id='word_1_10' title='bbox 952 538 1023 582; x_wconf 86' lang='lat' dir='ltr'><strong>cum</strong></span> <span class='ocrx_word' id='word_1_11' title='bbox 1047 520 1211 604; x_wconf 76' lang='lat' dir='ltr'><strong>sexaginta</strong></span> 
     </span>
     <span class='ocr_line' id='line_1_3' title="bbox 184 628 1211 715; baseline 0 -20"><span class='ocrx_word' id='word_1_12' title='bbox 184 633 327 715; x_wconf 81' lang='lat' dir='ltr'><strong>panibus,</strong></span> <span class='ocrx_word' id='word_1_13' title='bbox 347 649 412 693; x_wconf 90' lang='lat' dir='ltr'><strong>uno</strong></span> <span class='ocrx_word' id='word_1_14' title='bbox 425 630 509 693; x_wconf 88' lang='lat' dir='ltr'><strong>boue</strong></span> <span class='ocrx_word' id='word_1_15' title='bbox 522 628 656 711; x_wconf 77' lang='lat' dir='ltr'><strong>trienni,</strong></span> <span class='ocrx_word' id='word_1_16' title='bbox 673 629 774 692; x_wconf 82' lang='lat' dir='ltr'><strong>tribus</strong></span> <span class='ocrx_word' id='word_1_17' title='bbox 795 629 968 703; x_wconf 80' lang='lat' dir='ltr'><strong>anseribus,</strong></span> <span class='ocrx_word' id='word_1_18' title='bbox 989 628 1130 713; x_wconf 81' lang='lat' dir='ltr'><strong>quinque</strong></span> <span class='ocrx_word' id='word_1_19' title='bbox 1144 628 1211 714; x_wconf 75' lang='lat' dir='ltr'><strong>gal·</strong></span> 
     </span>
     <span class='ocr_line' id='line_1_4' title="bbox 184 738 1218 823; baseline -0.002 -17"><span class='ocrx_word' id='word_1_20' title='bbox 184 743 265 817; x_wconf 86' lang='lat' dir='ltr'><strong>linis,</strong></span> <span class='ocrx_word' id='word_1_21' title='bbox 286 749 319 805; x_wconf 90' lang='lat' dir='ltr'><strong>et</strong></span> <span class='ocrx_word' id='word_1_22' title='bbox 331 758 387 804; x_wconf 80' lang='lat' dir='ltr'><strong>sex</strong></span> <span class='ocrx_word' id='word_1_23' title='bbox 398 739 520 804; x_wconf 79' lang='lat' dir='ltr'><strong>cunulis</strong></span> <span class='ocrx_word' id='word_1_24' title='bbox 531 739 695 814; x_wconf 88' lang='lat' dir='ltr'><strong>cereuisie,</strong></span> <span class='ocrx_word' id='word_1_25' title='bbox 708 747 804 823; x_wconf 85' lang='lat' dir='ltr'><strong>atque</strong></span> <span class='ocrx_word' id='word_1_26' title='bbox 813 739 951 802; x_wconf 83' lang='lat' dir='ltr'><strong>denariis</strong></span> <span class='ocrx_word' id='word_1_27' title='bbox 960 738 1000 803; x_wconf 87' lang='lat' dir='ltr'><strong>ad</strong></span> <span class='ocrx_word' id='word_1_28' title='bbox 1011 748 1075 803; x_wconf 85' lang='lat' dir='ltr'><strong>tres</strong></span> <span class='ocrx_word' id='word_1_29' title='bbox 1086 742 1218 805; x_wconf 72' lang='lat' dir='ltr'><strong>missust·</strong></span> 
     </span>
     <span class='ocr_line' id='line_1_5' title="bbox 185 850 1212 934; baseline -0.001 -16"><span class='ocrx_word' id='word_1_30' title='bbox 185 861 217 918; x_wconf 87' lang='lat' dir='ltr'><strong>et</strong></span> <span class='ocrx_word' id='word_1_31' title='bbox 230 855 293 917; x_wconf 90' lang='lat' dir='ltr'><strong>due</strong></span> <span class='ocrx_word' id='word_1_32' title='bbox 307 852 465 926; x_wconf 87' lang='lat' dir='ltr'><strong>mulieres,</strong></span> <span class='ocrx_word' id='word_1_33' title='bbox 486 850 602 914; x_wconf 88' lang='lat' dir='ltr'><strong>scilicet</strong></span> <span class='ocrx_word' id='word_1_34' title='bbox 617 852 719 933; x_wconf 81' lang='lat' dir='ltr'><strong>Scopa</strong></span> <span class='ocrx_word' id='word_1_35' title='bbox 738 857 770 914; x_wconf 85' lang='lat' dir='ltr'><strong>el</strong></span> <span class='ocrx_word' id='word_1_36' title='bbox 784 850 938 934; x_wconf 85' lang='lat' dir='ltr'><strong>Uederey,</strong></span> <span class='ocrx_word' id='word_1_37' title='bbox 958 859 1067 915; x_wconf 86' lang='lat' dir='ltr'><strong>essent</strong></span> <span class='ocrx_word' id='word_1_38' title='bbox 1086 852 1212 917; x_wconf 81' lang='lat' dir='ltr'><strong>lotrices</strong></span> 
     </span>
     <span class='ocr_line' id='line_1_6' title="bbox 185 960 1211 1042; baseline -0.002 -14"><span class='ocrx_word' id='word_1_39' title='bbox 185 964 326 1028; x_wconf 88' lang='lat' dir='ltr'><strong>eiusdem</strong></span> <span class='ocrx_word' id='word_1_40' title='bbox 348 963 498 1036; x_wconf 72' lang='lat' dir='ltr'><strong>ecclesie,</strong></span> <span class='ocrx_word' id='word_1_41' title='bbox 520 961 647 1042; x_wconf 84' lang='lat' dir='ltr'><strong>duoque</strong></span> <span class='ocrx_word' id='word_1_42' title='bbox 667 961 729 1023; x_wconf 88' lang='lat' dir='ltr'><strong>uiri</strong></span> <span class='ocrx_word' id='word_1_43' title='bbox 747 960 866 1024; x_wconf 86' lang='lat' dir='ltr'><strong>scilicet</strong></span> <span class='ocrx_word' id='word_1_44' title='bbox 878 962 982 1025; x_wconf 70' lang='lat' dir='ltr'><strong>Selour</strong></span> <span class='ocrx_word' id='word_1_45' title='bbox 1002 970 1035 1025; x_wconf 89' lang='lat' dir='ltr'><strong>et</strong></span> <span class='ocrx_word' id='word_1_46' title='bbox 1052 962 1211 1039; x_wconf 73' lang='lat' dir='ltr'><strong>Lotomds,</strong></span> 
     </span>
     <span class='ocr_line' id='line_1_7' title="bbox 183 1056 1270 1157; baseline 0 -19"><span class='ocrx_word' id='word_1_47' title='bbox 183 1075 273 1138; x_wconf 87' lang='lat' dir='ltr'><strong>liberi</strong></span> <span class='ocrx_word' id='word_1_48' title='bbox 288 1074 416 1157; x_wconf 85' lang='lat' dir='ltr'><strong>quidem</strong></span> <span class='ocrx_word' id='word_1_49' title='bbox 439 1079 561 1145; x_wconf 85' lang='lat' dir='ltr'><strong>essent,</strong></span> <span class='ocrx_word' id='word_1_50' title='bbox 588 1073 646 1135; x_wconf 87' lang='lat' dir='ltr'><strong>sed</strong></span> <span class='ocrx_word' id='word_1_51' title='bbox 667 1070 819 1154; x_wconf 74' lang='lat' dir='ltr'><strong>legatarii.</strong></span> <span class='ocrx_word' id='word_1_52' title='bbox 846 1072 1082 1155; x_wconf 76' lang='lat' dir='ltr'><strong>prenominatus</strong></span> <span class='ocrx_word' id='word_1_53' title='bbox 1102 1073 1211 1157; x_wconf 83' lang='lat' dir='ltr'><strong>itaquo</strong></span> <span class='ocrx_word' id='word_1_54' title='bbox 1267 1056 1270 1060; x_wconf 43' lang='grc'><strong>’</strong></span> 
     </span>
     <span class='ocr_line' id='line_1_8' title="bbox 183 1182 1213 1268; baseline 0.001 -20"><span class='ocrx_word' id='word_1_55' title='bbox 183 1186 295 1259; x_wconf 85' lang='lat' dir='ltr'><strong>iudex,</strong></span> <span class='ocrx_word' id='word_1_56' title='bbox 313 1183 434 1247; x_wconf 88' lang='lat' dir='ltr'><strong>seilicet</strong></span> <span class='ocrx_word' id='word_1_57' title='bbox 443 1185 549 1245; x_wconf 89' lang='lat' dir='ltr'><strong>Neuca</strong></span> <span class='ocrx_word' id='word_1_58' title='bbox 565 1200 680 1256; x_wconf 88' lang='lat' dir='ltr'><strong>comes,</strong></span> <span class='ocrx_word' id='word_1_59' title='bbox 700 1183 807 1265; x_wconf 77' lang='lat' dir='ltr'><strong>posuit</strong></span> <span class='ocrx_word' id='word_1_60' title='bbox 817 1182 901 1249; x_wconf 87' lang='lat' dir='ltr'><strong>hanc</strong></span> <span class='ocrx_word' id='word_1_61' title='bbox 915 1203 1041 1248; x_wconf 85' lang='lat' dir='ltr'><strong>causam</strong></span> <span class='ocrx_word' id='word_1_62' title='bbox 1055 1206 1152 1268; x_wconf 89' lang='lat' dir='ltr'><strong>super</strong></span> <span class='ocrx_word' id='word_1_63' title='bbox 1165 1186 1213 1249; x_wconf 93' lang='lat' dir='ltr'><strong>iu·</strong></span> 
     </span>
     <span class='ocr_line' id='line_1_9' title="bbox 185 1293 1212 1375; baseline 0.001 -17"><span class='ocrx_word' id='word_1_64' title='bbox 185 1303 360 1359; x_wconf 83' lang='lat' dir='ltr'><strong>ramentum</strong></span> <span class='ocrx_word' id='word_1_65' title='bbox 381 1295 491 1357; x_wconf 89' lang='lat' dir='ltr'><strong>decani</strong></span> <span class='ocrx_word' id='word_1_66' title='bbox 511 1295 550 1356; x_wconf 90' lang='lat' dir='ltr'><strong>de</strong></span> <span class='ocrx_word' id='word_1_67' title='bbox 565 1293 744 1375; x_wconf 85' lang='lat' dir='ltr'><strong>supradicta</strong></span> <span class='ocrx_word' id='word_1_68' title='bbox 759 1294 909 1369; x_wconf 88' lang='lat' dir='ltr'><strong>ecclesia,</strong></span> <span class='ocrx_word' id='word_1_69' title='bbox 940 1305 973 1359; x_wconf 87' lang='lat' dir='ltr'><strong>et</strong></span> <span class='ocrx_word' id='word_1_70' title='bbox 995 1294 1101 1358; x_wconf 78' lang='lat' dir='ltr'><strong>fratris</strong></span> <span class='ocrx_word' id='word_1_71' title='bbox 1127 1295 1212 1359; x_wconf 86' lang='lat' dir='ltr'><strong>illins</strong></span> 
     </span>
     <span class='ocr_line' id='line_1_10' title="bbox 186 1402 1210 1490; baseline 0 -21"><span class='ocrx_word' id='word_1_72' title='bbox 186 1426 281 1490; x_wconf 82' lang='lat' dir='ltr'><strong>quem</strong></span> <span class='ocrx_word' id='word_1_73' title='bbox 295 1405 485 1469; x_wconf 80' lang='lat' dir='ltr'><strong>aduersariis</strong></span> <span class='ocrx_word' id='word_1_74' title='bbox 499 1404 639 1486; x_wconf 79' lang='lat' dir='ltr'><strong>eligeret,</strong></span> <span class='ocrx_word' id='word_1_75' title='bbox 653 1411 685 1466; x_wconf 85' lang='lat' dir='ltr'><strong>et</strong></span> <span class='ocrx_word' id='word_1_76' title='bbox 698 1404 738 1466; x_wconf 91' lang='lat' dir='ltr'><strong>de</strong></span> <span class='ocrx_word' id='word_1_77' title='bbox 749 1402 1065 1487; x_wconf 73' lang='lat' dir='ltr'><strong>compmuinciannos</strong></span> <span class='ocrx_word' id='word_1_78' title='bbox 1077 1406 1210 1469; x_wconf 82' lang='lat' dir='ltr'><strong>testibus</strong></span> 
     </span>
     <span class='ocr_line' id='line_1_11' title="bbox 184 1496 1212 1602; baseline 0.001 -21"><span class='ocrx_word' id='word_1_79' title='bbox 184 1536 281 1602; x_wconf 81' lang='lat' dir='ltr'><strong>super</strong></span> <span class='ocrx_word' id='word_1_80' title='bbox 293 1496 504 1580; x_wconf 80' lang='lat' dir='ltr'><strong>iuramentum</strong></span> <span class='ocrx_word' id='word_1_81' title='bbox 514 1515 642 1579; x_wconf 85' lang='lat' dir='ltr'><strong>loeclrin</strong></span> <span class='ocrx_word' id='word_1_82' title='bbox 657 1515 820 1579; x_wconf 75' lang='lat' dir='ltr'><strong>delardu.</strong></span> <span class='ocrx_word' id='word_1_83' title='bbox 842 1517 977 1599; x_wconf 83' lang='lat' dir='ltr'><strong>quicum</strong></span> <span class='ocrx_word' id='word_1_84' title='bbox 994 1517 1092 1598; x_wconf 84' lang='lat' dir='ltr'><strong>parali</strong></span> <span class='ocrx_word' id='word_1_85' title='bbox 1103 1527 1212 1584; x_wconf 78' lang='lat' dir='ltr'><strong>essent</strong></span> 
     </span>
     <span class='ocr_line' id='line_1_12' title="bbox 183 1626 1219 1710; baseline -0.005 -18"><span class='ocrx_word' id='word_1_86' title='bbox 183 1629 288 1693; x_wconf 88' lang='lat' dir='ltr'><strong>iurare</strong></span> <span class='ocrx_word' id='word_1_87' title='bbox 301 1648 398 1710; x_wconf 83' lang='lat' dir='ltr'><strong>super</strong></span> <span class='ocrx_word' id='word_1_88' title='bbox 410 1626 612 1710; x_wconf 78' lang='lat' dir='ltr'><strong>sepulchrum</strong></span> <span class='ocrx_word' id='word_1_89' title='bbox 627 1627 727 1690; x_wconf 88' lang='lat' dir='ltr'><strong>sancti</strong></span> <span class='ocrx_word' id='word_1_90' title='bbox 740 1627 875 1690; x_wconf 83' lang='lat' dir='ltr'><strong>Ladislai</strong></span> <span class='ocrx_word' id='word_1_91' title='bbox 891 1629 976 1710; x_wconf 77' lang='lat' dir='ltr'><strong>regis</strong></span> <span class='ocrx_word' id='word_1_92' title='bbox 990 1647 1096 1692; x_wconf 86' lang='lat' dir='ltr'><strong>coram</strong></span> <span class='ocrx_word' id='word_1_93' title='bbox 1111 1629 1219 1693; x_wconf 80' lang='lat' dir='ltr'><strong>Panlo.</strong></span> 
     </span>
     <span class='ocr_line' id='line_1_13' title="bbox 183 1739 1212 1820; baseline -0.002 -14"><span class='ocrx_word' id='word_1_94' title='bbox 183 1741 365 1814; x_wconf 82' lang='lat' dir='ltr'><strong>sacerdote,</strong></span> <span class='ocrx_word' id='word_1_95' title='bbox 387 1759 493 1803; x_wconf 88' lang='lat' dir='ltr'><strong>coram</strong></span> <span class='ocrx_word' id='word_1_96' title='bbox 508 1741 630 1820; x_wconf 78' lang='lat' dir='ltr'><strong>&#39;lumpa</strong></span> <span class='ocrx_word' id='word_1_97' title='bbox 651 1747 684 1802; x_wconf 91' lang='lat' dir='ltr'><strong>et</strong></span> <span class='ocrx_word' id='word_1_98' title='bbox 703 1739 811 1802; x_wconf 79' lang='lat' dir='ltr'><strong>sidrac</strong></span> <span class='ocrx_word' id='word_1_99' title='bbox 832 1739 1059 1803; x_wconf 86' lang='lat' dir='ltr'><strong>archidiaconis</strong></span> <span class='ocrx_word' id='word_1_100' title='bbox 1079 1749 1111 1804; x_wconf 83' lang='lat' dir='ltr'><strong>et</strong></span> <span class='ocrx_word' id='word_1_101' title='bbox 1132 1741 1212 1815; x_wconf 81' lang='lat' dir='ltr'><strong>aliis,</strong></span> 
     </span>
    </p>
   </div>
   <div class='ocr_carea' id='block_1_3' title="bbox 183 1851 1320 1935">
    <p class='ocr_par' dir='ltr' id='par_1_3' title="bbox 183 1851 1320 1935">
     <span class='ocr_line' id='line_1_14' title="bbox 183 1851 1320 1935; baseline 0 -19"><span class='ocrx_word' id='word_1_102' title='bbox 183 1852 380 1935; x_wconf 87' lang='lat' dir='ltr'><strong>supradictus</strong></span> <span class='ocrx_word' id='word_1_103' title='bbox 394 1851 448 1914; x_wconf 88' lang='lat' dir='ltr'><strong>Sol</strong></span> <span class='ocrx_word' id='word_1_104' title='bbox 469 1851 614 1914; x_wconf 88' lang='lat' dir='ltr'><strong>adiurare</strong></span> <span class='ocrx_word' id='word_1_105' title='bbox 628 1871 683 1914; x_wconf 89' lang='lat' dir='ltr'><strong>eos</strong></span> <span class='ocrx_word' id='word_1_106' title='bbox 702 1851 877 1925; x_wconf 86' lang='lat' dir='ltr'><strong>recusauit,</strong></span> <span class='ocrx_word' id='word_1_107' title='bbox 898 1860 1044 1933; x_wconf 72' lang='lat' dir='ltr'><strong>presente</strong></span> <span class='ocrx_word' id='word_1_108' title='bbox 1058 1852 1211 1933; x_wconf 81' lang='lat' dir='ltr'><strong>pristaldc</strong></span> <span class='ocrx_word' id='word_1_109' title='bbox 1318 1890 1320 1894; x_wconf 93' lang='lat'>·</span> 
     </span>
    </p>
   </div>
   <div class='ocr_carea' id='block_1_4' title="bbox 180 1961 1221 4289">
    <p class='ocr_par' dir='ltr' id='par_1_4' title="bbox 183 1961 1135 2043">
     <span class='ocr_line' id='line_1_15' title="bbox 183 1961 1135 2043; baseline -0.001 -17"><span class='ocrx_word' id='word_1_110' title='bbox 183 1964 311 2027; x_wconf 88' lang='lat' dir='ltr'><strong>nomine</strong></span> <span class='ocrx_word' id='word_1_111' title='bbox 326 1963 446 2026; x_wconf 85' lang='lat' dir='ltr'><strong>Thema</strong></span> <span class='ocrx_word' id='word_1_112' title='bbox 459 1962 524 2025; x_wconf 86' lang='lat' dir='ltr'><strong>lilio</strong></span> <span class='ocrx_word' id='word_1_113' title='bbox 539 1961 689 2043; x_wconf 84' lang='lat' dir='ltr'><strong>Stephani</strong></span> <span class='ocrx_word' id='word_1_114' title='bbox 703 1964 743 2025; x_wconf 84' lang='lat' dir='ltr'><strong>ds</strong></span> <span class='ocrx_word' id='word_1_115' title='bbox 757 1961 916 2025; x_wconf 86' lang='lat' dir='ltr'><strong>territorio</strong></span> <span class='ocrx_word' id='word_1_116' title='bbox 930 1961 1135 2025; x_wconf 88' lang='lat' dir='ltr'><strong>Bichoriensi.</strong></span> 
     </span>
    </p>

    <p class='ocr_par' dir='ltr' id='par_1_5' title="bbox 181 2071 1212 2711">
     <span class='ocr_line' id='line_1_16' title="bbox 265 2071 1210 2156; baseline 0.002 -19"><span class='ocrx_word' id='word_1_117' title='bbox 265 2074 353 2156; x_wconf 73' lang='lat' dir='ltr'><strong>(alo)</strong></span> <span class='ocrx_word' id='word_1_118' title='bbox 374 2076 492 2137; x_wconf 88' lang='lat' dir='ltr'><strong>Detusa</strong></span> <span class='ocrx_word' id='word_1_119' title='bbox 502 2074 543 2136; x_wconf 89' lang='lat' dir='ltr'><strong>de</strong></span> <span class='ocrx_word' id='word_1_120' title='bbox 555 2072 628 2135; x_wconf 85' lang='lat' dir='ltr'><strong>ullla</strong></span> <span class='ocrx_word' id='word_1_121' title='bbox 640 2073 735 2136; x_wconf 80' lang='lat' dir='ltr'><strong>Saros</strong></span> <span class='ocrx_word' id='word_1_122' title='bbox 744 2073 884 2156; x_wconf 87' lang='lat' dir='ltr'><strong>impcciit</strong></span> <span class='ocrx_word' id='word_1_123' title='bbox 895 2071 1107 2136; x_wconf 88' lang='lat' dir='ltr'><strong>conuillanum</strong></span> <span class='ocrx_word' id='word_1_124' title='bbox 1118 2093 1210 2138; x_wconf 85' lang='lat' dir='ltr'><strong>suum</strong></span> 
     </span>
     <span class='ocr_line' id='line_1_17' title="bbox 184 2181 1212 2258; baseline -0.001 -9"><span class='ocrx_word' id='word_1_125' title='bbox 184 2186 312 2249; x_wconf 82' lang='lat' dir='ltr'><strong>nornine</strong></span> <span class='ocrx_word' id='word_1_126' title='bbox 332 2181 463 2257; x_wconf 76' lang='lat' dir='ltr'><strong>neerei,</strong></span> <span class='ocrx_word' id='word_1_127' title='bbox 493 2184 533 2246; x_wconf 89' lang='lat' dir='ltr'><strong>de</strong></span> <span class='ocrx_word' id='word_1_128' title='bbox 554 2183 773 2246; x_wconf 81' lang='lat' dir='ltr'><strong>combustione</strong></span> <span class='ocrx_word' id='word_1_129' title='bbox 790 2185 903 2246; x_wconf 75' lang='lat' dir='ltr'><strong>domm</strong></span> <span class='ocrx_word' id='word_1_130' title='bbox 923 2200 981 2245; x_wconf 89' lang='lat' dir='ltr'><strong>sue</strong></span> <span class='ocrx_word' id='word_1_131' title='bbox 1001 2192 1033 2244; x_wconf 84' lang='lat' dir='ltr'><strong>et</strong></span> <span class='ocrx_word' id='word_1_132' title='bbox 1053 2183 1094 2246; x_wconf 91' lang='lat' dir='ltr'><strong>de</strong></span> <span class='ocrx_word' id='word_1_133' title='bbox 1114 2183 1212 2258; x_wconf 73' lang='lat' dir='ltr'><strong>iuno,</strong></span> 
     </span>
     <span class='ocr_line' id='line_1_18' title="bbox 181 2292 1212 2379; baseline 0.001 -22"><span class='ocrx_word' id='word_1_134' title='bbox 181 2316 261 2379; x_wconf 81' lang='lat' dir='ltr'><strong>quos</strong></span> <span class='ocrx_word' id='word_1_135' title='bbox 276 2296 372 2358; x_wconf 85' lang='lat' dir='ltr'><strong>Petur</strong></span> <span class='ocrx_word' id='word_1_136' title='bbox 385 2292 511 2356; x_wconf 87' lang='lat' dir='ltr'><strong>curialis</strong></span> <span class='ocrx_word' id='word_1_137' title='bbox 532 2312 638 2357; x_wconf 85' lang='lat' dir='ltr'><strong>comes</strong></span> <span class='ocrx_word' id='word_1_138' title='bbox 651 2294 792 2377; x_wconf 84' lang='lat' dir='ltr'><strong>Dionysii</strong></span> <span class='ocrx_word' id='word_1_139' title='bbox 811 2293 899 2377; x_wconf 72' lang='lat' dir='ltr'><strong>regie</strong></span> <span class='ocrx_word' id='word_1_140' title='bbox 918 2293 1087 2357; x_wconf 84' lang='lat' dir='ltr'><strong>maiestatis</strong></span> <span class='ocrx_word' id='word_1_141' title='bbox 1107 2314 1212 2358; x_wconf 64' lang='lat' dir='ltr'><strong>camo*</strong></span> 
     </span>
     <span class='ocr_line' id='line_1_19' title="bbox 181 2402 1209 2488; baseline -0.001 -18"><span class='ocrx_word' id='word_1_142' title='bbox 181 2406 255 2470; x_wconf 85' lang='lat' dir='ltr'><strong>rarii</strong></span> <span class='ocrx_word' id='word_1_143' title='bbox 277 2427 317 2470; x_wconf 85' lang='lat' dir='ltr'><strong>ex</strong></span> <span class='ocrx_word' id='word_1_144' title='bbox 340 2413 489 2488; x_wconf 85' lang='lat' dir='ltr'><strong>precepto</strong></span> <span class='ocrx_word' id='word_1_145' title='bbox 512 2402 630 2467; x_wconf 88' lang='lat' dir='ltr'><strong>domini</strong></span> <span class='ocrx_word' id='word_1_146' title='bbox 652 2406 700 2467; x_wconf 90' lang='lat' dir='ltr'><strong>sui</strong></span> <span class='ocrx_word' id='word_1_147' title='bbox 714 2405 902 2479; x_wconf 85' lang='lat' dir='ltr'><strong>discuciens,</strong></span> <span class='ocrx_word' id='word_1_148' title='bbox 923 2405 1006 2468; x_wconf 85' lang='lat' dir='ltr'><strong>misit</strong></span> <span class='ocrx_word' id='word_1_149' title='bbox 1021 2406 1209 2469; x_wconf 85' lang='lat' dir='ltr'><strong>Uaradlnum</strong></span> 
     </span>
     <span class='ocr_line' id='line_1_20' title="bbox 181 2516 1210 2599; baseline 0 -17"><span class='ocrx_word' id='word_1_150' title='bbox 181 2519 221 2582; x_wconf 90' lang='lat' dir='ltr'><strong>ad</strong></span> <span class='ocrx_word' id='word_1_151' title='bbox 231 2516 382 2582; x_wconf 89' lang='lat' dir='ltr'><strong>indicium</strong></span> <span class='ocrx_word' id='word_1_152' title='bbox 394 2516 468 2579; x_wconf 90' lang='lat' dir='ltr'><strong>lerri</strong></span> <span class='ocrx_word' id='word_1_153' title='bbox 481 2516 654 2590; x_wconf 78' lang='lat' dir='ltr'><strong>candentis,</strong></span> <span class='ocrx_word' id='word_1_154' title='bbox 664 2536 723 2598; x_wconf 89' lang='lat' dir='ltr'><strong>per</strong></span> <span class='ocrx_word' id='word_1_155' title='bbox 731 2516 913 2599; x_wconf 83' lang='lat' dir='ltr'><strong>pristaldum</strong></span> <span class='ocrx_word' id='word_1_156' title='bbox 925 2516 1059 2580; x_wconf 85' lang='lat' dir='ltr'><strong>Sidizlou</strong></span> <span class='ocrx_word' id='word_1_157' title='bbox 1071 2519 1210 2582; x_wconf 79' lang='lat' dir='ltr'><strong>nomine.</strong></span> 
     </span>
     <span class='ocr_line' id='line_1_21' title="bbox 181 2626 1091 2711; baseline -0.001 -18"><span class='ocrx_word' id='word_1_158' title='bbox 181 2629 298 2694; x_wconf 85' lang='lat' dir='ltr'><strong>Detreh</strong></span> <span class='ocrx_word' id='word_1_159' title='bbox 313 2631 418 2711; x_wconf 81' lang='lat' dir='ltr'><strong>itaque</strong></span> <span class='ocrx_word' id='word_1_160' title='bbox 433 2634 559 2710; x_wconf 86' lang='lat' dir='ltr'><strong>portato</strong></span> <span class='ocrx_word' id='word_1_161' title='bbox 573 2626 659 2689; x_wconf 84' lang='lat' dir='ltr'><strong>lsrro</strong></span> <span class='ocrx_word' id='word_1_162' title='bbox 674 2627 820 2690; x_wconf 87' lang='lat' dir='ltr'><strong>Uaradini</strong></span> <span class='ocrx_word' id='word_1_163' title='bbox 834 2627 1019 2691; x_wconf 78' lang='lat' dir='ltr'><strong>iustificatos</strong></span> <span class='ocrx_word' id='word_1_164' title='bbox 1033 2637 1091 2692; x_wconf 81' lang='lat' dir='ltr'><strong>est.</strong></span> 
     </span>
    </p>

    <p class='ocr_par' dir='ltr' id='par_1_6' title="bbox 180 2723 1211 3709">
     <span class='ocr_line' id='line_1_22' title="bbox 263 2723 1210 2822; baseline 0.003 -20"><span class='ocrx_word' id='word_1_165' title='bbox 263 2741 352 2822; x_wconf 70' lang='lat'><strong>(211)</strong></span> <span class='ocrx_word' id='word_1_166' title='bbox 373 2737 455 2822; x_wconf 78' lang='lat' dir='ltr'><strong>llelg</strong></span> <span class='ocrx_word' id='word_1_167' title='bbox 474 2738 514 2801; x_wconf 89' lang='lat' dir='ltr'><strong>de</strong></span> <span class='ocrx_word' id='word_1_168' title='bbox 533 2723 691 2801; x_wconf 81' lang='lat' dir='ltr'><strong>territorio</strong></span> <span class='ocrx_word' id='word_1_169' title='bbox 710 2736 903 2802; x_wconf 85' lang='lat' dir='ltr'><strong>Bichoriensi</strong></span> <span class='ocrx_word' id='word_1_170' title='bbox 923 2738 1061 2821; x_wconf 85' lang='lat' dir='ltr'><strong>impeciit</strong></span> <span class='ocrx_word' id='word_1_171' title='bbox 1083 2743 1210 2804; x_wconf 81' lang='lat' dir='ltr'><strong>Petrum</strong></span> 
     </span>
     <span class='ocr_line' id='line_1_23' title="bbox 181 2847 1210 2934; baseline -0.001 -18"><span class='ocrx_word' id='word_1_172' title='bbox 181 2851 362 2924; x_wconf 85' lang='lat' dir='ltr'><strong>etPaulum,</strong></span> <span class='ocrx_word' id='word_1_173' title='bbox 371 2849 452 2912; x_wconf 88' lang='lat' dir='ltr'><strong>lilios</strong></span> <span class='ocrx_word' id='word_1_174' title='bbox 462 2848 544 2911; x_wconf 87' lang='lat' dir='ltr'><strong>Both</strong></span> <span class='ocrx_word' id='word_1_175' title='bbox 553 2847 773 2930; x_wconf 76' lang='lat' dir='ltr'><strong>hodnogionis,</strong></span> <span class='ocrx_word' id='word_1_176' title='bbox 784 2849 985 2933; x_wconf 84' lang='lat' dir='ltr'><strong>dicensqnod</strong></span> <span class='ocrx_word' id='word_1_177' title='bbox 997 2870 1068 2913; x_wconf 86' lang='lat' dir='ltr'><strong>cum</strong></span> <span class='ocrx_word' id='word_1_178' title='bbox 1079 2859 1210 2934; x_wconf 72' lang='lat' dir='ltr'><strong>urgente</strong></span> 
     </span>
     <span class='ocr_line' id='line_1_24' title="bbox 181 2958 1209 3042; baseline -0.002 -17"><span class='ocrx_word' id='word_1_179' title='bbox 181 2962 367 3026; x_wconf 80' lang='lat' dir='ltr'><strong>necessitate</strong></span> <span class='ocrx_word' id='word_1_180' title='bbox 392 2961 432 3023; x_wconf 90' lang='lat' dir='ltr'><strong>ad</strong></span> <span class='ocrx_word' id='word_1_181' title='bbox 456 2959 600 3042; x_wconf 86' lang='lat' dir='ltr'><strong>predium</strong></span> <span class='ocrx_word' id='word_1_182' title='bbox 624 2958 748 3023; x_wconf 88' lang='lat' dir='ltr'><strong>illorum</strong></span> <span class='ocrx_word' id='word_1_183' title='bbox 772 2978 845 3022; x_wconf 92' lang='lat' dir='ltr'><strong>cum</strong></span> <span class='ocrx_word' id='word_1_184' title='bbox 868 2962 969 3024; x_wconf 85' lang='lat' dir='ltr'><strong>tribus</strong></span> <span class='ocrx_word' id='word_1_185' title='bbox 991 2961 1209 3025; x_wconf 86' lang='lat' dir='ltr'><strong>libertinorum</strong></span> 
     </span>
     <span class='ocr_line' id='line_1_25' title="bbox 181 3071 1211 3157; baseline -0.001 -20"><span class='ocrx_word' id='word_1_186' title='bbox 181 3073 333 3157; x_wconf 80' lang='lat' dir='ltr'><strong>capitibus</strong></span> <span class='ocrx_word' id='word_1_187' title='bbox 357 3071 567 3155; x_wconf 73' lang='lat' dir='ltr'><strong>confugisset,</strong></span> <span class='ocrx_word' id='word_1_188' title='bbox 598 3081 630 3135; x_wconf 88' lang='lat' dir='ltr'><strong>et</strong></span> <span class='ocrx_word' id='word_1_189' title='bbox 654 3081 765 3154; x_wconf 89' lang='lat' dir='ltr'><strong>postea</strong></span> <span class='ocrx_word' id='word_1_190' title='bbox 790 3081 932 3135; x_wconf 78' lang='lat' dir='ltr'><strong>cessante</strong></span> <span class='ocrx_word' id='word_1_191' title='bbox 957 3073 1144 3135; x_wconf 85' lang='lat' dir='ltr'><strong>aduersitate</strong></span> <span class='ocrx_word' id='word_1_192' title='bbox 1169 3074 1211 3136; x_wconf 84' lang='lat' dir='ltr'><strong>ad</strong></span> 
     </span>
     <span class='ocr_line' id='line_1_26' title="bbox 180 3181 1210 3264; baseline -0.003 -16"><span class='ocrx_word' id='word_1_193' title='bbox 180 3195 297 3249; x_wconf 82' lang='lat' dir='ltr'><strong>terram</strong></span> <span class='ocrx_word' id='word_1_194' title='bbox 319 3184 455 3248; x_wconf 68' lang='lat' dir='ltr'><strong>namlem</strong></span> <span class='ocrx_word' id='word_1_195' title='bbox 475 3184 579 3247; x_wconf 90' lang='lat' dir='ltr'><strong>redire</strong></span> <span class='ocrx_word' id='word_1_196' title='bbox 601 3183 798 3264; x_wconf 83' lang='lat' dir='ltr'><strong>disponeret,</strong></span> <span class='ocrx_word' id='word_1_197' title='bbox 818 3182 863 3244; x_wconf 87' lang='lat' dir='ltr'><strong>illl</strong></span> <span class='ocrx_word' id='word_1_198' title='bbox 885 3191 949 3244; x_wconf 85' lang='lat' dir='ltr'><strong>tres</strong></span> <span class='ocrx_word' id='word_1_199' title='bbox 963 3181 1125 3245; x_wconf 87' lang='lat' dir='ltr'><strong>libertinos</strong></span> <span class='ocrx_word' id='word_1_200' title='bbox 1138 3182 1210 3246; x_wconf 91' lang='lat' dir='ltr'><strong>illos</strong></span> 
     </span>
     <span class='ocr_line' id='line_1_27' title="bbox 183 3290 1210 3375; baseline -0.003 -16"><span class='ocrx_word' id='word_1_201' title='bbox 183 3297 222 3359; x_wconf 85' lang='lat' dir='ltr'><strong>ab</strong></span> <span class='ocrx_word' id='word_1_202' title='bbox 236 3315 274 3358; x_wconf 90' lang='lat' dir='ltr'><strong>eo</strong></span> <span class='ocrx_word' id='word_1_203' title='bbox 288 3296 445 3359; x_wconf 89' lang='lat' dir='ltr'><strong>uiolenter</strong></span> <span class='ocrx_word' id='word_1_204' title='bbox 458 3294 670 3357; x_wconf 79' lang='lat' dir='ltr'><strong>abstulissent.</strong></span> <span class='ocrx_word' id='word_1_205' title='bbox 690 3294 744 3375; x_wconf 86' lang='lat' dir='ltr'><strong>qui</strong></span> <span class='ocrx_word' id='word_1_206' title='bbox 759 3311 829 3354; x_wconf 89' lang='lat' dir='ltr'><strong>oum</strong></span> <span class='ocrx_word' id='word_1_207' title='bbox 844 3293 905 3354; x_wconf 85' lang='lat' dir='ltr'><strong>hoo</strong></span> <span class='ocrx_word' id='word_1_208' title='bbox 919 3312 953 3355; x_wconf 90' lang='lat' dir='ltr'><strong>se</strong></span> <span class='ocrx_word' id='word_1_209' title='bbox 968 3290 1082 3354; x_wconf 82' lang='lat' dir='ltr'><strong>iecisse</strong></span> <span class='ocrx_word' id='word_1_210' title='bbox 1096 3312 1210 3374; x_wconf 77' lang='lat' dir='ltr'><strong>negas-</strong></span> 
     </span>
     <span class='ocr_line' id='line_1_28' title="bbox 183 3402 1210 3486; baseline -0.001 -18"><span class='ocrx_word' id='word_1_211' title='bbox 183 3413 267 3479; x_wconf 87' lang='lat' dir='ltr'><strong>sent,</strong></span> <span class='ocrx_word' id='word_1_212' title='bbox 288 3406 418 3469; x_wconf 85' lang='lat' dir='ltr'><strong>Nuncha</strong></span> <span class='ocrx_word' id='word_1_213' title='bbox 439 3424 545 3469; x_wconf 91' lang='lat' dir='ltr'><strong>comes</strong></span> <span class='ocrx_word' id='word_1_214' title='bbox 566 3403 793 3476; x_wconf 88' lang='lat' dir='ltr'><strong>Bichoriensis,</strong></span> <span class='ocrx_word' id='word_1_215' title='bbox 815 3424 871 3485; x_wconf 89' lang='lat' dir='ltr'><strong>per</strong></span> <span class='ocrx_word' id='word_1_216' title='bbox 886 3402 1069 3486; x_wconf 83' lang='lat' dir='ltr'><strong>pristaldum</strong></span> <span class='ocrx_word' id='word_1_217' title='bbox 1084 3403 1210 3467; x_wconf 85' lang='lat' dir='ltr'><strong>nomine</strong></span> 
     </span>
     <span class='ocr_line' id='line_1_29' title="bbox 183 3512 1210 3589; baseline -0.004 -8"><span class='ocrx_word' id='word_1_218' title='bbox 183 3516 386 3581; x_wconf 80' lang='lat' dir='ltr'><strong>Benedictum</strong></span> <span class='ocrx_word' id='word_1_219' title='bbox 409 3519 449 3580; x_wconf 92' lang='lat' dir='ltr'><strong>de</strong></span> <span class='ocrx_word' id='word_1_220' title='bbox 468 3517 544 3580; x_wconf 92' lang='lat' dir='ltr'><strong>uilla</strong></span> <span class='ocrx_word' id='word_1_221' title='bbox 564 3515 697 3589; x_wconf 88' lang='lat' dir='ltr'><strong>Uduori,</strong></span> <span class='ocrx_word' id='word_1_222' title='bbox 726 3512 810 3577; x_wconf 88' lang='lat' dir='ltr'><strong>misit</strong></span> <span class='ocrx_word' id='word_1_223' title='bbox 830 3515 900 3576; x_wconf 89' lang='lat' dir='ltr'><strong>illos</strong></span> <span class='ocrx_word' id='word_1_224' title='bbox 922 3514 1126 3577; x_wconf 82' lang='lat' dir='ltr'><strong>Uaradinum:</strong></span> <span class='ocrx_word' id='word_1_225' title='bbox 1157 3513 1210 3578; x_wconf 89' lang='lat' dir='ltr'><strong>ubi</strong></span> 
     </span>
     <span class='ocr_line' id='line_1_30' title="bbox 182 3625 1032 3709; baseline -0.005 -18"><span class='ocrx_word' id='word_1_226' title='bbox 182 3636 431 3709; x_wconf 82' lang='lat' dir='ltr'><strong>prememoratus</strong></span> <span class='ocrx_word' id='word_1_227' title='bbox 444 3627 527 3708; x_wconf 72' lang='lat' dir='ltr'><strong>ilelg</strong></span> <span class='ocrx_word' id='word_1_228' title='bbox 540 3634 662 3709; x_wconf 82' lang='lat' dir='ltr'><strong>portato</strong></span> <span class='ocrx_word' id='word_1_229' title='bbox 676 3626 760 3689; x_wconf 85' lang='lat' dir='ltr'><strong>lerro</strong></span> <span class='ocrx_word' id='word_1_230' title='bbox 774 3625 959 3688; x_wconf 85' lang='lat' dir='ltr'><strong>iustificatus</strong></span> <span class='ocrx_word' id='word_1_231' title='bbox 973 3631 1032 3688; x_wconf 80' lang='lat' dir='ltr'><strong>est</strong></span> 
     </span>
    </p>

    <p class='ocr_par' dir='ltr' id='par_1_7' title="bbox 181 3735 1221 4289">
     <span class='ocr_line' id='line_1_31' title="bbox 264 3735 1211 3821; baseline 0 -20"><span class='ocrx_word' id='word_1_232' title='bbox 264 3735 351 3821; x_wconf 67' lang='lat'><strong>(212)</strong></span> <span class='ocrx_word' id='word_1_233' title='bbox 372 3738 505 3801; x_wconf 80' lang='lat' dir='ltr'><strong>llinistri</strong></span> <span class='ocrx_word' id='word_1_234' title='bbox 520 3739 604 3820; x_wconf 77' lang='lat' dir='ltr'><strong>regis</strong></span> <span class='ocrx_word' id='word_1_235' title='bbox 618 3737 658 3800; x_wconf 89' lang='lat' dir='ltr'><strong>de</strong></span> <span class='ocrx_word' id='word_1_236' title='bbox 673 3737 834 3818; x_wconf 85' lang='lat' dir='ltr'><strong>prouincia</strong></span> <span class='ocrx_word' id='word_1_237' title='bbox 848 3736 1000 3810; x_wconf 81' lang='lat' dir='ltr'><strong>Zaboleh,</strong></span> <span class='ocrx_word' id='word_1_238' title='bbox 1014 3735 1132 3799; x_wconf 87' lang='lat' dir='ltr'><strong>scilicet</strong></span> <span class='ocrx_word' id='word_1_239' title='bbox 1144 3737 1211 3812; x_wconf 86' lang='lat' dir='ltr'><strong>lna,</strong></span> 
     </span>
     <span class='ocr_line' id='line_1_32' title="bbox 181 3847 1211 3924; baseline 0.001 -13"><span class='ocrx_word' id='word_1_240' title='bbox 181 3847 274 3923; x_wconf 83' lang='lat' dir='ltr'><strong>Elea,</strong></span> <span class='ocrx_word' id='word_1_241' title='bbox 294 3850 449 3924; x_wconf 78' lang='lat' dir='ltr'><strong>Nicolrm,</strong></span> <span class='ocrx_word' id='word_1_242' title='bbox 470 3849 597 3923; x_wconf 88' lang='lat' dir='ltr'><strong>Forcos,</strong></span> <span class='ocrx_word' id='word_1_243' title='bbox 619 3849 744 3923; x_wconf 80' lang='lat' dir='ltr'><strong>Tomos,</strong></span> <span class='ocrx_word' id='word_1_244' title='bbox 765 3848 867 3922; x_wconf 72' lang='lat' dir='ltr'><strong>uaso,</strong></span> <span class='ocrx_word' id='word_1_245' title='bbox 888 3848 962 3923; x_wconf 89' lang='lat' dir='ltr'><strong>Bol,</strong></span> <span class='ocrx_word' id='word_1_246' title='bbox 982 3849 1127 3923; x_wconf 82' lang='lat' dir='ltr'><strong>loannes,</strong></span> <span class='ocrx_word' id='word_1_247' title='bbox 1147 3849 1211 3912; x_wconf 80' lang='lat' dir='ltr'><strong>Ab·</strong></span> 
     </span>
     <span class='ocr_line' id='line_1_33' title="bbox 182 3957 1221 4043; baseline 0 -20"><span class='ocrx_word' id='word_1_248' title='bbox 182 3957 289 4034; x_wconf 89' lang='lat' dir='ltr'><strong>solon,</strong></span> <span class='ocrx_word' id='word_1_249' title='bbox 318 3961 422 4036; x_wconf 82' lang='lat' dir='ltr'><strong>Peter,</strong></span> <span class='ocrx_word' id='word_1_250' title='bbox 446 3959 540 4036; x_wconf 85' lang='lat' dir='ltr'><strong>Paul,</strong></span> <span class='ocrx_word' id='word_1_251' title='bbox 562 3960 720 4043; x_wconf 81' lang='lat' dir='ltr'><strong>Fequete,</strong></span> <span class='ocrx_word' id='word_1_252' title='bbox 743 3961 879 4035; x_wconf 86' lang='lat' dir='ltr'><strong>Primus,</strong></span> <span class='ocrx_word' id='word_1_253' title='bbox 905 3960 1035 4043; x_wconf 76' lang='lat' dir='ltr'><strong>Egidius</strong></span> <span class='ocrx_word' id='word_1_254' title='bbox 1057 3961 1221 4025; x_wconf 64' lang='lat' dir='ltr'><strong>orchidia«.</strong></span> 
     </span>
     <span class='ocr_line' id='line_1_34' title="bbox 184 4071 1210 4158; baseline 0.004 -22"><span class='ocrx_word' id='word_1_255' title='bbox 184 4090 293 4145; x_wconf 89' lang='lat' dir='ltr'><strong>conus,</strong></span> <span class='ocrx_word' id='word_1_256' title='bbox 314 4071 411 4147; x_wconf 76' lang='lat' dir='ltr'><strong>reu,</strong></span> <span class='ocrx_word' id='word_1_257' title='bbox 431 4073 549 4149; x_wconf 85' lang='lat' dir='ltr'><strong>Pensa,</strong></span> <span class='ocrx_word' id='word_1_258' title='bbox 570 4071 732 4158; x_wconf 85' lang='lat' dir='ltr'><strong>Ferqued,</strong></span> <span class='ocrx_word' id='word_1_259' title='bbox 754 4072 925 4150; x_wconf 81' lang='lat' dir='ltr'><strong>Leustach,</strong></span> <span class='ocrx_word' id='word_1_260' title='bbox 947 4092 1055 4138; x_wconf 89' lang='lat' dir='ltr'><strong>omnes</strong></span> <span class='ocrx_word' id='word_1_261' title='bbox 1073 4073 1123 4138; x_wconf 86' lang='lat' dir='ltr'><strong>isti</strong></span> <span class='ocrx_word' id='word_1_262' title='bbox 1137 4091 1210 4140; x_wconf 80' lang='lat' dir='ltr'><strong>cum</strong></span> 
     </span>
     <span class='ocr_line' id='line_1_35' title="bbox 183 4183 1209 4289; baseline 0.005 -36"><span class='ocrx_word' id='word_1_263' title='bbox 183 4183 326 4289; x_wconf 58' lang='lat' dir='ltr'><strong>cognatis</strong></span> <span class='ocrx_word' id='word_1_264' title='bbox 347 4184 424 4267; x_wconf 82' lang='lat' dir='ltr'><strong>suls,</strong></span> <span class='ocrx_word' id='word_1_265' title='bbox 450 4184 524 4256; x_wconf 79' lang='lat' dir='ltr'><strong>item</strong></span> <span class='ocrx_word' id='word_1_266' title='bbox 550 4185 686 4278; x_wconf 83' lang='lat' dir='ltr'><strong>populus</strong></span> <span class='ocrx_word' id='word_1_267' title='bbox 708 4185 870 4277; x_wconf 66' lang='lat' dir='ltr'><strong>aptensis</strong></span> <span class='ocrx_word' id='word_1_268' title='bbox 891 4186 1209 4277; x_wconf 61' lang='lat' dir='ltr'><strong>comtemtores</strong></span> 
     </span>
    </p>
   </div>
   <div class='ocr_carea' id='block_1_5' title="bbox 0 0 1404 4764">
    <p class='ocr_par' dir='ltr' id='par_1_8' title="bbox 0 0 1404 4764">
     <span class='ocr_line' id='line_1_36' title="bbox 0 0 1404 4764; baseline 0 0"><span class='ocrx_word' id='word_1_269' title='bbox 0 0 1404 4764; x_wconf 95' lang='lat' dir='ltr'><strong> </strong></span> 
     </span>
    </p>
   </div>
  </div>
 </body>
</html>
