2798 4764
271 352 422 400 creturus
436 354 592 400 uosrrruu
606 353 694 399 noun
710 353 807 399 urus
822 350 975 400 meursio.
997 334 1087 400 1252.
1132 332 1190 399 ter

247 511 303 582 (7)
330 509 394 570 Fur
417 517 520 571 autem
551 518 582 570 et
608 508 832 588 calumpniator
858 509 1054 581 manifestus,
1086 517 1193 572 contra

165 641 259 702 quem
275 622 448 682 communis
463 621 596 703 populus
613 621 732 682 faceret
747 620 975 694 testimenium,
997 619 1106 682 ablatis
1125 640 1194 683 om-

164 733 266 806 nibus,
289 753 350 815 que
368 733 479 805 habet,
501 733 540 795 de
556 734 630 795 uilia
645 733 829 813 expellatur,
852 752 920 792 cum
936 733 1070 812 pudore.

247 845 304 919 (8)
325 846 521 907 Decedentes
535 853 640 906 autem
655 843 722 905 sine
737 844 906 905 heredibus
921 843 1026 904 omnio
1039 843 1123 905 bona
1136 863 1194 906 sua

163 958 353 1038 relinquant,
375 957 551 1036 cuicunque
568 954 677 1017 uolunt
691 955 865 1016 retinendo.

247 1069 307 1141 (o)
329 1067 390 1147 Ipsi
413 1065 511 1128 eciam
533 1066 619 1127 ciues
641 1067 679 1127 ud
695 1066 865 1128 exercitum
887 1068 959 1128 bani
979 1076 1030 1130 aut
1044 1067 1126 1147 regis
1141 1074 1194 1129 aut

163 1179 274 1241 iudicis
293 1179 341 1242 sui
361 1179 406 1241 ire
429 1198 493 1239 nen
514 1180 715 1252 tenebuntur,
735 1197 794 1243 nec
808 1179 899 1242 alicui
918 1178 1059 1260 ipsorum
1073 1178 1122 1243 uis
1137 1179 1194 1243 de·

165 1310 287 1351 morum
302 1311 445 1361 suarum,
467 1310 526 1351 nec
548 1289 697 1351 asumiiia
711 1300 833 1361 nostra,
856 1310 958 1373 neque
976 1292 1013 1353 ab
1029 1291 1096 1353 aliis
1114 1289 1195 1352 inse·

164 1412 260 1475 ratur,
280 1404 335 1464 sed
351 1422 443 1483 quem
461 1402 570 1464 uolunt
584 1400 725 1480 hospicio
740 1403 893 1482 recipiant
908 1402 1094 1465 uoluntarie.

246 1514 324 1585 (10)
347 1514 494 1573 Preterea
510 1512 608 1572 maior
623 1511 713 1583 uiiie,
735 1512 880 1575 reuoluto
896 1533 978 1575 anno
993 1513 1195 1578 uitiicacionis

164 1643 238 1696 sue,
260 1644 347 1685 suoru
362 1624 475 1685 debeat
496 1643 651 1703 reponere
669 1622 911 1696 uiilieuciouem‚
934 1625 1005 1686 etsi
1020 1625 1194 1687 eommunis

165 1735 298 1817 populns
320 1733 471 1807 uoluerit,
499 1732 603 1795 eidem
627 1732 780 1796 uillicaeio
802 1734 991 1808 conseratur,
1019 1734 1194 1798 sinautem

163 1848 266 1920 alteri,
289 1847 338 1908 cui
353 1846 503 1917 uoluerit,
525 1845 593 1926 ipsa
608 1845 789 1908 conseratur
804 1845 967 1908 uillicucio.

245 1960 323 2033 (11)
347 1957 379 2017 Si
402 1957 470 2038 quis
491 1957 585 2037 igitur
606 1958 647 2022 ad
669 1957 769 2037 ipsam
789 1957 894 2020 uillam
918 1959 1027 2022 uenire
1042 1959 1197 2030 uoluerit,

162 2071 260 2132 iibere
280 2070 396 2131 ueniat.
425 2070 577 2132 recedunt
597 2071 696 2132 eciam
712 2089 839 2142 secure,
861 2071 998 2133 uenditis
1012 2071 1102 2133 bonis
1118 2070 1196 2143 suis,

163 2182 217 2264 qui
231 2182 381 2244 recedere
396 2180 506 2241 uniunt
521 2181 561 2241 ab
576 2180 698 2242 eadem.

246 2293 323 2365 (12)
346 2290 494 2352 Uolumus
522 2291 622 2352 eciam
648 2293 733 2371 quod
758 2291 902 2353 homines
929 2291 983 2372 qui
1006 2293 1196 2360 marturinae

164 2402 288 2465 soluere
303 2402 420 2475 solent,
442 2404 481 2465 ad
496 2403 595 2484 ipsum
612 2403 717 2465 uillam
731 2422 795 2465 non
809 2404 1008 2484 recipiuntur.

246 2515 325 2588 (13)
346 2514 423 2577 item
438 2535 536 2595 super·
551 2534 646 2577 eausa
661 2515 857 2595 pecuniaria,
878 2516 903 2576 si
919 2517 988 2597 quis
1002 2519 1195 2595 conuicetur‚

164 2625 370 2707 quadraginta
385 2625 532 2689 denarios
548 2646 605 2705 pro
621 2625 735 2687 iudicio
750 2624 875 2688 soluere
890 2627 1059 2690 tenebitur.

245 2734 325 2809 (tt)
346 2737 494 2798 Preterea
508 2735 566 2816 ipsi
581 2735 666 2798 ciues
682 2736 832 2798 tributum
854 2737 886 2799 in
905 2737 974 2800 foro
989 2760 1052 2801 non
1067 2739 1194 2806 solusne

162 2850 202 2913 de
217 2849 281 2912 suis
297 2848 518 2911 mercimoniis.

245 2964 325 3036 (15)
347 2958 582 3041 Assigneuimus
598 2961 696 3023 eciam
712 2969 827 3025 terram
842 2961 962 3024 eisdem
978 2962 1017 3024 de
1032 2963 1194 3044 superiore

163 3081 252 3155 parte
274 3071 348 3134 uiile
365 3071 546 3144 CrisiensiS,
567 3092 660 3152 quam
686 3093 743 3134 nos
768 3073 974 3152 personaliter
994 3074 1195 3154 inspeximus,

164 3204 222 3264 per
242 3183 409 3261 Georgium
435 3182 580 3244 comitem
603 3182 790 3246 Crisiensem
815 3192 908 3264 atque
932 3181 1072 3244 Prelsam
1098 3191 1195 3245 terre·

166 3303 262 3354 strem
277 3291 387 3353 metari
402 3292 561 3354 facientes

249 3403 287 3465 Ut
308 3410 411 3465 sutem
433 3402 525 3465 huius
546 3404 621 3465 oilie
645 3403 771 3466 libertas
790 3405 975 3466 inconcussa
996 3410 1195 3483 permaneat,

165 3514 286 3576 litteras
302 3522 466 3594 presentes
481 3516 626 3578 duximus
641 3516 760 3577 eisdem
776 3513 1006 3575 concedendos.
1043 3513 1149 3576 datum
1162 3515 1195 3578 in

166 3627 246 3689 sesto
270 3625 369 3688 suncti
391 3626 525 3707 Georgii.
554 3647 636 3688 anno
656 3627 774 3689 domini
796 3624 960 3687 millesimo
980 3625 1195 3691 ducentesimo

167 3738 428 3820 quinquagesimo
442 3738 592 3799 secundo.
