2798 4764
225 307 286 376 ldd
327 329 416 379 sxta
430 329 471 376 tv.
484 328 576 376 mors
590 330 741 376 nrnrnrss
755 329 912 376 uosrrrcu
926 332 966 376 ur
982 329 1129 380 stsrxrcs.
1162 315 1252 380 1255.

225 485 319 566 agris,
339 504 376 547 ac
390 483 480 548 liberi
494 484 556 549 siut
569 483 651 549 intra
664 484 858 566 subscriptas
875 495 973 548 metus
986 486 1017 547 in
1033 488 1176 550 omuibus
1192 489 1253 551 uti·

225 596 362 661 litatibus
377 598 451 670 suis,
472 606 603 679 excepta
619 597 792 659 ucnaciune
808 606 839 659 et
853 599 985 678 piscium
1000 600 1162 681 capcione.

307 711 363 787 (l)
384 713 460 774 ltem
478 711 517 773 de
533 712 599 773 auri
615 711 723 773 ludina
737 711 861 774 soluaut
876 712 1046 786 decimam,
1067 714 1106 775 de
1122 723 1252 797 argento

225 843 303 888 uero
317 830 348 886 et
362 824 402 885 de
417 822 485 885 aliis
499 823 645 885 omnibus
664 820 796 884 metallis
819 831 962 886 octauam
983 833 1102 905 purtem
1126 825 1251 889 soluere

224 943 400 999 teneantur.

307 1050 369 1124 (5)
391 1049 470 1111 ltem
485 1048 517 1109 in
533 1047 617 1111 omui
631 1067 724 1110 euersa
739 1067 801 1130 que
816 1050 856 1110 ad
872 1067 1005 1111 examen
1021 1049 1116 1111 duelli
1134 1050 1253 1114 iudica·

224 1170 286 1235 tur,
301 1162 327 1222 si
342 1180 477 1243 persona
498 1160 567 1234 illa,
589 1181 650 1242 que
671 1161 757 1243 ipsos
778 1161 915 1242 impetit,
937 1160 976 1224 sit
997 1161 1126 1243 deipsis
1150 1162 1201 1225 uel
1215 1162 1253 1225 li·

224 1272 354 1337 bcrtatis
376 1279 431 1335 aut
447 1271 588 1335 nacionis
607 1290 733 1345 eorum,
752 1270 827 1333 illud
845 1269 983 1333 drrellum
1003 1291 1074 1334 cum
1091 1283 1180 1336 scuto
1200 1294 1251 1335 ro-

225 1385 355 1449 tundato
370 1391 402 1445 et
415 1383 526 1466 gladiis
542 1383 669 1446 debebit
685 1383 830 1465 pugnari,
852 1391 945 1464 prout
960 1382 1117 1445 Saxonum
1132 1384 1253 1447 obtinet

225 1497 431 1560 consuetudo.
459 1497 485 1558 si
506 1515 582 1558 uero
601 1504 748 1559 extranee
771 1494 963 1558 condicionis
984 1514 1120 1576 persona
1140 1495 1251 1570 luerit,

224 1615 298 1671 tunc
313 1606 423 1669 modus
439 1604 534 1668 duelli
548 1606 580 1666 iu
595 1605 678 1687 regis
692 1605 819 1668 arbitrio
834 1606 1017 1668 remanebit.

308 1718 367 1792 (6)
388 1718 464 1779 ltem
480 1717 520 1780 ad
535 1716 649 1778 nullius
663 1716 846 1779 citacionem
863 1715 1027 1779 incuriam
1043 1718 1152 1779 uenire
1164 1727 1252 1779 tene-

224 1827 351 1901 buntur,
372 1827 431 1890 uisi
446 1847 502 1908 per
518 1835 640 1889 nostras
655 1826 806 1908 speciales
820 1827 939 1890 litteras
961 1827 1076 1891 fuerint
1098 1827 1199 1901 citati,
1221 1836 1252 1889 et

224 1940 258 2006 in
277 1942 376 2004 nostri
398 1940 561 2022 presencia
581 1939 633 2002 uel
654 1939 748 2014 illius,
770 1942 819 2002 cui
839 1960 879 2004 ex
899 1948 986 2003 certa
1003 1942 1252 2005 concesserimus

222 2052 355 2117 licencia
369 2052 494 2116 adstare
511 2052 712 2115 tenebuntur.

307 2168 368 2240 (7)
390 2164 492 2247 Super
504 2163 553 2226 bis
568 2163 717 2246 predictis
732 2164 906 2247 hospitibus
930 2164 1042 2226 uostris
1057 2166 1096 2227 de
1111 2165 1251 2227 bistricia

224 2276 441 2351 concedimus,
461 2284 496 2339 ut
516 2284 623 2358 preter
639 2284 775 2338 nostram
792 2273 1013 2337 excellenciam
1036 2274 1140 2337 nullus
1155 2276 1254 2356 possit

224 2389 409 2454 descensum
425 2389 529 2452 lacere
544 2408 640 2470 super
653 2387 749 2469 ipsos,
764 2387 823 2449 nisi
837 2406 917 2468 quos
930 2387 989 2468 ipsi
1005 2387 1044 2449 de
1060 2386 1187 2468 propria
1201 2408 1253 2449 re-

224 2501 365 2583 ceperint
379 2501 551 2563 uoluntate.

306 2614 364 2690 (8)
387 2612 567 2675 Addicimus
589 2612 688 2674 eciam
712 2619 745 2672 ut
760 2612 799 2673 ab
815 2612 900 2674 omni
916 2610 1129 2673 iurisdictione
1152 2621 1184 2674 et
1204 2611 1252 2673 iu-

223 2725 305 2789 dicio
321 2728 467 2789 comitum
484 2724 523 2787 de
535 2723 662 2797 Zolum,
684 2744 740 2805 pro
757 2732 898 2805 tempore
915 2722 1169 2795 constitutorum,
1190 2724 1251 2787 siut

223 2837 348 2919 penitus
362 2835 453 2897 liberi
469 2845 500 2897 et
514 2835 637 2897 exemti.

306 2949 365 3022 (9)
387 2945 534 3009 Uolumus
556 2947 670 3018 eciam,
693 2956 726 3008 ut
747 2946 864 3008 nullam
880 2947 1074 3010 exactionem
1099 2967 1155 3009 seu
1177 2967 1251 3010 cen-

222 3078 291 3123 sum
305 3059 434 3122 racione
449 3059 576 3140 terragii
593 3058 683 3120 ulicui
698 3055 823 3119 soluere
839 3065 1014 3119 teneantur.

304 3173 383 3247 (10)
403 3172 480 3235 ltem
495 3170 575 3232 circa
589 3167 832 3231 renouacionem
849 3177 1061 3242 monetarum,
1084 3169 1250 3231 numularii

222 3286 263 3349 sd
278 3305 333 3348 eos
359 3285 539 3356 uenientes,
573 3288 694 3363 septem
719 3280 830 3343 diebus
853 3290 997 3361 pretextu
1020 3302 1101 3343 noue
1124 3290 1249 3343 monete

223 3397 339 3460 nullam
364 3397 396 3458 iu
417 3395 503 3477 ipsos
526 3393 686 3455 habebunt
713 3400 913 3471 potestatem,
941 3392 1055 3473 elapsis
1074 3412 1151 3454 uero
1174 3391 1251 3472 ipsis

222 3518 344 3590 septem
370 3509 496 3580 diebus,
527 3525 652 3568 omnem
680 3505 840 3568 habebunt
864 3503 1127 3577 iurisdictionem,
1159 3524 1252 3586 quam

222 3620 340 3684 babent
353 3621 385 3682 in
400 3619 559 3701 Strigonio
574 3618 625 3680 uel
641 3617 737 3678 Buda.

304 3732 383 3806 (11)
413 3731 561 3792 Preterea
587 3728 627 3790 ud
655 3728 827 3790 exercitum
857 3728 907 3789 uel
935 3726 1184 3807 expedicionem,
1214 3726 1254 3788 ad

223 3862 319 3923 quem
341 3860 398 3903 nos
421 3841 629 3921 personaliter
649 3840 695 3902 ire
711 3840 887 3921 continget,
910 3846 941 3900 et
962 3837 1022 3919 ipsi
1037 3838 1187 3900 decenter
1198 3857 1255 3915 'or-

223 3953 304 4027 usti,
325 3952 383 4015 sub
399 3961 506 4016 nostro
520 3951 638 4015 uexillo
659 3951 705 4014 ire
720 3951 920 4014 tenebuntur.

305 4068 386 4142 (12)
407 4066 539 4146 Insuper
551 4065 753 4128 concedimus
769 4060 996 4147 prenominatis
1009 4060 1185 4144 hospitibus
1197 4081 1256 4124 no-

224 4177 295 4245 stris
310 4179 349 4243 de
365 4178 506 4243 Bistricis
520 4187 675 4261 quatenus
690 4196 730 4241 ea
747 4177 905 4260 gaudeant
927 4174 1071 4240 libertate
1092 4196 1187 4260 super
1201 4175 1256 4239 tri·
