<?xml version="1.0" encoding="UTF-8"?>
<!DOCTYPE html PUBLIC "-//W3C//DTD XHTML 1.0 Transitional//EN"
    "http://www.w3.org/TR/xhtml1/DTD/xhtml1-transitional.dtd">
<html xmlns="http://www.w3.org/1999/xhtml" xml:lang="en" lang="en">
 <head>
  <title>
</title>
<meta http-equiv="Content-Type" content="text/html;charset=utf-8" />
  <meta name='ocr-system' content='tesseract 3.04.00' />
  <meta name='ocr-capabilities' content='ocr_page ocr_carea ocr_par ocr_line ocrx_word'/>
</head>
<body>
  <div class='ocr_page' id='page_1' title='image "./rerumhungaricar00endlgoog/rerumhungaricar00endlgoog_0065.png"; bbox 0 0 2798 4764; ppageno 0'>
   <div class='ocr_carea' id='block_1_1' title="bbox 174 296 986 403">
    <p class='ocr_par' dir='ltr' id='par_1_1' title="bbox 174 296 986 403">
     <span class='ocr_line' id='line_1_1' title="bbox 174 296 986 403; baseline -0.018 -28"><span class='ocrx_word' id='word_1_1' title='bbox 174 306 217 375; x_wconf 73' lang='lat' dir='ltr'>aa</span> <span class='ocrx_word' id='word_1_2' title='bbox 395 320 532 387; x_wconf 73' lang='lat' dir='ltr'>amasus</span> <span class='ocrx_word' id='word_1_3' title='bbox 552 318 653 367; x_wconf 78' lang='lat' dir='ltr'>aesna</span> <span class='ocrx_word' id='word_1_4' title='bbox 674 315 882 403; x_wconf 76' lang='lat' dir='ltr'>uunouoaou</span> <span class='ocrx_word' id='word_1_5' title='bbox 904 296 986 379; x_wconf 58' lang='lat' dir='ltr'>(dt)</span> 
     </span>
    </p>
   </div>
   <div class='ocr_carea' id='block_1_2' title="bbox 176 469 1211 1677">
    <p class='ocr_par' dir='ltr' id='par_1_2' title="bbox 176 469 1211 1677">
     <span class='ocr_line' id='line_1_2' title="bbox 176 469 1205 555; baseline -0.008 -14"><span class='ocrx_word' id='word_1_6' title='bbox 176 481 317 552; x_wconf 89' lang='lat' dir='ltr'>sacrato,</span> <span class='ocrx_word' id='word_1_7' title='bbox 336 476 398 539; x_wconf 91' lang='lat' dir='ltr'>hoc</span> <span class='ocrx_word' id='word_1_8' title='bbox 417 476 538 550; x_wconf 87' lang='lat' dir='ltr'>audito,</span> <span class='ocrx_word' id='word_1_9' title='bbox 561 473 706 537; x_wconf 86' lang='lat' dir='ltr'>assumtis</span> <span class='ocrx_word' id='word_1_10' title='bbox 727 490 835 535; x_wconf 85' lang='lat' dir='ltr'>aecum</span> <span class='ocrx_word' id='word_1_11' title='bbox 848 470 962 555; x_wconf 85' lang='lat' dir='ltr'>opibus</span> <span class='ocrx_word' id='word_1_12' title='bbox 976 478 1070 553; x_wconf 82' lang='lat' dir='ltr'>atque</span> <span class='ocrx_word' id='word_1_13' title='bbox 1084 469 1205 533; x_wconf 78' lang='lat' dir='ltr'>incom-</span> 
     </span>
     <span class='ocr_line' id='line_1_3' title="bbox 176 560 1207 677; baseline -0.01 -22"><span class='ocrx_word' id='word_1_14' title='bbox 176 588 367 677; x_wconf 75' lang='lat' dir='ltr'>parabilibus</span> <span class='ocrx_word' id='word_1_15' title='bbox 390 587 559 660; x_wconf 72' lang='lat' dir='ltr'>thesauris,</span> <span class='ocrx_word' id='word_1_16' title='bbox 590 587 704 670; x_wconf 87' lang='lat' dir='ltr'>quibus</span> <span class='ocrx_word' id='word_1_17' title='bbox 726 585 922 669; x_wconf 85' lang='lat' dir='ltr'>ultraquam</span> <span class='ocrx_word' id='word_1_18' title='bbox 944 581 1083 647; x_wconf 87' lang='lat' dir='ltr'>estimari</span> <span class='ocrx_word' id='word_1_19' title='bbox 1102 560 1207 665; x_wconf 82' lang='lat' dir='ltr'>potasl</span> 
     </span>
     <span class='ocr_line' id='line_1_4' title="bbox 178 695 1205 781; baseline -0.006 -18"><span class='ocrx_word' id='word_1_20' title='bbox 178 700 374 774; x_wconf 82' lang='lat' dir='ltr'>abundabat,</span> <span class='ocrx_word' id='word_1_21' title='bbox 395 718 465 761; x_wconf 91' lang='lat' dir='ltr'>cum</span> <span class='ocrx_word' id='word_1_22' title='bbox 486 697 632 761; x_wconf 84' lang='lat' dir='ltr'>omnibus</span> <span class='ocrx_word' id='word_1_23' title='bbox 650 697 731 763; x_wconf 88' lang='lat' dir='ltr'>uotis</span> <span class='ocrx_word' id='word_1_24' title='bbox 752 697 892 781; x_wconf 72' lang='lat' dir='ltr'>effugere</span> <span class='ocrx_word' id='word_1_25' title='bbox 914 695 1075 758; x_wconf 74' lang='lat' dir='ltr'><strong>laboraret</strong></span> <span class='ocrx_word' id='word_1_26' title='bbox 1095 710 1205 757; x_wconf 83' lang='lat' dir='ltr'>eorum</span> 
     </span>
     <span class='ocr_line' id='line_1_5' title="bbox 179 804 1207 893; baseline -0.003 -17"><span class='ocrx_word' id='word_1_27' title='bbox 179 820 338 876; x_wconf 78' lang='lat' dir='ltr'>cruentam</span> <span class='ocrx_word' id='word_1_28' title='bbox 350 810 562 884; x_wconf 81' lang='lat' dir='ltr'>ferocitatem,</span> <span class='ocrx_word' id='word_1_29' title='bbox 583 818 658 873; x_wconf 91' lang='lat' dir='ltr'>tuuc</span> <span class='ocrx_word' id='word_1_30' title='bbox 672 808 788 873; x_wconf 91' lang='lat' dir='ltr'>inscius</span> <span class='ocrx_word' id='word_1_31' title='bbox 802 829 898 893; x_wconf 86' lang='lat' dir='ltr'>super</span> <span class='ocrx_word' id='word_1_32' title='bbox 908 808 1076 891; x_wconf 88' lang='lat' dir='ltr'>llungaros</span> <span class='ocrx_word' id='word_1_33' title='bbox 1090 804 1207 881; x_wconf 82' lang='lat' dir='ltr'>incidit.</span> 
     </span>
     <span class='ocr_line' id='line_1_6' title="bbox 180 918 1208 1006; baseline -0.007 -18"><span class='ocrx_word' id='word_1_34' title='bbox 180 934 212 988; x_wconf 91' lang='lat' dir='ltr'>et</span> <span class='ocrx_word' id='word_1_35' title='bbox 232 943 306 986; x_wconf 89' lang='lat' dir='ltr'>mox</span> <span class='ocrx_word' id='word_1_36' title='bbox 325 922 364 985; x_wconf 91' lang='lat' dir='ltr'>ab</span> <span class='ocrx_word' id='word_1_37' title='bbox 386 922 432 985; x_wconf 90' lang='lat' dir='ltr'>eis</span> <span class='ocrx_word' id='word_1_38' title='bbox 447 931 554 1006; x_wconf 88' lang='lat' dir='ltr'>captus</span> <span class='ocrx_word' id='word_1_39' title='bbox 569 921 760 996; x_wconf 79' lang='lat' dir='ltr'>interficitur,</span> <span class='ocrx_word' id='word_1_40' title='bbox 789 930 821 984; x_wconf 90' lang='lat' dir='ltr'>et</span> <span class='ocrx_word' id='word_1_41' title='bbox 835 920 1015 983; x_wconf 87' lang='lat' dir='ltr'>thesaurum</span> <span class='ocrx_word' id='word_1_42' title='bbox 1031 918 1208 982; x_wconf 88' lang='lat' dir='ltr'>estimacio·</span> 
     </span>
     <span class='ocr_line' id='line_1_7' title="bbox 180 1031 1209 1116; baseline -0.007 -17"><span class='ocrx_word' id='word_1_43' title='bbox 180 1056 253 1099; x_wconf 87' lang='lat' dir='ltr'>nem</span> <span class='ocrx_word' id='word_1_44' title='bbox 276 1037 445 1099; x_wconf 80' lang='lat' dir='ltr'><strong>humanam</strong></span> <span class='ocrx_word' id='word_1_45' title='bbox 465 1035 753 1107; x_wconf 68' lang='lat' dir='ltr'>transcendentem,</span> <span class='ocrx_word' id='word_1_46' title='bbox 775 1054 869 1116; x_wconf 87' lang='lat' dir='ltr'>quem</span> <span class='ocrx_word' id='word_1_47' title='bbox 891 1051 998 1095; x_wconf 91' lang='lat' dir='ltr'>secum</span> <span class='ocrx_word' id='word_1_48' title='bbox 1017 1031 1140 1093; x_wconf 81' lang='lat' dir='ltr'>serebat</span> <span class='ocrx_word' id='word_1_49' title='bbox 1157 1048 1209 1092; x_wconf 88' lang='lat' dir='ltr'>ra·</span> 
     </span>
     <span class='ocr_line' id='line_1_8' title="bbox 180 1141 1209 1243; baseline -0.006 -32"><span class='ocrx_word' id='word_1_50' title='bbox 180 1155 326 1243; x_wconf 83' lang='lat' dir='ltr'>puerunt</span> <span class='ocrx_word' id='word_1_51' title='bbox 363 1149 539 1229; x_wconf 89' lang='lat' dir='ltr'>eodemque</span> <span class='ocrx_word' id='word_1_52' title='bbox 563 1155 704 1229; x_wconf 86' lang='lat' dir='ltr'>tempore</span> <span class='ocrx_word' id='word_1_53' title='bbox 729 1145 907 1227; x_wconf 78' lang='lat' dir='ltr'>Stephanus</span> <span class='ocrx_word' id='word_1_54' title='bbox 931 1143 1027 1207; x_wconf 82' lang='lat' dir='ltr'>irater</span> <span class='ocrx_word' id='word_1_55' title='bbox 1044 1141 1209 1205; x_wconf 80' lang='lat' dir='ltr'>Waldonia</span> 
     </span>
     <span class='ocr_line' id='line_1_9' title="bbox 182 1255 1209 1340; baseline -0.004 -17"><span class='ocrx_word' id='word_1_56' title='bbox 182 1258 320 1332; x_wconf 86' lang='lat' dir='ltr'>comitis,</span> <span class='ocrx_word' id='word_1_57' title='bbox 341 1278 411 1321; x_wconf 91' lang='lat' dir='ltr'>cum</span> <span class='ocrx_word' id='word_1_58' title='bbox 433 1258 465 1321; x_wconf 91' lang='lat' dir='ltr'>in</span> <span class='ocrx_word' id='word_1_59' title='bbox 486 1278 613 1322; x_wconf 87' lang='lat' dir='ltr'>secessu</span> <span class='ocrx_word' id='word_1_60' title='bbox 633 1259 774 1321; x_wconf 83' lang='lat' dir='ltr'>residens</span> <span class='ocrx_word' id='word_1_61' title='bbox 793 1276 888 1340; x_wconf 88' lang='lat' dir='ltr'>super</span> <span class='ocrx_word' id='word_1_62' title='bbox 902 1275 1026 1321; x_wconf 88' lang='lat' dir='ltr'>murum</span> <span class='ocrx_word' id='word_1_63' title='bbox 1047 1255 1155 1329; x_wconf 90' lang='lat' dir='ltr'>castri,</span> <span class='ocrx_word' id='word_1_64' title='bbox 1175 1255 1209 1319; x_wconf 87' lang='lat' dir='ltr'>in</span> 
     </span>
     <span class='ocr_line' id='line_1_10' title="bbox 183 1366 1210 1455; baseline -0.005 -23"><span class='ocrx_word' id='word_1_65' title='bbox 183 1370 342 1434; x_wconf 77' lang='lat' dir='ltr'>nocturnis</span> <span class='ocrx_word' id='word_1_66' title='bbox 362 1369 467 1434; x_wconf 88' lang='lat' dir='ltr'>aluum</span> <span class='ocrx_word' id='word_1_67' title='bbox 487 1389 623 1455; x_wconf 89' lang='lat' dir='ltr'>purgare</span> <span class='ocrx_word' id='word_1_68' title='bbox 647 1367 757 1445; x_wconf 90' lang='lat' dir='ltr'>uellet,</span> <span class='ocrx_word' id='word_1_69' title='bbox 778 1377 852 1433; x_wconf 90' lang='lat' dir='ltr'>tunc</span> <span class='ocrx_word' id='word_1_70' title='bbox 871 1388 889 1431; x_wconf 92' lang='lat' dir='ltr'>a</span> <span class='ocrx_word' id='word_1_71' title='bbox 909 1368 1045 1452; x_wconf 77' lang='lat' dir='ltr'>qrrodam</span> <span class='ocrx_word' id='word_1_72' title='bbox 1059 1366 1210 1449; x_wconf 79' lang='lat' dir='ltr'>llungaro</span> 
     </span>
     <span class='ocr_line' id='line_1_11' title="bbox 183 1478 1211 1565; baseline -0.001 -21"><span class='ocrx_word' id='word_1_73' title='bbox 183 1501 241 1565; x_wconf 91' lang='lat' dir='ltr'>per</span> <span class='ocrx_word' id='word_1_74' title='bbox 254 1480 425 1545; x_wconf 78' lang='lat' dir='ltr'>fenestram</span> <span class='ocrx_word' id='word_1_75' title='bbox 439 1480 574 1543; x_wconf 80' lang='lat' dir='ltr'><strong>cubiculi</strong></span> <span class='ocrx_word' id='word_1_76' title='bbox 594 1482 642 1543; x_wconf 88' lang='lat' dir='ltr'>sui</span> <span class='ocrx_word' id='word_1_77' title='bbox 661 1482 772 1564; x_wconf 79' lang='lat' dir='ltr'>sagitte</span> <span class='ocrx_word' id='word_1_78' title='bbox 789 1481 851 1543; x_wconf 86' lang='lat' dir='ltr'>ictu</span> <span class='ocrx_word' id='word_1_79' title='bbox 866 1479 1004 1563; x_wconf 89' lang='lat' dir='ltr'>grauiter</span> <span class='ocrx_word' id='word_1_80' title='bbox 1017 1478 1211 1555; x_wconf 83' lang='lat' dir='ltr'>uulneratur,</span> 
     </span>
     <span class='ocr_line' id='line_1_12' title="bbox 185 1592 896 1677; baseline -0.006 -21"><span class='ocrx_word' id='word_1_81' title='bbox 185 1593 225 1656; x_wconf 89' lang='lat' dir='ltr'>da</span> <span class='ocrx_word' id='word_1_82' title='bbox 239 1611 302 1677; x_wconf 86' lang='lat' dir='ltr'>quo</span> <span class='ocrx_word' id='word_1_83' title='bbox 317 1592 449 1655; x_wconf 90' lang='lat' dir='ltr'>uulnere</span> <span class='ocrx_word' id='word_1_84' title='bbox 465 1594 575 1656; x_wconf 89' lang='lat' dir='ltr'>eadem</span> <span class='ocrx_word' id='word_1_85' title='bbox 591 1601 683 1655; x_wconf 90' lang='lat' dir='ltr'>nocte</span> <span class='ocrx_word' id='word_1_86' title='bbox 699 1592 896 1675; x_wconf 78' lang='lat' dir='ltr'>extinguitur.</span> 
     </span>
    </p>
   </div>
   <div class='ocr_carea' id='block_1_3' title="bbox 185 1812 1214 2443">
    <p class='ocr_par' dir='ltr' id='par_1_3' title="bbox 185 1812 1214 2443">
     <span class='ocr_line' id='line_1_13' title="bbox 266 1812 1210 1899; baseline -0.003 -19"><span class='ocrx_word' id='word_1_87' title='bbox 266 1812 333 1899; x_wconf 69' lang='lat' dir='ltr'>(di)</span> <span class='ocrx_word' id='word_1_88' title='bbox 356 1816 400 1878; x_wconf 87' lang='lat' dir='ltr'>Da</span> <span class='ocrx_word' id='word_1_89' title='bbox 418 1815 619 1881; x_wconf 81' lang='lat' dir='ltr'>dauostecioaa</span> <span class='ocrx_word' id='word_1_90' title='bbox 632 1817 816 1898; x_wconf 73' lang='lat' dir='ltr'>lotaringia,</span> <span class='ocrx_word' id='word_1_91' title='bbox 841 1818 1012 1881; x_wconf 75' lang='lat' dir='ltr'>Alamannia</span> <span class='ocrx_word' id='word_1_92' title='bbox 1033 1828 1059 1879; x_wconf 85' lang='lat' dir='ltr'>at</span> <span class='ocrx_word' id='word_1_93' title='bbox 1073 1814 1210 1887; x_wconf 75' lang='lat' dir='ltr'>Francia.</span> 
     </span>
     <span class='ocr_line' id='line_1_14' title="bbox 185 1927 1213 2012; baseline 0.003 -20"><span class='ocrx_word' id='word_1_94' title='bbox 185 1927 306 1993; x_wconf 83' lang='lat' dir='ltr'>Deinde</span> <span class='ocrx_word' id='word_1_95' title='bbox 321 1929 533 2012; x_wconf 89' lang='lat' dir='ltr'>Lotoringiam</span> <span class='ocrx_word' id='word_1_96' title='bbox 553 1929 810 1995; x_wconf 77' lang='lat' dir='ltr'>etdlemanniam</span> <span class='ocrx_word' id='word_1_97' title='bbox 832 1930 1094 2005; x_wconf 85' lang='lat' dir='ltr'>deuastaocrunt,</span> <span class='ocrx_word' id='word_1_98' title='bbox 1114 1930 1213 1995; x_wconf 85' lang='lat' dir='ltr'>Frau-</span> 
     </span>
     <span class='ocr_line' id='line_1_15' title="bbox 186 2038 1213 2127; baseline 0.003 -26"><span class='ocrx_word' id='word_1_99' title='bbox 186 2057 240 2105; x_wconf 92' lang='lat' dir='ltr'>eos</span> <span class='ocrx_word' id='word_1_100' title='bbox 253 2059 380 2127; x_wconf 77' lang='lat' dir='ltr'>queque</span> <span class='ocrx_word' id='word_1_101' title='bbox 403 2041 588 2115; x_wconf 86' lang='lat' dir='ltr'>orientales,</span> <span class='ocrx_word' id='word_1_102' title='bbox 608 2041 640 2103; x_wconf 91' lang='lat' dir='ltr'>in</span> <span class='ocrx_word' id='word_1_103' title='bbox 663 2038 799 2104; x_wconf 82' lang='lat' dir='ltr'>confinio</span> <span class='ocrx_word' id='word_1_104' title='bbox 814 2040 988 2104; x_wconf 85' lang='lat' dir='ltr'>Franconie</span> <span class='ocrx_word' id='word_1_105' title='bbox 1010 2048 1041 2103; x_wconf 87' lang='lat' dir='ltr'>et</span> <span class='ocrx_word' id='word_1_106' title='bbox 1062 2040 1213 2117; x_wconf 85' lang='lat' dir='ltr'>Bauorie,</span> 
     </span>
     <span class='ocr_line' id='line_1_16' title="bbox 185 2151 1214 2239; baseline 0.005 -24"><span class='ocrx_word' id='word_1_107' title='bbox 185 2151 296 2215; x_wconf 86' lang='lat' dir='ltr'>ictibus</span> <span class='ocrx_word' id='word_1_108' title='bbox 310 2151 490 2236; x_wconf 87' lang='lat' dir='ltr'>sagittarum</span> <span class='ocrx_word' id='word_1_109' title='bbox 504 2153 536 2215; x_wconf 91' lang='lat' dir='ltr'>in</span> <span class='ocrx_word' id='word_1_110' title='bbox 551 2161 673 2236; x_wconf 88' lang='lat' dir='ltr'>turpem</span> <span class='ocrx_word' id='word_1_111' title='bbox 688 2154 795 2239; x_wconf 86' lang='lat' dir='ltr'>lugam</span> <span class='ocrx_word' id='word_1_112' title='bbox 811 2162 1048 2227; x_wconf 81' lang='lat' dir='ltr'>conuerterant,</span> <span class='ocrx_word' id='word_1_113' title='bbox 1063 2160 1095 2215; x_wconf 90' lang='lat' dir='ltr'>et</span> <span class='ocrx_word' id='word_1_114' title='bbox 1108 2151 1214 2221; x_wconf 77' lang='lat' dir='ltr'>omnia</span> 
     </span>
     <span class='ocr_line' id='line_1_17' title="bbox 186 2263 1212 2349; baseline 0.003 -23"><span class='ocrx_word' id='word_1_115' title='bbox 186 2263 271 2331; x_wconf 88' lang='lat' dir='ltr'>bona</span> <span class='ocrx_word' id='word_1_116' title='bbox 291 2282 401 2329; x_wconf 89' lang='lat' dir='ltr'>eorum</span> <span class='ocrx_word' id='word_1_117' title='bbox 420 2264 609 2347; x_wconf 85' lang='lat' dir='ltr'>accipientes</span> <span class='ocrx_word' id='word_1_118' title='bbox 630 2267 669 2329; x_wconf 89' lang='lat' dir='ltr'>ad</span> <span class='ocrx_word' id='word_1_119' title='bbox 692 2266 803 2329; x_wconf 87' lang='lat' dir='ltr'>ducem</span> <span class='ocrx_word' id='word_1_120' title='bbox 824 2263 944 2328; x_wconf 86' lang='lat' dir='ltr'>Zultam</span> <span class='ocrx_word' id='word_1_121' title='bbox 965 2264 997 2327; x_wconf 92' lang='lat' dir='ltr'>in</span> <span class='ocrx_word' id='word_1_122' title='bbox 1019 2264 1212 2349; x_wconf 76' lang='lat' dir='ltr'>Hungaricm</span> 
     </span>
     <span class='ocr_line' id='line_1_18' title="bbox 188 2376 404 2443; baseline 0 -3"><span class='ocrx_word' id='word_1_123' title='bbox 188 2376 308 2441; x_wconf 86' lang='lat' dir='ltr'>reuersi</span> <span class='ocrx_word' id='word_1_124' title='bbox 323 2385 404 2443; x_wconf 86' lang='lat' dir='ltr'>sunt.</span> 
     </span>
    </p>
   </div>
   <div class='ocr_carea' id='block_1_4' title="bbox 189 2599 1219 4143">
    <p class='ocr_par' dir='ltr' id='par_1_4' title="bbox 189 2599 1219 4143">
     <span class='ocr_line' id='line_1_19' title="bbox 271 2599 1215 2686; baseline 0 -21"><span class='ocrx_word' id='word_1_125' title='bbox 271 2599 339 2684; x_wconf 79' lang='lat'>(55)</span> <span class='ocrx_word' id='word_1_126' title='bbox 360 2602 405 2665; x_wconf 83' lang='lat' dir='ltr'>Da</span> <span class='ocrx_word' id='word_1_127' title='bbox 420 2616 511 2667; x_wconf 85' lang='lat' dir='ltr'>morta</span> <span class='ocrx_word' id='word_1_128' title='bbox 524 2604 595 2666; x_wconf 83' lang='lat' dir='ltr'>Lato</span> <span class='ocrx_word' id='word_1_129' title='bbox 611 2616 637 2666; x_wconf 81' lang='lat' dir='ltr'>et</span> <span class='ocrx_word' id='word_1_130' title='bbox 649 2605 754 2668; x_wconf 79' lang='lat' dir='ltr'>Bolas.</span> <span class='ocrx_word' id='word_1_131' title='bbox 776 2605 889 2666; x_wconf 90' lang='lat' dir='ltr'>Postea</span> <span class='ocrx_word' id='word_1_132' title='bbox 903 2622 979 2665; x_wconf 89' lang='lat' dir='ltr'>uero</span> <span class='ocrx_word' id='word_1_133' title='bbox 995 2620 1078 2664; x_wconf 90' lang='lat' dir='ltr'>anuo</span> <span class='ocrx_word' id='word_1_134' title='bbox 1093 2601 1215 2686; x_wconf 72' lang='lat' dir='ltr'>qllinto,</span> 
     </span>
     <span class='ocr_line' id='line_1_20' title="bbox 189 2713 1215 2797; baseline 0.005 -20"><span class='ocrx_word' id='word_1_135' title='bbox 189 2721 340 2797; x_wconf 74' lang='lat' dir='ltr'>regnante</span> <span class='ocrx_word' id='word_1_136' title='bbox 351 2714 516 2778; x_wconf 89' lang='lat' dir='ltr'>Counrado</span> <span class='ocrx_word' id='word_1_137' title='bbox 531 2716 733 2797; x_wconf 88' lang='lat' dir='ltr'>imperatore,</span> <span class='ocrx_word' id='word_1_138' title='bbox 747 2715 824 2778; x_wconf 86' lang='lat' dir='ltr'>Lelu</span> <span class='ocrx_word' id='word_1_139' title='bbox 840 2713 956 2776; x_wconf 87' lang='lat' dir='ltr'>Bulsuu</span> <span class='ocrx_word' id='word_1_140' title='bbox 971 2722 1003 2777; x_wconf 90' lang='lat' dir='ltr'>et</span> <span class='ocrx_word' id='word_1_141' title='bbox 1015 2714 1153 2787; x_wconf 90' lang='lat' dir='ltr'>Botond,</span> <span class='ocrx_word' id='word_1_142' title='bbox 1166 2713 1215 2783; x_wconf 85' lang='lat' dir='ltr'>iu·</span> 
     </span>
     <span class='ocr_line' id='line_1_21' title="bbox 191 2824 1216 2911; baseline 0.004 -24"><span class='ocrx_word' id='word_1_143' title='bbox 191 2824 253 2888; x_wconf 83' lang='lat' dir='ltr'>cliii</span> <span class='ocrx_word' id='word_1_144' title='bbox 268 2827 425 2909; x_wconf 90' lang='lat' dir='ltr'>quondam</span> <span class='ocrx_word' id='word_1_145' title='bbox 440 2836 471 2890; x_wconf 90' lang='lat' dir='ltr'>et</span> <span class='ocrx_word' id='word_1_146' title='bbox 487 2827 702 2909; x_wconf 81' lang='lat' dir='ltr'>gloriosissimi</span> <span class='ocrx_word' id='word_1_147' title='bbox 722 2826 833 2891; x_wconf 85' lang='lat' dir='ltr'>milites</span> <span class='ocrx_word' id='word_1_148' title='bbox 848 2825 934 2890; x_wconf 89' lang='lat' dir='ltr'>Zulte</span> <span class='ocrx_word' id='word_1_149' title='bbox 949 2827 1037 2891; x_wconf 90' lang='lat' dir='ltr'>ducis</span> <span class='ocrx_word' id='word_1_150' title='bbox 1051 2828 1216 2911; x_wconf 86' lang='lat' dir='ltr'>Hungaro·</span> 
     </span>
     <span class='ocr_line' id='line_1_22' title="bbox 191 2936 1217 3021; baseline 0.005 -24"><span class='ocrx_word' id='word_1_151' title='bbox 191 2953 280 3011; x_wconf 90' lang='lat' dir='ltr'>rum,</span> <span class='ocrx_word' id='word_1_152' title='bbox 299 2936 385 2998; x_wconf 88' lang='lat' dir='ltr'>missi</span> <span class='ocrx_word' id='word_1_153' title='bbox 401 2956 419 2999; x_wconf 90' lang='lat' dir='ltr'>a</span> <span class='ocrx_word' id='word_1_154' title='bbox 433 2936 560 2999; x_wconf 87' lang='lat' dir='ltr'>domino</span> <span class='ocrx_word' id='word_1_155' title='bbox 575 2956 633 3000; x_wconf 90' lang='lat' dir='ltr'>suo</span> <span class='ocrx_word' id='word_1_156' title='bbox 647 2945 752 3019; x_wconf 88' lang='lat' dir='ltr'>partes</span> <span class='ocrx_word' id='word_1_157' title='bbox 766 2938 949 3001; x_wconf 75' lang='lat' dir='ltr'>Alemannis</span> <span class='ocrx_word' id='word_1_158' title='bbox 970 2938 1163 3021; x_wconf 90' lang='lat' dir='ltr'>irruperunt,</span> <span class='ocrx_word' id='word_1_159' title='bbox 1184 2945 1217 3011; x_wconf 80' lang='lat' dir='ltr'>et</span> 
     </span>
     <span class='ocr_line' id='line_1_23' title="bbox 193 3036 1217 3132; baseline 0.007 -24"><span class='ocrx_word' id='word_1_160' title='bbox 193 3044 290 3109; x_wconf 89' lang='lat' dir='ltr'>multa</span> <span class='ocrx_word' id='word_1_161' title='bbox 302 3046 386 3111; x_wconf 87' lang='lat' dir='ltr'>bona</span> <span class='ocrx_word' id='word_1_162' title='bbox 401 3066 510 3111; x_wconf 91' lang='lat' dir='ltr'>eorum</span> <span class='ocrx_word' id='word_1_163' title='bbox 532 3056 729 3132; x_wconf 84' lang='lat' dir='ltr'>aeceperunt.</span> <span class='ocrx_word' id='word_1_164' title='bbox 758 3049 815 3113; x_wconf 90' lang='lat' dir='ltr'>sed</span> <span class='ocrx_word' id='word_1_165' title='bbox 834 3050 959 3113; x_wconf 87' lang='lat' dir='ltr'>tandem</span> <span class='ocrx_word' id='word_1_166' title='bbox 974 3036 1172 3112; x_wconf 85' lang='lat' dir='ltr'>Bauarorum¹</span> <span class='ocrx_word' id='word_1_167' title='bbox 1184 3056 1217 3115; x_wconf 84' lang='lat' dir='ltr'>el</span> 
     </span>
     <span class='ocr_line' id='line_1_24' title="bbox 191 3158 1217 3245; baseline 0.004 -24"><span class='ocrx_word' id='word_1_168' title='bbox 191 3158 435 3224; x_wconf 74' lang='lat' dir='ltr'>Alamannorum</span> <span class='ocrx_word' id='word_1_169' title='bbox 449 3159 593 3224; x_wconf 83' lang='lat' dir='ltr'>celandis</span> <span class='ocrx_word' id='word_1_170' title='bbox 607 3160 769 3225; x_wconf 75' lang='lat' dir='ltr'>fraudibus</span> <span class='ocrx_word' id='word_1_171' title='bbox 780 3161 858 3225; x_wconf 92' lang='lat' dir='ltr'>Lelu</span> <span class='ocrx_word' id='word_1_172' title='bbox 873 3170 902 3224; x_wconf 89' lang='lat' dir='ltr'>et</span> <span class='ocrx_word' id='word_1_173' title='bbox 915 3163 1031 3225; x_wconf 90' lang='lat' dir='ltr'>Bulsuu</span> <span class='ocrx_word' id='word_1_174' title='bbox 1042 3163 1121 3245; x_wconf 86' lang='lat' dir='ltr'>capti</span> <span class='ocrx_word' id='word_1_175' title='bbox 1135 3168 1217 3237; x_wconf 88' lang='lat' dir='ltr'>sunt,</span> 
     </span>
     <span class='ocr_line' id='line_1_25' title="bbox 195 3273 1218 3359; baseline 0.004 -24"><span class='ocrx_word' id='word_1_176' title='bbox 195 3281 227 3338; x_wconf 89' lang='lat' dir='ltr'>et</span> <span class='ocrx_word' id='word_1_177' title='bbox 239 3274 326 3339; x_wconf 86' lang='lat' dir='ltr'>iuxta</span> <span class='ocrx_word' id='word_1_178' title='bbox 339 3273 470 3337; x_wconf 89' lang='lat' dir='ltr'>tluuium</span> <span class='ocrx_word' id='word_1_179' title='bbox 483 3273 545 3337; x_wconf 87' lang='lat' dir='ltr'>llin</span> <span class='ocrx_word' id='word_1_180' title='bbox 564 3274 596 3336; x_wconf 93' lang='lat' dir='ltr'>in</span> <span class='ocrx_word' id='word_1_181' title='bbox 617 3273 757 3355; x_wconf 86' lang='lat' dir='ltr'>patibulo</span> <span class='ocrx_word' id='word_1_182' title='bbox 771 3275 914 3359; x_wconf 90' lang='lat' dir='ltr'>suspensi</span> <span class='ocrx_word' id='word_1_183' title='bbox 931 3276 1125 3339; x_wconf 87' lang='lat' dir='ltr'>occiduntur.</span> <span class='ocrx_word' id='word_1_184' title='bbox 1157 3276 1218 3339; x_wconf 83' lang='lat' dir='ltr'>Bo·</span> 
     </span>
     <span class='ocr_line' id='line_1_26' title="bbox 192 3384 1217 3471; baseline 0.002 -20"><span class='ocrx_word' id='word_1_185' title='bbox 192 3387 290 3451; x_wconf 91' lang='lat' dir='ltr'>tondu</span> <span class='ocrx_word' id='word_1_186' title='bbox 311 3394 343 3451; x_wconf 87' lang='lat' dir='ltr'>et</span> <span class='ocrx_word' id='word_1_187' title='bbox 362 3385 415 3451; x_wconf 85' lang='lat' dir='ltr'>alii</span> <span class='ocrx_word' id='word_1_188' title='bbox 428 3384 647 3470; x_wconf 86' lang='lat' dir='ltr'>Hungarorum</span> <span class='ocrx_word' id='word_1_189' title='bbox 669 3386 800 3463; x_wconf 91' lang='lat' dir='ltr'>milites,</span> <span class='ocrx_word' id='word_1_190' title='bbox 821 3387 875 3471; x_wconf 88' lang='lat' dir='ltr'>qui</span> <span class='ocrx_word' id='word_1_191' title='bbox 894 3408 934 3451; x_wconf 83' lang='lat' dir='ltr'>ex</span> <span class='ocrx_word' id='word_1_192' title='bbox 949 3388 995 3451; x_wconf 89' lang='lat' dir='ltr'>eis</span> <span class='ocrx_word' id='word_1_193' title='bbox 1008 3388 1127 3451; x_wconf 90' lang='lat' dir='ltr'>residui</span> <span class='ocrx_word' id='word_1_194' title='bbox 1148 3386 1217 3453; x_wconf 85' lang='lat' dir='ltr'>lua·</span> 
     </span>
     <span class='ocr_line' id='line_1_27' title="bbox 195 3499 1217 3576; baseline 0.004 -15"><span class='ocrx_word' id='word_1_195' title='bbox 195 3506 274 3575; x_wconf 84' lang='lat' dir='ltr'>rant,</span> <span class='ocrx_word' id='word_1_196' title='bbox 287 3500 432 3565; x_wconf 86' lang='lat' dir='ltr'>uidentes</span> <span class='ocrx_word' id='word_1_197' title='bbox 447 3520 482 3565; x_wconf 86' lang='lat' dir='ltr'>se</span> <span class='ocrx_word' id='word_1_198' title='bbox 498 3499 581 3565; x_wconf 87' lang='lat' dir='ltr'>malo</span> <span class='ocrx_word' id='word_1_199' title='bbox 596 3499 670 3564; x_wconf 93' lang='lat' dir='ltr'>dolo</span> <span class='ocrx_word' id='word_1_200' title='bbox 684 3501 881 3565; x_wconf 89' lang='lat' dir='ltr'>inimicorum</span> <span class='ocrx_word' id='word_1_201' title='bbox 895 3508 1080 3576; x_wconf 83' lang='lat' dir='ltr'>coarctatos,</span> <span class='ocrx_word' id='word_1_202' title='bbox 1102 3502 1217 3565; x_wconf 86' lang='lat' dir='ltr'>audae-</span> 
     </span>
     <span class='ocr_line' id='line_1_28' title="bbox 193 3612 1217 3687; baseline 0.005 -13"><span class='ocrx_word' id='word_1_203' title='bbox 193 3619 241 3674; x_wconf 89' lang='lat' dir='ltr'>ter</span> <span class='ocrx_word' id='word_1_204' title='bbox 258 3618 290 3674; x_wconf 87' lang='lat' dir='ltr'>et</span> <span class='ocrx_word' id='word_1_205' title='bbox 309 3612 440 3676; x_wconf 89' lang='lat' dir='ltr'>uiriliter</span> <span class='ocrx_word' id='word_1_206' title='bbox 453 3621 619 3687; x_wconf 90' lang='lat' dir='ltr'>steterunt,</span> <span class='ocrx_word' id='word_1_207' title='bbox 641 3621 673 3677; x_wconf 88' lang='lat' dir='ltr'>et</span> <span class='ocrx_word' id='word_1_208' title='bbox 694 3613 733 3678; x_wconf 89' lang='lat' dir='ltr'>ab</span> <span class='ocrx_word' id='word_1_209' title='bbox 751 3613 886 3678; x_wconf 89' lang='lat' dir='ltr'>inuicem</span> <span class='ocrx_word' id='word_1_210' title='bbox 909 3634 973 3677; x_wconf 87' lang='lat' dir='ltr'>non</span> <span class='ocrx_word' id='word_1_211' title='bbox 991 3624 1063 3678; x_wconf 89' lang='lat' dir='ltr'>sunt</span> <span class='ocrx_word' id='word_1_212' title='bbox 1076 3612 1217 3687; x_wconf 88' lang='lat' dir='ltr'>alienati,</span> 
     </span>
     <span class='ocr_line' id='line_1_29' title="bbox 194 3721 1217 3807; baseline 0.002 -19"><span class='ocrx_word' id='word_1_213' title='bbox 194 3722 251 3788; x_wconf 84' lang='lat' dir='ltr'>sed</span> <span class='ocrx_word' id='word_1_214' title='bbox 270 3722 349 3786; x_wconf 89' lang='lat' dir='ltr'>alter</span> <span class='ocrx_word' id='word_1_215' title='bbox 366 3721 495 3787; x_wconf 87' lang='lat' dir='ltr'>alteram</span> <span class='ocrx_word' id='word_1_216' title='bbox 516 3733 636 3805; x_wconf 90' lang='lat' dir='ltr'>partem</span> <span class='ocrx_word' id='word_1_217' title='bbox 655 3743 833 3787; x_wconf 86' lang='lat' dir='ltr'>mensuram</span> <span class='ocrx_word' id='word_1_218' title='bbox 853 3725 884 3785; x_wconf 93' lang='lat' dir='ltr'>in</span> <span class='ocrx_word' id='word_1_219' title='bbox 906 3724 1046 3807; x_wconf 89' lang='lat' dir='ltr'>periculo</span> <span class='ocrx_word' id='word_1_220' title='bbox 1066 3725 1217 3807; x_wconf 84' lang='lat' dir='ltr'>precipua</span> 
     </span>
     <span class='ocr_line' id='line_1_30' title="bbox 195 3832 1219 3908; baseline 0.002 -9"><span class='ocrx_word' id='word_1_221' title='bbox 195 3840 375 3899; x_wconf 85' lang='lat' dir='ltr'>sumserunt</span> <span class='ocrx_word' id='word_1_222' title='bbox 389 3833 554 3908; x_wconf 86' lang='lat' dir='ltr'>adiuuare,</span> <span class='ocrx_word' id='word_1_223' title='bbox 570 3842 603 3898; x_wconf 91' lang='lat' dir='ltr'>et</span> <span class='ocrx_word' id='word_1_224' title='bbox 615 3835 848 3900; x_wconf 89' lang='lat' dir='ltr'>uulneratorum</span> <span class='ocrx_word' id='word_1_225' title='bbox 863 3854 951 3899; x_wconf 90' lang='lat' dir='ltr'>more</span> <span class='ocrx_word' id='word_1_226' title='bbox 965 3832 1092 3897; x_wconf 91' lang='lat' dir='ltr'>leonum</span> <span class='ocrx_word' id='word_1_227' title='bbox 1106 3836 1138 3899; x_wconf 90' lang='lat' dir='ltr'>in</span> <span class='ocrx_word' id='word_1_228' title='bbox 1151 3854 1219 3901; x_wconf 84' lang='lat' dir='ltr'>ura·</span> 
     </span>
     <span class='ocr_line' id='line_1_31' title="bbox 194 3944 1218 4030; baseline 0.003 -20"><span class='ocrx_word' id='word_1_229' title='bbox 194 3946 245 4010; x_wconf 85' lang='lat' dir='ltr'>dia</span> <span class='ocrx_word' id='word_1_230' title='bbox 260 3962 346 4011; x_wconf 82' lang='lat' dir='ltr'>arma</span> <span class='ocrx_word' id='word_1_231' title='bbox 358 3944 555 4009; x_wconf 81' lang='lat' dir='ltr'>fremebundi</span> <span class='ocrx_word' id='word_1_232' title='bbox 574 3955 712 4023; x_wconf 88' lang='lat' dir='ltr'>ruentes,</span> <span class='ocrx_word' id='word_1_233' title='bbox 732 3947 839 4011; x_wconf 85' lang='lat' dir='ltr'>hostes</span> <span class='ocrx_word' id='word_1_234' title='bbox 853 3965 927 4009; x_wconf 88' lang='lat' dir='ltr'>suos</span> <span class='ocrx_word' id='word_1_235' title='bbox 942 3945 1126 4030; x_wconf 85' lang='lat' dir='ltr'>grauissima</span> <span class='ocrx_word' id='word_1_236' title='bbox 1139 3944 1218 4013; x_wconf 86' lang='lat' dir='ltr'>cede</span> 
     </span>
     <span class='ocr_line' id='line_1_32' title="bbox 193 4055 1219 4143; baseline 0.002 -20"><span class='ocrx_word' id='word_1_237' title='bbox 193 4064 441 4143; x_wconf 72' lang='lat' dir='ltr'>proclamarunt,</span> <span class='ocrx_word' id='word_1_238' title='bbox 464 4063 496 4121; x_wconf 93' lang='lat' dir='ltr'>et</span> <span class='ocrx_word' id='word_1_239' title='bbox 509 4056 652 4142; x_wconf 82' lang='lat' dir='ltr'>quemuis</span> <span class='ocrx_word' id='word_1_240' title='bbox 666 4067 755 4123; x_wconf 86' lang='lat' dir='ltr'>erant</span> <span class='ocrx_word' id='word_1_241' title='bbox 768 4057 858 4133; x_wconf 92' lang='lat' dir='ltr'>uicti,</span> <span class='ocrx_word' id='word_1_242' title='bbox 873 4066 978 4122; x_wconf 87' lang='lat' dir='ltr'>tamen</span> <span class='ocrx_word' id='word_1_243' title='bbox 992 4055 1128 4121; x_wconf 87' lang='lat' dir='ltr'>uictores</span> <span class='ocrx_word' id='word_1_244' title='bbox 1143 4078 1219 4125; x_wconf 83' lang='lat' dir='ltr'>suos</span> 
     </span>
    </p>
   </div>
   <div class='ocr_carea' id='block_1_5' title="bbox 194 4168 1219 4261">
    <p class='ocr_par' dir='ltr' id='par_1_5' title="bbox 194 4168 1219 4261">
     <span class='ocr_line' id='line_1_33' title="bbox 194 4168 1219 4261; baseline 0.006 -25"><span class='ocrx_word' id='word_1_245' title='bbox 194 4169 310 4243; x_wconf 83' lang='lat' dir='ltr'>torcios</span> <span class='ocrx_word' id='word_1_246' title='bbox 324 4176 358 4235; x_wconf 89' lang='lat' dir='ltr'>et</span> <span class='ocrx_word' id='word_1_247' title='bbox 369 4168 567 4245; x_wconf 85' lang='lat' dir='ltr'>uictoriosios</span> <span class='ocrx_word' id='word_1_248' title='bbox 581 4169 723 4241; x_wconf 85' lang='lat' dir='ltr'>uicerunt</span> <span class='ocrx_word' id='word_1_249' title='bbox 736 4180 769 4239; x_wconf 90' lang='lat' dir='ltr'>et</span> <span class='ocrx_word' id='word_1_250' title='bbox 785 4171 970 4257; x_wconf 73' lang='lat' dir='ltr'>grauusima</span> <span class='ocrx_word' id='word_1_251' title='bbox 984 4170 1063 4239; x_wconf 88' lang='lat' dir='ltr'>cada</span> <span class='ocrx_word' id='word_1_252' title='bbox 1076 4180 1219 4261; x_wconf 81' lang='lat' dir='ltr'>prostra-</span> 
     </span>
    </p>
   </div>
   <div class='ocr_carea' id='block_1_6' title="bbox 0 0 1424 4764">
    <p class='ocr_par' dir='ltr' id='par_1_6' title="bbox 0 0 1424 4764">
     <span class='ocr_line' id='line_1_34' title="bbox 0 0 1424 4764; baseline 0 0"><span class='ocrx_word' id='word_1_253' title='bbox 0 0 1424 4764; x_wconf 95' lang='lat' dir='ltr'> </span> 
     </span>
    </p>
   </div>
  </div>
 </body>
</html>
