2798 4764
174 295 216 363 id
266 263 275 283 ’
391 311 529 359 arcum
550 309 649 357 cusu
669 308 879 357 nunuanuncrr
900 287 981 375 (52).

175 468 362 549 creuissent,
384 474 417 530 et
430 467 542 531 ducem
553 465 658 548 Arpad
671 463 870 537 salutassent,
886 462 1024 527 secunda
1039 462 1091 526 die
1105 462 1201 546 legati

176 581 324 645 mandata
345 580 567 643 Menumorout
589 578 745 641 dixerunt.
780 577 843 639 dux
868 594 944 639 uero
965 574 1091 657 Arpad,
1121 573 1200 639 inito

177 693 309 757 consilio
330 711 457 756 suorum
480 689 650 764 nobilium,
679 689 827 752 mandata
847 689 1068 751 Menumorout
1093 684 1202 750 dilexit

177 814 209 870 et
221 804 373 877 laudauit,
395 811 427 866 et
441 802 515 865 dum
537 802 632 866 filiam
646 782 866 864 Menumoroiit
891 801 1032 863 eiusdem
1055 799 1145 862 etatis
1166 805 1201 863 ut

176 916 258 979 filius
272 936 346 979 suus
361 915 448 978 Zulta
462 916 523 976 iam
538 933 608 977 esse
627 912 812 986 audiuisset,
833 911 1023 994 peticionem
1036 910 1201 973 Menumc-

178 1035 248 1089 rout
269 1026 393 1088 differre
412 1024 527 1099 noluit,
549 1034 581 1087 et
593 1022 690 1086 filiam
706 1043 794 1085 suam
808 1023 840 1084 in
856 1041 987 1084 uxorem
1001 1021 1089 1085 Zultc
1110 1040 1201 1085 acce·

176 1139 234 1221 pit,
255 1158 325 1201 cum
339 1156 438 1220 regno
453 1137 511 1199 sibi
526 1137 695 1219 promisso.
727 1144 759 1198 et
772 1135 877 1199 missia
891 1135 1002 1218 legatis
1017 1135 1057 1197 ad
1073 1133 1200 1197 Usubuu

178 1258 209 1312 et
224 1248 320 1311 Ueluc
341 1248 516 1322 mandauit,
539 1256 572 1310 ut
587 1246 751 1311 celebratis
767 1247 907 1329 nupciir,
927 1245 1024 1313 filiam
1037 1245 1202 1309 Menumo-

179 1369 251 1423 rout
266 1359 330 1422 filio
345 1380 402 1423 suo
418 1357 505 1423 Zulte
525 1360 558 1421 in
579 1378 710 1422 uxorem
726 1358 921 1441 acciperent,
943 1365 975 1420 et
986 1356 1067 1419 filios
1082 1352 1201 1419 incoin-

176 1493 245 1536 rum
261 1472 293 1534 in
311 1473 436 1535 obsides
458 1473 574 1555 positos
594 1491 700 1535 secum
715 1470 884 1545 ducerent,
906 1477 938 1534 et
952 1469 1023 1532 duci
1037 1468 1202 1533 Monume-

176 1591 248 1645 rcut
262 1583 373 1646 darent
387 1583 493 1664 Byhor
507 1592 654 1646 castrum.

260 1802 328 1888 (52)
349 1806 393 1867 Dc
410 1804 525 1868 Usubuu
538 1817 563 1869 et
581 1805 676 1870 Uotuc.
720 1805 846 1869 Usubuu
867 1814 900 1869 et
920 1806 1033 1879 Uelnc,
1055 1825 1115 1870 nec
1136 1826 1201 1871 nnn

177 1919 278 1982 omnis
299 1918 456 1980 exercitus
478 1918 633 2000 preceptis
648 1917 767 1981 domini
780 1917 827 1979 sui
843 1917 1004 1992 fauentes,
1024 1916 1121 1980 filiam
1135 1915 1202 1983 Μο-

177 2036 362 2104 numorcut,
383 2021 547 2092 celebratis
562 2030 695 2113 nuptiis,
716 2038 916 2110 acceperuut,
945 2038 976 2091 ct
989 2028 1070 2091 filius
1085 2027 1203 2093 incula·

176 2160 246 2203 rum
267 2141 300 2202 in
324 2140 449 2203 obsides
470 2141 589 2224 positos
611 2161 716 2204 secum
734 2140 907 2214 duxerunt,
929 2149 961 2203 et
974 2141 1076 2223 ipsum
1091 2141 1203 2205 Menu÷

178 2260 304 2316 morunt
317 2253 349 2315 in
364 2260 466 2315 castro
480 2251 585 2335 Byhor
599 2253 792 2315 dimiserunt.
823 2260 896 2313 tunc
912 2250 1038 2314 Usubuu
1059 2260 1091 2315 et
1105 2251 1203 2317 Ueiuc

177 2386 247 2429 cum
272 2385 387 2448 magno
409 2364 530 2428 honore
555 2373 586 2427 et
612 2365 726 2448 gaudio
750 2364 790 2427 ad
811 2365 923 2428 ducem
948 2365 1054 2446 Arpad
1079 2364 1203 2429 reuersi

177 2486 259 2540 sunt.
284 2478 347 2539 dux
357 2496 435 2539 uero
450 2484 481 2539 et
496 2476 542 2538 sni
554 2477 756 2560 yobagycnes
770 2476 896 2538 obuiam
911 2475 955 2538 eis
970 2484 1204 2559 processerunt,

177 2598 209 2653 et
230 2587 325 2650 filiam
350 2588 588 2662 Menumorout,
615 2589 694 2652 sicut
719 2590 808 2652 decet
832 2609 980 2671 sponsam
1005 2590 1081 2654 tanti
1106 2588 1204 2665 ducis,

177 2697 349 2761 honorifice
365 2698 404 2760 nd
419 2697 561 2761 ducalem
576 2699 702 2761 domum
719 2701 886 2762 duxerunt.
915 2700 979 2760 dux
995 2719 1072 2762 uero
1086 2699 1204 2783 Arpad,

179 2820 211 2872 et
224 2828 334 2872 omnes
347 2809 396 2872 aui
408 2810 568 2891 primates,
585 2809 780 2873 celebrantes
795 2811 923 2892 nupcias
938 2831 1051 2894 magna
1062 2811 1205 2875 iecerunt

179 2921 339 2995 conuiuia,
361 2930 392 2983 et
407 2919 474 2984 fera
493 2920 633 3003 quotidie
648 2921 855 2984 comedebant
872 2923 1056 3005 nupciaiiter
1070 2943 1140 2987 cum
1156 2922 1203 2987 di·

182 3034 283 3096 uersis
298 3032 433 3095 millibus
449 3033 737 3097 circumiacencium
751 3053 935 3117 regnorum,
957 3044 989 3098 et
1002 3037 1134 3101 iuuenes
1148 3055 1204 3099 eo·

179 3164 247 3208 rum
263 3143 413 3207 ludebant
427 3153 498 3207 ante
513 3143 625 3207 faciem
641 3144 729 3207 ducis
744 3154 776 3209 et
790 3167 918 3211 cuorum
934 3145 1095 3210 nobilium.
1131 3150 1203 3213 ltux

178 3257 300 3339 Arpad,
322 3265 450 3339 accepto
464 3256 639 3318 iuramento
657 3255 824 3338 primatum
843 3266 873 3320 et
887 3257 1019 3320 militum
1032 3259 1203 3342 hungarie,

177 3366 275 3432 filium
299 3389 389 3431 auum
409 3367 543 3443 Zultam,
574 3366 684 3430 ducem
704 3389 774 3431 cum
800 3389 914 3453 magno
939 3369 1060 3434 honore
1083 3370 1201 3435 eterni

179 3480 261 3543 fecit.
289 3488 363 3542 tunc
380 3481 444 3543 dux
459 3481 646 3543 Usubuunec
667 3481 750 3562 patri
763 3480 918 3555 colonen,
943 3502 1000 3563 pro
1014 3502 1071 3545 suo
1085 3480 1202 3547 tidelis-

178 3591 258 3652 simo
280 3592 413 3654 seruicio
435 3593 521 3655 dedit
542 3601 678 3656 castrum
701 3594 868 3676 Bezprem,
890 3615 960 3658 cum
982 3596 1124 3659 omuibus
1147 3615 1201 3679 np-

177 3700 332 3784 pendiciis
354 3703 435 3775 suis,
457 3712 488 3766 et
502 3703 670 3787 [elucquio
695 3704 781 3767 dedit
800 3705 979 3767 comitatum
1002 3707 1041 3769 de
1063 3690 1201 3783 Zarand,

179 3821 211 3876 et
224 3812 270 3874 sic
284 3813 396 3876 ceteris
410 3814 566 3877 nobilibus
581 3815 718 3879 honores
733 3810 765 3878 ei
778 3816 847 3879 ioca
861 3815 1061 3880 condonauit.
1091 3818 1202 3883 Menu-

177 3931 303 3990 morout
323 3934 395 4009 post
415 3924 497 3990 iilam
511 3946 637 3994 causam
656 3928 841 3993 insecundo
859 3947 941 3992 anno
960 3929 1027 3993 sine
1039 3927 1104 3993 filio
1118 3950 1202 3995 mur·

178 4044 250 4103 tuus
264 4045 312 4102 cst
319 4083 330 4116 ,
351 4047 382 4103 et
395 4058 528 4124 reguum
543 4039 611 4104 eiua
625 4040 760 4106 totaliter
774 4038 860 4106 Zulte
882 4061 1000 4127 genero
1014 4062 1071 4109 suo
1086 4043 1203 4112 dimisit

177 4151 316 4247 iuprce.
343 4159 417 4251 poet
436 4151 496 4223 hec
514 4171 597 4221 auno
617 4152 773 4223 dominice
793 4151 1019 4255 incarnacionis
1041 4155 1201 4263 DCCCVit
