2798 4764
257 302 299 369 92
429 316 714 365 morbosum
735 317 835 365 unsri
854 314 1021 365 rumorum
1042 296 1102 384 (2).

257 475 325 537 lore
340 480 427 548 teter,
448 472 547 536 oculis
560 473 658 557 nigris
673 480 705 537 et
717 473 859 548 furiosis,
877 480 1007 555 pectore
1021 470 1095 546 lato,
1116 471 1216 534 elatus
1230 470 1279 537 in·

257 603 367 657 cessu,
388 591 504 647 statura
517 583 633 658 breuis,
654 584 783 648 barbam
798 583 951 667 prolixam
965 602 1036 645 cum
1045 582 1146 647 Hunis
1158 581 1282 645 delere·

165 686 172 707 ⁴
257 696 320 758 bat
345 695 473 761 audacie
487 695 614 778 quidem
628 696 829 779 temperantis
844 704 925 771 erat,
946 696 979 757 in
993 696 1099 779 preliis
1114 704 1234 761 astutus
1249 703 1280 759 ei

257 806 415 880 sollicitus,
436 826 494 869 suo
516 827 648 888 corpore
669 808 873 890 competentis
894 806 1080 871 tortitudinis
1093 805 1280 871 habebatur.

257 917 290 979 in
312 916 472 981 uoluntate
493 917 647 1000 siquidem
667 918 891 1001 magnanimus,
912 917 1016 999 politis
1031 914 1135 990 armis,
1155 914 1282 979 mundis

257 1028 466 1092 tabernaculis
488 1029 634 1111 cultuque
655 1029 809 1092 utebatur.
837 1027 1008 1091 eratenim
1030 1047 1186 1090 uenereus
1200 1024 1281 1089 ultra

257 1140 395 1203 modum.
415 1140 448 1201 in
460 1160 532 1203 arca
545 1158 602 1202 sua
613 1160 647 1203 es
662 1147 769 1203 tenere
782 1139 1032 1220 contempnebat.
1051 1137 1281 1221 propterquod

256 1250 296 1314 ab
321 1259 427 1315 extera
448 1251 579 1314 nacione
602 1252 773 1325 amabatur,
801 1270 840 1313 eo
865 1250 950 1335 quod
972 1248 1110 1313 liberalis
1136 1256 1222 1311 esset
1244 1267 1281 1313 ac

256 1363 440 1425 communis.
472 1384 511 1425 ex
534 1362 630 1425 nimia
654 1382 731 1426 nero
756 1360 941 1435 seueritate,
963 1380 1056 1446 quam
1079 1360 1234 1435 babebat,
1262 1380 1281 1425 a

257 1475 321 1538 suis
335 1476 436 1537 Hunis
456 1475 635 1540 mirabiliter
649 1475 825 1543 timebatur.
854 1475 1001 1537 naciones
1016 1474 1151 1556 ideoque
1166 1493 1282 1557 regno-

257 1605 327 1648 rum
349 1585 545 1649 diuersorum
565 1587 605 1650 ad
627 1586 728 1669 ipsum
752 1587 791 1650 de
809 1584 923 1647 linibus
938 1584 1021 1647 orbis
1043 1593 1126 1647 terre
1142 1583 1283 1647 condue-

256 1696 346 1769 bant‚
367 1696 479 1780 quibus
499 1717 670 1779 proposse
691 1695 860 1759 liberaliter
874 1696 1030 1759 allluebat.
1059 1696 1169 1758 decem
1196 1694 1280 1757 enim

258 1804 352 1869 millia
372 1804 497 1869 e'urrum
519 1806 704 1871 falcatorum
726 1808 758 1870 in
779 1828 837 1871 suo
852 1808 992 1872 exercitu
1009 1807 1126 1871 deterri
1147 1807 1283 1871 iaciebat

258 1938 330 1981 cum
342 1918 475 1982 diuersis
486 1920 652 2003 generibus
664 1918 892 1993 machinarum,
907 1917 1019 2002 quibus
1032 1918 1125 1982 urbes
1137 1925 1168 1982 ct
1178 1925 1282 1983 caetu

259 2031 375 2094 destrui
391 2029 534 2094 faciebat.
561 2030 760 2094 tabernacula
774 2031 871 2093 eciam
887 2030 981 2095 uariis
996 2030 1096 2093 modis
1111 2049 1280 2113 regnorum

259 2144 455 2207 diuersorum
469 2143 588 2207 habere
599 2151 806 2206 consueuerat
821 2151 960 2225 operata.
983 2162 1077 2205 unum
1088 2143 1225 2206 habebat
1235 2142 1281 2205 sic

258 2254 380 2319 celebre
396 2266 427 2319 et
440 2256 617 2339 solempne,
632 2263 665 2318 ut
680 2277 719 2319 ex
733 2256 856 2319 laminis
871 2255 974 2319 aureis
988 2254 1117 2318 mirifice
1133 2256 1282 2319 coniunc-

257 2368 312 2430 tim
325 2366 505 2443 solidatum,
527 2369 620 2432 modo
643 2367 722 2431 solui
745 2378 775 2431 et
795 2387 878 2430 nunc
893 2367 1078 2449 reconiungi
1092 2369 1132 2431 ad
1147 2367 1280 2430 tenden-

257 2481 337 2542 cium
352 2489 448 2543 staret
464 2481 667 2545 uoluntatem.
697 2479 864 2561 columpne
879 2479 966 2543 cuius
988 2499 1026 2540 ex
1047 2498 1124 2540 auro
1139 2476 1280 2543 laborate

255 2591 407 2654 babentes
421 2593 606 2665 iunctiones,
621 2613 717 2673 opera
733 2591 873 2664 ductilia,
887 2591 919 2652 in
933 2591 1037 2655 medio
1053 2600 1156 2654 tamen
1171 2610 1282 2667 uacue,

255 2700 286 2762 in
301 2701 451 2762 iuncturis
465 2702 529 2763 suis
545 2701 694 2782 preciosis
710 2702 865 2785 lapidibus
879 2702 1087 2784 iungebantur
1099 2700 1283 2763 mirabiliter

256 2811 418 2875 fabricate.
439 2814 496 2876 sed
510 2813 611 2875 eciam
624 2833 682 2876 sua
696 2813 880 2887 maristalla,
895 2814 969 2876 dum
983 2823 1131 2897 pergeret
1145 2813 1177 2875 in
1190 2833 1281 2877 exer·

258 2925 363 2998 citum,
378 2925 468 3006 equis
480 2925 675 2988 diuersarum
686 2925 858 3008 patriarum
868 2925 1058 3007 replebatur,
1069 2945 1160 3007 quos,
1171 2945 1282 3009 quam·

256 3037 304 3099 uis
326 3036 411 3099 uisus
434 3046 518 3099 esset
536 3037 700 3111 babuisse,
728 3038 856 3121 largiter
879 3037 1044 3119 egentibus
1063 3039 1220 3101 tribuebat
1238 3038 1283 3101 ita

258 3149 402 3232 quidem,
425 3159 458 3213 ut
472 3150 526 3212 uix
541 3149 620 3213 duos
633 3149 766 3213 baberet
780 3150 949 3235 aliqnando
964 3170 1020 3234 pro
1037 3170 1093 3213 usu
1110 3150 1281 3233 equitandi.

256 3261 315 3323 iste
337 3280 413 3344 ergo
432 3259 600 3324 maristalle
622 3281 661 3324 ex
679 3281 820 3343 purpura
839 3270 870 3324 et
885 3261 969 3325 bisso
984 3261 1142 3325 habebant
1154 3270 1282 3343 paratu·

258 3395 340 3448 ram,
360 3371 436 3437 selle
457 3394 534 3438 uero
549 3372 669 3458 regales
685 3393 725 3437 ex
739 3395 817 3438 auro
833 3382 864 3439 et
878 3374 1033 3457 lapidibus
1048 3374 1197 3457 preciosis
1212 3372 1282 3437 lue-

256 3496 327 3550 runt
345 3485 494 3551 laborate.
529 3506 639 3551 mensa
663 3496 768 3550 autem
792 3488 949 3551 eluserat
974 3496 1038 3551 tota
1064 3505 1175 3560 aurea,
1206 3504 1283 3551 uara

258 3597 357 3659 eciam
378 3600 595 3682 coquinarum.
624 3599 779 3663 thalamus
794 3600 922 3682 quidem
944 3601 1012 3663 eius
1034 3619 1074 3661 ex
1087 3618 1164 3660 auro
1179 3597 1284 3680 puris-

257 3709 346 3782 simo,
359 3710 503 3774 laboratu
517 3711 647 3774 mirilico
662 3713 693 3774 in
709 3712 848 3775 exercitu
864 3732 972 3776 secum
987 3712 1155 3774 terebatur.
1176 3711 1282 3793 Expe-

258 3820 340 3883 dicio
359 3829 463 3883 autem
483 3821 551 3883 eius
570 3831 677 3903 preter
696 3832 819 3887 exteras
843 3823 992 3885 naciones
1012 3822 1117 3885 decies
1140 3821 1282 3885 centenis

257 3940 447 3995 armatorum
471 3932 595 3995 milibus
617 3933 807 4014 replebatur,
836 3933 880 3997 ita
902 3932 1046 4016 quidem,
1077 3943 1112 3998 ut
1137 3934 1162 3996 si
1183 3954 1283 3999 unum

257 4042 405 4106 Sciticum
426 4044 580 4108 decedere
608 4045 806 4126 contigisset,
837 4042 916 4108 alter
939 4064 996 4127 pro
1019 4044 1088 4127 ipso
1115 4045 1283 4109 confestim

256 4157 440 4247 ponebatur.
461 4156 519 4223 sed
533 4175 619 4223 arura
631 4156 734 4247 gentis
749 4156 816 4225 eius
831 4178 871 4227 cx
885 4156 971 4225 corio
986 4156 1121 4225 maxime
1133 4166 1165 4225 et
1179 4157 1280 4227 eciau
