2798 4764
238 317 300 384 110
348 336 478 383 exores
492 337 525 380 ιι.
546 334 636 381 neers
660 335 861 381 ιιίιιιιιιιτιιι
883 335 923 378 nr
946 331 1155 377 neronuumo

239 491 343 553 abbati
359 491 388 551 S.
400 490 522 550 Martini
539 490 577 551 de
593 489 768 562 Pannonia,
791 489 893 551 abbati
906 486 1065 569 Egriensi,
1088 484 1138 546 nel
1155 505 1265 546 eorum

238 600 494 683 procuratoribus
524 599 711 661 habentibus
743 619 761 660 a
786 598 920 660 dominis
946 599 1009 659 suis
1036 596 1265 678 procuratorias

238 733 335 794 super
357 713 417 773 boc
437 711 555 773 litteras
574 711 745 793 specialeS,
767 712 816 773 uel
833 711 955 772 dnobus
977 731 1015 771 ex
1032 710 1191 792 predictis,
1215 708 1267 769 uel

240 823 495 904 procuratoribus
517 842 636 883 eorum.
664 832 694 883 et
715 821 873 883 soluemus
889 842 958 884 earu
981 823 1011 882 in
1029 823 1121 882 domu
1137 820 1265 881 fratrum

240 935 469 1014 predicatorum
501 935 539 995 de
565 935 636 995 l'est
665 934 695 994 in
724 934 884 1014 presencia
910 933 1035 1014 capituli
1063 932 1113 994 uel
1140 932 1266 992 maioris

238 1047 335 1129 partis
351 1046 596 1107 distribuendam
619 1055 648 1107 et
664 1030 870 1107 ordinandam
885 1047 1057 1106 seeundum
1074 1044 1266 1105 uoluntatem

240 1157 312 1220 dicti
336 1155 428 1238 legati
452 1157 490 1217 de
513 1156 643 1218 consilio
666 1157 886 1237 strigoniensis
912 1166 942 1217 et
963 1156 1141 1217 Coloccnsis
1165 1155 1267 1216 arclti-

240 1270 470 1349 episcoporum.
487 1277 517 1328 et
532 1267 732 1327 nibilominus
748 1267 772 1326 si
789 1267 959 1346 predictam
976 1266 1139 1347 pecuniam
1156 1267 1266 1326 decem

240 1379 335 1442 millia
356 1399 531 1442 marcarum
555 1399 617 1439 non
635 1377 832 1451 soluerimus,
854 1379 885 1439 in
906 1378 1035 1459 singulis
1054 1377 1202 1449 terminis,
1226 1376 1268 1437 si-

241 1502 293 1555 cut
306 1493 449 1573 superius
465 1499 512 1552 est
527 1510 720 1571 expressum,
736 1489 881 1551 uolumus
894 1497 925 1550 et
940 1490 1160 1561 consentimus,
1181 1489 1265 1569 quod

240 1603 383 1675 ecclesie,
397 1603 509 1684 quibus
524 1601 605 1662 sales
620 1610 692 1662 sunt
706 1601 868 1672 subtracti,
887 1620 950 1660 non
966 1600 1108 1661 obstante
1125 1600 1168 1660 ita
1182 1620 1266 1660 com-

242 1715 422 1796 posicione,
443 1713 541 1774 libere
558 1723 588 1775 et
601 1714 721 1794 integre
737 1714 797 1774 sint
814 1712 844 1771 in
862 1713 972 1773 eudem
989 1720 1068 1774 statu
1087 1723 1117 1773 et
1131 1713 1214 1784 iure,
1233 1712 1266 1771 in

242 1847 305 1909 quo
320 1835 410 1888 erant
423 1834 494 1886 ante
511 1826 774 1906 composicionem
793 1825 894 1888 istam.

325 1935 402 2011 (tt)
426 1937 499 1997 ltem
523 1934 684 2008 nolumus,
714 1955 772 1997 nec
794 1936 1024 2017 permittemus,
1047 1936 1131 2017 quod
1154 1936 1192 1996 de
1215 1955 1267 1996 ce·

241 2055 310 2109 tero
331 2055 502 2108 tractentur
524 2066 619 2109 cause
643 2047 767 2108 docium
797 2048 846 2109 uel
867 2048 1108 2109 matrimoniales
1131 2068 1187 2129 ρει·
1209 2067 1266 2107 nos

242 2159 293 2220 uel
316 2180 372 2239 per
387 2159 464 2220 alios
485 2159 603 2221 iudices
624 2159 800 2233 seculares,
829 2160 901 2241 quia
922 2160 960 2220 de
981 2159 1017 2219 iis
1039 2159 1184 2219 nolumus
1209 2178 1266 2221 nos

238 2272 442 2334 intromittere
469 2291 526 2333 nec
548 2272 710 2343 debemus,
735 2271 791 2332 sed
815 2292 871 2351 per·
897 2271 1014 2332 iudices
1038 2269 1266 2331 ecclesiasticos

238 2391 410 2445 tractentur
428 2393 459 2445 et
474 2385 690 2446 terminentur.

321 2496 400 2567 (15)
429 2495 506 2555 Item
528 2494 673 2555 uolumus
699 2503 729 2556 et
757 2494 968 2556 consentimus
994 2495 1078 2576 quod
1105 2493 1210 2554 elerici
1237 2503 1268 2554 ct

239 2627 372 2688 persone
388 2605 599 2668 ecclesiastice
622 2608 832 2688 respondeant
854 2616 884 2668 et
898 2608 1127 2668 conueniantur
1142 2608 1199 2667 sub
1217 2625 1268 2666 ec-

239 2718 411 2778 clesiastico
427 2718 530 2778 iudice
546 2738 641 2798 super
654 2720 807 2790 omnibus,
823 2719 959 2799 exceptis
971 2719 1091 2781 iudiciis
1104 2727 1267 2788 terrarum,

240 2829 279 2890 de
303 2828 415 2908 quibus
436 2828 596 2900 nolumus,
625 2830 708 2910 quod
730 2838 791 2890 tarn
816 2850 871 2909 per
896 2850 968 2904 tros,
1000 2831 1125 2891 domine
1147 2830 1267 2910 legate,

240 2960 332 3022 quam
354 2960 411 3020 per
431 2958 487 2999 uos
504 2938 683 3001 consulatur
700 2941 852 3012 dominus,
866 2943 964 3022 Papa,
987 2941 1142 3022 expressis
1164 2941 1267 3002 eidem

240 3050 483 3112 circumstanciis
502 3050 584 3122 sacti,
607 3050 637 3111 in
654 3050 768 3131 quibus
784 3053 1028 3114 circumstanciis
1044 3055 1124 3115 inter
1139 3056 1198 3115 alia
1213 3071 1268 3111 ex-

240 3162 401 3244 primatur,
423 3163 508 3242 quod
529 3182 621 3222 trusa
642 3163 768 3243 prelatis
794 3165 925 3246 Ungarlc
948 3169 1151 3248 percepistis,
1181 3162 1267 3249 quod

239 3274 355 3335 iudicia
377 3283 527 3335 terrarum
545 3275 747 3335 ecclesiarum
771 3284 799 3336 et
817 3284 966 3337 terrarum
984 3277 1168 3341 clericorum
1186 3300 1268 3341 seur-

240 3405 296 3466 pcr
312 3394 544 3447 consueuerant
566 3385 676 3467 agitari
701 3394 732 3447 et
753 3388 911 3448 terminari
935 3409 989 3468 ρει·
1012 3409 1100 3470 reges
1120 3390 1268 3471 b‘rtgarie,

241 3498 420 3578 quicunque
453 3518 510 3577 pro
540 3506 682 3579 ternpore
712 3501 897 3572 extiterunt,
930 3509 960 3562 et
985 3502 1070 3582 qtrtrd
1097 3522 1114 3561 a
1141 3502 1268 3583 prelatis

240 3608 371 3689 [ngarie
392 3609 590 3688 percepistis,
613 3611 698 3690 quod
722 3611 746 3671 si
769 3610 883 3672 iudicia
904 3620 1055 3672 terrarum
1078 3613 1268 3674 eeclesiasti-

241 3737 347 3777 carum
370 3718 629 3780 subtraherentur
650 3740 667 3780 a
688 3732 794 3781 nostro
816 3722 946 3795 iudicio,
978 3724 1161 3784 damnosum
1186 3735 1269 3787 esset

241 3826 380 3887 ecclesiis
402 3828 586 3908 plurimum,
619 3839 649 3892 et
672 3832 900 3913 periculosum,
922 3834 995 3915 quia
1015 3855 1070 3914 per
1092 3835 1151 3896 hec
1172 3836 1268 3899 multa

242 3936 281 3997 de
296 3938 363 3999 iure
379 3939 592 4002 ecclesiastico
608 3953 738 4025 possent
753 3943 911 4025 deperire.

322 4051 400 4124 (lli)
427 4052 529 4114 Nullas
556 4054 703 4117 collectas
728 4065 758 4120 et
783 4054 901 4118 nullum
925 4057 1046 4119 lucrum
1069 4059 1267 4141 imponemus

239 4160 290 4233 uel
304 4163 489 4253 recipiemus
510 4166 663 4235 aclericis
684 4177 715 4233 ot
730 4167 950 4237 ecclesiasticis
971 4172 1125 4262 personis,
1148 4182 1179 4240 et
1194 4193 1268 4242 con·
