<?xml version="1.0" encoding="UTF-8"?>
<!DOCTYPE html PUBLIC "-//W3C//DTD XHTML 1.0 Transitional//EN"
    "http://www.w3.org/TR/xhtml1/DTD/xhtml1-transitional.dtd">
<html xmlns="http://www.w3.org/1999/xhtml" xml:lang="en" lang="en">
 <head>
  <title>
</title>
<meta http-equiv="Content-Type" content="text/html;charset=utf-8" />
  <meta name='ocr-system' content='tesseract 3.04.00' />
  <meta name='ocr-capabilities' content='ocr_page ocr_carea ocr_par ocr_line ocrx_word'/>
</head>
<body>
  <div class='ocr_page' id='page_1' title='image "./rerumhungaricar00endlgoog/rerumhungaricar00endlgoog_0231.png"; bbox 0 0 2798 4764; ppageno 0'>
   <div class='ocr_carea' id='block_1_1' title="bbox 211 336 908 424">
    <p class='ocr_par' dir='ltr' id='par_1_1' title="bbox 211 336 908 424">
     <span class='ocr_line' id='line_1_1' title="bbox 211 336 908 424; baseline -0.014 -11"><span class='ocrx_word' id='word_1_1' title='bbox 211 339 275 417; x_wconf 64' lang='lat' dir='ltr'><strong>itt</strong></span> <span class='ocrx_word' id='word_1_2' title='bbox 542 357 617 407; x_wconf 81' lang='lat' dir='ltr'><strong>cm</strong></span> <span class='ocrx_word' id='word_1_3' title='bbox 636 356 663 407; x_wconf 83' lang='lat' dir='ltr'><strong>r.</strong></span> <span class='ocrx_word' id='word_1_4' title='bbox 677 356 814 407; x_wconf 76' lang='lat' dir='ltr'><strong>semum</strong></span> <span class='ocrx_word' id='word_1_5' title='bbox 829 336 908 424; x_wconf 78' lang='lat' dir='ltr'><strong>(tt).</strong></span> 
     </span>
    </p>
   </div>
   <div class='ocr_carea' id='block_1_2' title="bbox 210 508 1245 823">
    <p class='ocr_par' dir='ltr' id='par_1_2' title="bbox 210 508 1245 823">
     <span class='ocr_line' id='line_1_2' title="bbox 212 508 1245 599; baseline -0.005 -19"><span class='ocrx_word' id='word_1_6' title='bbox 212 514 340 599; x_wconf 62' lang='lat' dir='ltr'><strong>Georgii</strong></span> <span class='ocrx_word' id='word_1_7' title='bbox 353 515 489 579; x_wconf 71' lang='lat' dir='ltr'><strong>martiris</strong></span> <span class='ocrx_word' id='word_1_8' title='bbox 509 513 736 578; x_wconf 78' lang='lat' dir='ltr'><strong>monesterium</strong></span> <span class='ocrx_word' id='word_1_9' title='bbox 757 509 933 585; x_wconf 65' lang='lat' dir='ltr'><strong>effloruit,</strong></span> <span class='ocrx_word' id='word_1_10' title='bbox 952 508 1156 575; x_wconf 82' lang='lat' dir='ltr'><strong>introducens</strong></span> <span class='ocrx_word' id='word_1_11' title='bbox 1170 508 1245 576; x_wconf 87' lang='lat' dir='ltr'><strong>illuc</strong></span> 
     </span>
     <span class='ocr_line' id='line_1_3' title="bbox 210 621 1245 695; baseline -0.008 -1"><span class='ocrx_word' id='word_1_12' title='bbox 210 637 402 695; x_wconf 67' lang='lat' dir='ltr'><strong>memoratos</strong></span> <span class='ocrx_word' id='word_1_13' title='bbox 417 626 533 690; x_wconf 78' lang='lat' dir='ltr'><strong>Grecos</strong></span> <span class='ocrx_word' id='word_1_14' title='bbox 551 626 723 690; x_wconf 80' lang='lat' dir='ltr'><strong>monachos</strong></span> <span class='ocrx_word' id='word_1_15' title='bbox 741 623 781 687; x_wconf 89' lang='lat' dir='ltr'><strong>de</strong></span> <span class='ocrx_word' id='word_1_16' title='bbox 800 621 991 686; x_wconf 77' lang='lat' dir='ltr'><strong>monasterio</strong></span> <span class='ocrx_word' id='word_1_17' title='bbox 1014 622 1099 685; x_wconf 83' lang='lat' dir='ltr'><strong>besti</strong></span> <span class='ocrx_word' id='word_1_18' title='bbox 1118 622 1245 686; x_wconf 74' lang='lat' dir='ltr'><strong>loannis</strong></span> 
     </span>
     <span class='ocr_line' id='line_1_4' title="bbox 211 737 651 823; baseline -0.009 -19"><span class='ocrx_word' id='word_1_19' title='bbox 211 739 350 823; x_wconf 71' lang='lat' dir='ltr'><strong>Baptiste</strong></span> <span class='ocrx_word' id='word_1_20' title='bbox 365 756 428 802; x_wconf 81' lang='lat' dir='ltr'><strong>unu</strong></span> <span class='ocrx_word' id='word_1_21' title='bbox 437 757 514 801; x_wconf 88' lang='lat' dir='ltr'><strong>cum</strong></span> <span class='ocrx_word' id='word_1_22' title='bbox 527 737 651 801; x_wconf 79' lang='lat' dir='ltr'><strong>abbate.</strong></span> 
     </span>
    </p>
   </div>
   <div class='ocr_carea' id='block_1_3' title="bbox 158 957 1247 4156">
    <p class='ocr_par' dir='ltr' id='par_1_3' title="bbox 158 957 1247 4156">
     <span class='ocr_line' id='line_1_5' title="bbox 282 957 1242 1042; baseline -0.004 -18"><span class='ocrx_word' id='word_1_23' title='bbox 282 957 364 1042; x_wconf 68' lang='lat' dir='ltr'><strong>tlt)</strong></span> <span class='ocrx_word' id='word_1_24' title='bbox 391 961 519 1025; x_wconf 78' lang='lat' dir='ltr'><strong>Factum</strong></span> <span class='ocrx_word' id='word_1_25' title='bbox 543 966 591 1022; x_wconf 84' lang='lat' dir='ltr'><strong>est</strong></span> <span class='ocrx_word' id='word_1_26' title='bbox 612 966 718 1023; x_wconf 83' lang='lat' dir='ltr'><strong>nutem</strong></span> <span class='ocrx_word' id='word_1_27' title='bbox 738 966 906 1041; x_wconf 82' lang='lat' dir='ltr'><strong>postquem</strong></span> <span class='ocrx_word' id='word_1_28' title='bbox 928 958 1039 1022; x_wconf 82' lang='lat' dir='ltr'><strong>beatus</strong></span> <span class='ocrx_word' id='word_1_29' title='bbox 1063 957 1242 1040; x_wconf 76' lang='lat' dir='ltr'>Stephanus</span> 
     </span>
     <span class='ocr_line' id='line_1_6' title="bbox 212 1067 1246 1154; baseline -0.006 -17"><span class='ocrx_word' id='word_1_30' title='bbox 212 1090 270 1139; x_wconf 71' lang='grc' dir='ltr'><strong>τοι</strong></span> <span class='ocrx_word' id='word_1_31' title='bbox 282 1071 416 1135; x_wconf 86' lang='lat' dir='ltr'><strong>uidisset</strong></span> <span class='ocrx_word' id='word_1_32' title='bbox 428 1089 561 1154; x_wconf 79' lang='lat' dir='ltr'><strong>regnum</strong></span> <span class='ocrx_word' id='word_1_33' title='bbox 575 1088 667 1132; x_wconf 89' lang='lat' dir='ltr'><strong>sunm</strong></span> <span class='ocrx_word' id='word_1_34' title='bbox 681 1089 701 1133; x_wconf 83' lang='lat' dir='ltr'><strong>n</strong></span> <span class='ocrx_word' id='word_1_35' title='bbox 715 1067 822 1152; x_wconf 86' lang='lat' dir='ltr'><strong>preliis</strong></span> <span class='ocrx_word' id='word_1_36' title='bbox 837 1069 1014 1151; x_wconf 67' lang='lat' dir='ltr'><strong>quincius,</strong></span> <span class='ocrx_word' id='word_1_37' title='bbox 1041 1088 1170 1133; x_wconf 86' lang='lat' dir='ltr'><strong>seruum</strong></span> <span class='ocrx_word' id='word_1_38' title='bbox 1193 1070 1246 1132; x_wconf 92' lang='lat' dir='ltr'><strong>dei</strong></span> 
     </span>
     <span class='ocr_line' id='line_1_7' title="bbox 213 1179 1246 1263; baseline -0.004 -16"><span class='ocrx_word' id='word_1_39' title='bbox 213 1181 412 1247; x_wconf 74' lang='lat' dir='ltr'><strong>liethardum</strong></span> <span class='ocrx_word' id='word_1_40' title='bbox 434 1181 597 1244; x_wconf 84' lang='lat' dir='ltr'><strong>reuocauit</strong></span> <span class='ocrx_word' id='word_1_41' title='bbox 619 1181 659 1244; x_wconf 89' lang='lat' dir='ltr'><strong>do</strong></span> <span class='ocrx_word' id='word_1_42' title='bbox 680 1181 822 1244; x_wconf 86' lang='lat' dir='ltr'><strong>heromo.</strong></span> <span class='ocrx_word' id='word_1_43' title='bbox 850 1199 985 1262; x_wconf 85' lang='lat' dir='ltr'><strong>cumque</strong></span> <span class='ocrx_word' id='word_1_44' title='bbox 1003 1179 1045 1243; x_wconf 85' lang='lat' dir='ltr'><strong>sd</strong></span> <span class='ocrx_word' id='word_1_45' title='bbox 1066 1200 1173 1263; x_wconf 78' lang='lat' dir='ltr'><strong>regens</strong></span> <span class='ocrx_word' id='word_1_46' title='bbox 1189 1200 1246 1243; x_wconf 89' lang='lat' dir='ltr'><strong>ne·</strong></span> 
     </span>
     <span class='ocr_line' id='line_1_8' title="bbox 212 1291 1245 1377; baseline -0.003 -20"><span class='ocrx_word' id='word_1_47' title='bbox 212 1295 312 1377; x_wconf 84' lang='lat' dir='ltr'><strong>pisset</strong></span> <span class='ocrx_word' id='word_1_48' title='bbox 331 1293 499 1377; x_wconf 87' lang='lat' dir='ltr'><strong>ipsumque</strong></span> <span class='ocrx_word' id='word_1_49' title='bbox 517 1311 606 1356; x_wconf 85' lang='lat' dir='ltr'><strong>mors</strong></span> <span class='ocrx_word' id='word_1_50' title='bbox 628 1292 721 1356; x_wconf 90' lang='lat' dir='ltr'><strong>solito</strong></span> <span class='ocrx_word' id='word_1_51' title='bbox 737 1291 917 1366; x_wconf 82' lang='lat' dir='ltr'><strong>salutasset,</strong></span> <span class='ocrx_word' id='word_1_52' title='bbox 938 1292 983 1354; x_wconf 82' lang='lat' dir='ltr'><strong>nit</strong></span> <span class='ocrx_word' id='word_1_53' title='bbox 996 1311 1069 1354; x_wconf 90' lang='lat' dir='ltr'><strong>eum</strong></span> <span class='ocrx_word' id='word_1_54' title='bbox 1082 1311 1156 1356; x_wconf 81' lang='lat' dir='ltr'><strong>rex:</strong></span> <span class='ocrx_word' id='word_1_55' title='bbox 1176 1310 1245 1354; x_wconf 87' lang='lat' dir='ltr'><strong>mo-</strong></span> 
     </span>
     <span class='ocr_line' id='line_1_9' title="bbox 212 1402 1245 1486; baseline -0.006 -17"><span class='ocrx_word' id='word_1_56' title='bbox 212 1405 326 1483; x_wconf 80' lang='lat' dir='ltr'><strong>lestoui</strong></span> <span class='ocrx_word' id='word_1_57' title='bbox 351 1415 382 1468; x_wconf 88' lang='lat' dir='ltr'><strong>to</strong></span> <span class='ocrx_word' id='word_1_58' title='bbox 405 1405 501 1467; x_wconf 94' lang='lat' dir='ltr'><strong>homo</strong></span> <span class='ocrx_word' id='word_1_59' title='bbox 523 1404 576 1468; x_wconf 89' lang='lat' dir='ltr'><strong>dei</strong></span> <span class='ocrx_word' id='word_1_60' title='bbox 598 1411 728 1486; x_wconf 88' lang='lat' dir='ltr'><strong>propter</strong></span> <span class='ocrx_word' id='word_1_61' title='bbox 753 1410 876 1485; x_wconf 88' lang='lat' dir='ltr'><strong>tempus</strong></span> <span class='ocrx_word' id='word_1_62' title='bbox 904 1402 1132 1483; x_wconf 87' lang='lat' dir='ltr'><strong>importunum,</strong></span> <span class='ocrx_word' id='word_1_63' title='bbox 1160 1419 1245 1465; x_wconf 91' lang='lat' dir='ltr'><strong>nunc</strong></span> 
     </span>
     <span class='ocr_line' id='line_1_10' title="bbox 214 1512 1245 1595; baseline -0.008 -12"><span class='ocrx_word' id='word_1_64' title='bbox 214 1517 300 1583; x_wconf 83' lang='lat' dir='ltr'><strong>cuim</strong></span> <span class='ocrx_word' id='word_1_65' title='bbox 314 1515 483 1581; x_wconf 80' lang='lat' dir='ltr'><strong>uoluntatis</strong></span> <span class='ocrx_word' id='word_1_66' title='bbox 497 1536 569 1580; x_wconf 86' lang='lat' dir='ltr'><strong>meo</strong></span> <span class='ocrx_word' id='word_1_67' title='bbox 582 1515 658 1589; x_wconf 84' lang='lat' dir='ltr'><strong>fuit,</strong></span> <span class='ocrx_word' id='word_1_68' title='bbox 679 1522 716 1578; x_wconf 94' lang='lat' dir='ltr'><strong>ut</strong></span> <span class='ocrx_word' id='word_1_69' title='bbox 730 1513 896 1577; x_wconf 79' lang='lat' dir='ltr'><strong>duodecim</strong></span> <span class='ocrx_word' id='word_1_70' title='bbox 907 1513 1107 1594; x_wconf 78' lang='lat' dir='ltr'>episcopatus</span> <span class='ocrx_word' id='word_1_71' title='bbox 1117 1532 1198 1595; x_wconf 88' lang='lat' dir='ltr'><strong>quos</strong></span> <span class='ocrx_word' id='word_1_72' title='bbox 1212 1512 1245 1575; x_wconf 93' lang='lat' dir='ltr'><strong>in</strong></span> 
     </span>
     <span class='ocr_line' id='line_1_11' title="bbox 213 1623 1243 1711; baseline -0.001 -22"><span class='ocrx_word' id='word_1_73' title='bbox 213 1647 313 1711; x_wconf 76' lang='lat' dir='ltr'><strong>regno</strong></span> <span class='ocrx_word' id='word_1_74' title='bbox 328 1646 401 1691; x_wconf 88' lang='lat' dir='ltr'><strong>moo</strong></span> <span class='ocrx_word' id='word_1_75' title='bbox 415 1634 552 1691; x_wconf 79' lang='lat' dir='ltr'><strong>statuere</strong></span> <span class='ocrx_word' id='word_1_76' title='bbox 567 1627 788 1699; x_wconf 84' lang='lat' dir='ltr'><strong>decreuernm,</strong></span> <span class='ocrx_word' id='word_1_77' title='bbox 809 1624 965 1707; x_wconf 88' lang='lat' dir='ltr'><strong>episcopis</strong></span> <span class='ocrx_word' id='word_1_78' title='bbox 980 1623 1155 1706; x_wconf 83' lang='lat' dir='ltr'><strong>implerem.</strong></span> <span class='ocrx_word' id='word_1_79' title='bbox 1184 1625 1243 1688; x_wconf 88' lang='lat' dir='ltr'><strong>sod</strong></span> 
     </span>
     <span class='ocr_line' id='line_1_12' title="bbox 214 1735 1242 1822; baseline -0.005 -17"><span class='ocrx_word' id='word_1_80' title='bbox 214 1739 314 1822; x_wconf 78' lang='lat' dir='ltr'><strong>magis</strong></span> <span class='ocrx_word' id='word_1_81' title='bbox 328 1740 479 1820; x_wconf 78' lang='lat' dir='ltr'><strong>pependit</strong></span> <span class='ocrx_word' id='word_1_82' title='bbox 498 1737 532 1800; x_wconf 94' lang='lat' dir='ltr'><strong>in</strong></span> <span class='ocrx_word' id='word_1_83' title='bbox 545 1737 673 1800; x_wconf 82' lang='lat' dir='ltr'><strong>arbitrio</strong></span> <span class='ocrx_word' id='word_1_84' title='bbox 688 1737 837 1811; x_wconf 82' lang='lat' dir='ltr'><strong>eliorum,</strong></span> <span class='ocrx_word' id='word_1_85' title='bbox 858 1755 993 1819; x_wconf 88' lang='lat' dir='ltr'><strong>quornm</strong></span> <span class='ocrx_word' id='word_1_86' title='bbox 1008 1736 1124 1799; x_wconf 84' lang='lat' dir='ltr'><strong>urbiter</strong></span> <span class='ocrx_word' id='word_1_87' title='bbox 1137 1735 1242 1800; x_wconf 80' lang='lat' dir='ltr'><strong>suths-</strong></span> 
     </span>
     <span class='ocr_line' id='line_1_13' title="bbox 158 1847 1245 1937; baseline -0.003 -26"><span class='ocrx_word' id='word_1_88' title='bbox 158 1932 161 1937; x_wconf 25' lang='grc'><strong>,</strong></span> <span class='ocrx_word' id='word_1_89' title='bbox 214 1867 272 1933; x_wconf 67' lang='lat' dir='ltr'><strong>pus</strong></span> <span class='ocrx_word' id='word_1_90' title='bbox 291 1848 360 1912; x_wconf 80' lang='lat' dir='ltr'><strong>luit</strong></span> <span class='ocrx_word' id='word_1_91' title='bbox 388 1856 421 1912; x_wconf 86' lang='lat' dir='ltr'><strong>ot</strong></span> <span class='ocrx_word' id='word_1_92' title='bbox 440 1865 524 1912; x_wconf 89' lang='lat' dir='ltr'><strong>nunc</strong></span> <span class='ocrx_word' id='word_1_93' title='bbox 544 1848 777 1930; x_wconf 74' lang='lat' dir='ltr'><strong>episcopatum,</strong></span> <span class='ocrx_word' id='word_1_94' title='bbox 798 1847 853 1930; x_wconf 92' lang='lat' dir='ltr'><strong>qui</strong></span> <span class='ocrx_word' id='word_1_95' title='bbox 870 1855 906 1911; x_wconf 90' lang='lat' dir='ltr'><strong>ut</strong></span> <span class='ocrx_word' id='word_1_96' title='bbox 927 1847 1038 1910; x_wconf 89' lang='lat' dir='ltr'><strong>estimo</strong></span> <span class='ocrx_word' id='word_1_97' title='bbox 1054 1853 1085 1911; x_wconf 89' lang='lat' dir='ltr'><strong>to</strong></span> <span class='ocrx_word' id='word_1_98' title='bbox 1106 1847 1245 1929; x_wconf 80' lang='lat' dir='ltr'><strong>respicit,</strong></span> 
     </span>
     <span class='ocr_line' id='line_1_14' title="bbox 215 1958 1245 2042; baseline -0.007 -15"><span class='ocrx_word' id='word_1_99' title='bbox 215 1978 351 2027; x_wconf 69' lang='lat' dir='ltr'><strong>assume.</strong></span> <span class='ocrx_word' id='word_1_100' title='bbox 371 1961 429 2023; x_wconf 86' lang='lat' dir='ltr'><strong>sod</strong></span> <span class='ocrx_word' id='word_1_101' title='bbox 444 1959 518 2042; x_wconf 84' lang='lat' dir='ltr'><strong>quia</strong></span> <span class='ocrx_word' id='word_1_102' title='bbox 532 1958 675 2033; x_wconf 87' lang='lat' dir='ltr'><strong>clericos,</strong></span> <span class='ocrx_word' id='word_1_103' title='bbox 689 1960 803 2042; x_wconf 90' lang='lat' dir='ltr'><strong>quibus</strong></span> <span class='ocrx_word' id='word_1_104' title='bbox 817 1959 898 2023; x_wconf 89' lang='lat' dir='ltr'><strong>solet</strong></span> <span class='ocrx_word' id='word_1_105' title='bbox 912 1959 1056 2022; x_wconf 74' lang='lat' dir='ltr'><strong>decorari</strong></span> <span class='ocrx_word' id='word_1_106' title='bbox 1069 1959 1176 2040; x_wconf 84' lang='lat' dir='ltr'><strong>presul</strong></span> <span class='ocrx_word' id='word_1_107' title='bbox 1192 1978 1245 2022; x_wconf 88' lang='lat' dir='ltr'><strong>oo-</strong></span> 
     </span>
     <span class='ocr_line' id='line_1_15' title="bbox 215 2070 1245 2153; baseline -0.002 -19"><span class='ocrx_word' id='word_1_108' title='bbox 215 2071 408 2141; x_wconf 80' lang='lat' dir='ltr'><strong>olssiasticus</strong></span> <span class='ocrx_word' id='word_1_109' title='bbox 423 2072 463 2133; x_wconf 81' lang='lat' dir='ltr'><strong>nd</strong></span> <span class='ocrx_word' id='word_1_110' title='bbox 477 2090 610 2153; x_wconf 88' lang='lat' dir='ltr'><strong>presens</strong></span> <span class='ocrx_word' id='word_1_111' title='bbox 629 2090 694 2135; x_wconf 93' lang='lat' dir='ltr'><strong>non</strong></span> <span class='ocrx_word' id='word_1_112' title='bbox 707 2071 861 2135; x_wconf 69' lang='lat' dir='ltr'><strong>hebemus</strong></span> <span class='ocrx_word' id='word_1_113' title='bbox 882 2071 915 2133; x_wconf 92' lang='lat' dir='ltr'><strong>in</strong></span> <span class='ocrx_word' id='word_1_114' title='bbox 929 2071 1116 2152; x_wconf 85' lang='lat' dir='ltr'><strong>obsequium</strong></span> <span class='ocrx_word' id='word_1_115' title='bbox 1131 2070 1245 2144; x_wconf 82' lang='lat' dir='ltr'><strong>uestri,</strong></span> 
     </span>
     <span class='ocr_line' id='line_1_16' title="bbox 215 2181 1246 2248; baseline -0.004 0"><span class='ocrx_word' id='word_1_116' title='bbox 215 2183 361 2248; x_wconf 77' lang='lat' dir='ltr'><strong>tollamus</strong></span> <span class='ocrx_word' id='word_1_117' title='bbox 382 2181 585 2246; x_wconf 80' lang='lat' dir='ltr'><strong>ecclesiarum</strong></span> <span class='ocrx_word' id='word_1_118' title='bbox 606 2191 639 2247; x_wconf 89' lang='lat' dir='ltr'><strong>et</strong></span> <span class='ocrx_word' id='word_1_119' title='bbox 653 2184 914 2247; x_wconf 76' lang='lat' dir='ltr'><strong>monasteriorum</strong></span> <span class='ocrx_word' id='word_1_120' title='bbox 936 2181 1067 2245; x_wconf 89' lang='lat' dir='ltr'><strong>clericos</strong></span> <span class='ocrx_word' id='word_1_121' title='bbox 1091 2190 1123 2245; x_wconf 89' lang='lat' dir='ltr'><strong>et</strong></span> <span class='ocrx_word' id='word_1_122' title='bbox 1135 2201 1246 2246; x_wconf 82' lang='lat' dir='ltr'><strong>monn·</strong></span> 
     </span>
     <span class='ocr_line' id='line_1_17' title="bbox 216 2293 1245 2377; baseline -0.002 -18"><span class='ocrx_word' id='word_1_123' title='bbox 216 2293 313 2370; x_wconf 84' lang='lat' dir='ltr'><strong>chor,</strong></span> <span class='ocrx_word' id='word_1_124' title='bbox 347 2294 400 2377; x_wconf 88' lang='lat' dir='ltr'><strong>qui</strong></span> <span class='ocrx_word' id='word_1_125' title='bbox 424 2295 600 2358; x_wconf 89' lang='lat' dir='ltr'><strong>secundum</strong></span> <span class='ocrx_word' id='word_1_126' title='bbox 625 2295 770 2358; x_wconf 88' lang='lat' dir='ltr'><strong>ordinem</strong></span> <span class='ocrx_word' id='word_1_127' title='bbox 796 2293 1008 2358; x_wconf 79' lang='lat' dir='ltr'><strong>ecclesiastico</strong></span> <span class='ocrx_word' id='word_1_128' title='bbox 1036 2293 1245 2357; x_wconf 73' lang='lat' dir='ltr'><strong>institucionis</strong></span> 
     </span>
     <span class='ocr_line' id='line_1_18' title="bbox 215 2404 1244 2488; baseline -0.005 -17"><span class='ocrx_word' id='word_1_129' title='bbox 215 2405 279 2471; x_wconf 83' lang='lat' dir='ltr'><strong>sint</strong></span> <span class='ocrx_word' id='word_1_130' title='bbox 290 2406 380 2469; x_wconf 90' lang='lat' dir='ltr'><strong>nobis</strong></span> <span class='ocrx_word' id='word_1_131' title='bbox 394 2405 427 2468; x_wconf 92' lang='lat' dir='ltr'><strong>in</strong></span> <span class='ocrx_word' id='word_1_132' title='bbox 442 2406 550 2470; x_wconf 90' lang='lat' dir='ltr'><strong>diuino</strong></span> <span class='ocrx_word' id='word_1_133' title='bbox 564 2405 669 2468; x_wconf 85' lang='lat' dir='ltr'><strong>officio</strong></span> <span class='ocrx_word' id='word_1_134' title='bbox 684 2405 854 2469; x_wconf 82' lang='lat' dir='ltr'><strong>adiutores.</strong></span> <span class='ocrx_word' id='word_1_135' title='bbox 883 2412 1064 2488; x_wconf 75' lang='lat' dir='ltr'><strong>regnantem</strong></span> <span class='ocrx_word' id='word_1_136' title='bbox 1079 2404 1244 2467; x_wconf 77' lang='lat' dir='ltr'><strong>comitibus</strong></span> 
     </span>
     <span class='ocr_line' id='line_1_19' title="bbox 215 2516 1246 2601; baseline -0.003 -19"><span class='ocrx_word' id='word_1_137' title='bbox 215 2519 294 2582; x_wconf 84' lang='lat' dir='ltr'><strong>meis</strong></span> <span class='ocrx_word' id='word_1_138' title='bbox 309 2519 495 2601; x_wconf 82' lang='lat' dir='ltr'><strong>precipiam,</strong></span> <span class='ocrx_word' id='word_1_139' title='bbox 516 2525 552 2582; x_wconf 90' lang='lat' dir='ltr'><strong>ut</strong></span> <span class='ocrx_word' id='word_1_140' title='bbox 565 2537 584 2580; x_wconf 82' lang='lat' dir='ltr'><strong>a</strong></span> <span class='ocrx_word' id='word_1_141' title='bbox 597 2517 716 2600; x_wconf 93' lang='lat' dir='ltr'><strong>populo</strong></span> <span class='ocrx_word' id='word_1_142' title='bbox 731 2526 872 2599; x_wconf 90' lang='lat' dir='ltr'><strong>tempore</strong></span> <span class='ocrx_word' id='word_1_143' title='bbox 887 2536 945 2580; x_wconf 87' lang='lat' dir='ltr'><strong>suu</strong></span> <span class='ocrx_word' id='word_1_144' title='bbox 961 2516 1100 2580; x_wconf 84' lang='lat' dir='ltr'><strong>decimos</strong></span> <span class='ocrx_word' id='word_1_145' title='bbox 1120 2517 1246 2599; x_wconf 76' lang='lat' dir='ltr'><strong>exigant</strong></span> 
     </span>
     <span class='ocr_line' id='line_1_20' title="bbox 214 2627 1245 2711; baseline -0.003 -16"><span class='ocrx_word' id='word_1_146' title='bbox 214 2628 249 2695; x_wconf 81' lang='lat' dir='ltr'><strong>in</strong></span> <span class='ocrx_word' id='word_1_147' title='bbox 268 2629 386 2702; x_wconf 83' lang='lat' dir='ltr'><strong>bladis,</strong></span> <span class='ocrx_word' id='word_1_148' title='bbox 407 2630 520 2711; x_wconf 84' lang='lat' dir='ltr'><strong>quibus</strong></span> <span class='ocrx_word' id='word_1_149' title='bbox 543 2630 649 2692; x_wconf 89' lang='lat' dir='ltr'><strong>uturis.</strong></span> <span class='ocrx_word' id='word_1_150' title='bbox 679 2628 872 2691; x_wconf 81' lang='lat' dir='ltr'><strong>uoluentem</strong></span> <span class='ocrx_word' id='word_1_151' title='bbox 894 2635 929 2690; x_wconf 92' lang='lat' dir='ltr'><strong>ut</strong></span> <span class='ocrx_word' id='word_1_152' title='bbox 949 2627 1052 2691; x_wconf 86' lang='lat' dir='ltr'><strong>nullus</strong></span> <span class='ocrx_word' id='word_1_153' title='bbox 1066 2637 1245 2701; x_wconf 80' lang='lat' dir='ltr'><strong>remanent,</strong></span> 
     </span>
     <span class='ocr_line' id='line_1_21' title="bbox 215 2738 1242 2823; baseline -0.001 -22"><span class='ocrx_word' id='word_1_154' title='bbox 215 2739 270 2823; x_wconf 84' lang='lat' dir='ltr'><strong>qni</strong></span> <span class='ocrx_word' id='word_1_155' title='bbox 281 2759 335 2801; x_wconf 84' lang='lat' dir='ltr'><strong>eas</strong></span> <span class='ocrx_word' id='word_1_156' title='bbox 348 2757 412 2801; x_wconf 95' lang='lat' dir='ltr'><strong>non</strong></span> <span class='ocrx_word' id='word_1_157' title='bbox 425 2740 548 2802; x_wconf 82' lang='lat' dir='ltr'><strong>reddet.</strong></span> <span class='ocrx_word' id='word_1_158' title='bbox 569 2738 689 2802; x_wconf 88' lang='lat' dir='ltr'><strong>nullum</strong></span> <span class='ocrx_word' id='word_1_159' title='bbox 703 2740 785 2802; x_wconf 90' lang='lat' dir='ltr'><strong>enim</strong></span> <span class='ocrx_word' id='word_1_160' title='bbox 798 2739 958 2803; x_wconf 86' lang='lat' dir='ltr'><strong>delectum</strong></span> <span class='ocrx_word' id='word_1_161' title='bbox 973 2740 1005 2801; x_wconf 93' lang='lat' dir='ltr'><strong>in</strong></span> <span class='ocrx_word' id='word_1_162' title='bbox 1020 2738 1242 2821; x_wconf 76' lang='lat' dir='ltr'><strong>temporalibus</strong></span> 
     </span>
     <span class='ocr_line' id='line_1_22' title="bbox 216 2848 1246 2930; baseline -0.001 -15"><span class='ocrx_word' id='word_1_163' title='bbox 216 2848 400 2915; x_wconf 79' lang='lat' dir='ltr'><strong>necessariis</strong></span> <span class='ocrx_word' id='word_1_164' title='bbox 428 2850 605 2930; x_wconf 84' lang='lat' dir='ltr'><strong>paciemini.</strong></span> <span class='ocrx_word' id='word_1_165' title='bbox 639 2851 855 2913; x_wconf 83' lang='lat' dir='ltr'><strong>tantummodo</strong></span> <span class='ocrx_word' id='word_1_166' title='bbox 879 2851 1049 2915; x_wconf 76' lang='lat' dir='ltr'><strong>exercitate</strong></span> <span class='ocrx_word' id='word_1_167' title='bbox 1072 2852 1106 2915; x_wconf 92' lang='lat' dir='ltr'><strong>in</strong></span> <span class='ocrx_word' id='word_1_168' title='bbox 1130 2850 1246 2914; x_wconf 84' lang='lat' dir='ltr'><strong>Christi</strong></span> 
     </span>
     <span class='ocr_line' id='line_1_23' title="bbox 216 2959 1245 3045; baseline 0.002 -21"><span class='ocrx_word' id='word_1_169' title='bbox 216 2960 370 3041; x_wconf 86' lang='lat' dir='ltr'><strong>obsequio</strong></span> <span class='ocrx_word' id='word_1_170' title='bbox 384 2959 524 3023; x_wconf 86' lang='lat' dir='ltr'><strong>officium</strong></span> <span class='ocrx_word' id='word_1_171' title='bbox 539 2967 680 3023; x_wconf 89' lang='lat' dir='ltr'><strong>uestrum</strong></span> <span class='ocrx_word' id='word_1_172' title='bbox 693 2961 902 3042; x_wconf 81' lang='lat' dir='ltr'><strong>predicando,</strong></span> <span class='ocrx_word' id='word_1_173' title='bbox 923 2963 1127 3045; x_wconf 80' lang='lat' dir='ltr'><strong>bsptiusndo,</strong></span> <span class='ocrx_word' id='word_1_174' title='bbox 1148 2982 1185 3026; x_wconf 81' lang='lat' dir='ltr'><strong>no</strong></span> <span class='ocrx_word' id='word_1_175' title='bbox 1198 2963 1245 3026; x_wconf 91' lang='lat' dir='ltr'><strong>in·</strong></span> 
     </span>
     <span class='ocr_line' id='line_1_24' title="bbox 215 3068 1244 3156; baseline 0.003 -22"><span class='ocrx_word' id='word_1_176' title='bbox 215 3068 325 3135; x_wconf 83' lang='lat' dir='ltr'><strong>fideles</strong></span> <span class='ocrx_word' id='word_1_177' title='bbox 339 3071 380 3133; x_wconf 83' lang='lat' dir='ltr'><strong>ad</strong></span> <span class='ocrx_word' id='word_1_178' title='bbox 395 3070 553 3134; x_wconf 84' lang='lat' dir='ltr'><strong>Christum</strong></span> <span class='ocrx_word' id='word_1_179' title='bbox 574 3073 799 3135; x_wconf 86' lang='lat' dir='ltr'><strong>conuertendo.</strong></span> <span class='ocrx_word' id='word_1_180' title='bbox 820 3073 913 3155; x_wconf 82' lang='lat' dir='ltr'><strong>igitur</strong></span> <span class='ocrx_word' id='word_1_181' title='bbox 926 3074 967 3138; x_wconf 84' lang='lat' dir='ltr'><strong>od</strong></span> <span class='ocrx_word' id='word_1_182' title='bbox 981 3074 1148 3156; x_wconf 88' lang='lat' dir='ltr'><strong>imperium</strong></span> <span class='ocrx_word' id='word_1_183' title='bbox 1161 3075 1244 3156; x_wconf 81' lang='lat' dir='ltr'><strong>regis</strong></span> 
     </span>
     <span class='ocr_line' id='line_1_25' title="bbox 217 3182 1243 3268; baseline 0 -23"><span class='ocrx_word' id='word_1_184' title='bbox 217 3182 399 3265; x_wconf 77' lang='lat' dir='ltr'><strong>congregati</strong></span> <span class='ocrx_word' id='word_1_185' title='bbox 420 3190 493 3245; x_wconf 89' lang='lat' dir='ltr'><strong>sunt</strong></span> <span class='ocrx_word' id='word_1_186' title='bbox 507 3182 652 3245; x_wconf 82' lang='lat' dir='ltr'><strong>monachi</strong></span> <span class='ocrx_word' id='word_1_187' title='bbox 667 3184 707 3247; x_wconf 89' lang='lat' dir='ltr'><strong>de</strong></span> <span class='ocrx_word' id='word_1_188' title='bbox 722 3184 858 3249; x_wconf 83' lang='lat' dir='ltr'><strong>diuersis</strong></span> <span class='ocrx_word' id='word_1_189' title='bbox 872 3186 962 3268; x_wconf 77' lang='lat' dir='ltr'><strong>regni</strong></span> <span class='ocrx_word' id='word_1_190' title='bbox 975 3185 1182 3258; x_wconf 84' lang='lat' dir='ltr'><strong>monasteriis,</strong></span> <span class='ocrx_word' id='word_1_191' title='bbox 1204 3185 1243 3246; x_wconf 86' lang='lat' dir='ltr'><strong>de</strong></span> 
     </span>
     <span class='ocr_line' id='line_1_26' title="bbox 216 3292 1244 3376; baseline -0.001 -19"><span class='ocrx_word' id='word_1_192' title='bbox 216 3292 391 3359; x_wconf 80' lang='lat' dir='ltr'><strong>Worodino</strong></span> <span class='ocrx_word' id='word_1_193' title='bbox 412 3296 475 3357; x_wconf 91' lang='lat' dir='ltr'><strong>duo</strong></span> <span class='ocrx_word' id='word_1_194' title='bbox 491 3294 667 3376; x_wconf 83' lang='lat' dir='ltr'><strong>Stephanus</strong></span> <span class='ocrx_word' id='word_1_195' title='bbox 688 3303 720 3358; x_wconf 88' lang='lat' dir='ltr'><strong>et</strong></span> <span class='ocrx_word' id='word_1_196' title='bbox 738 3295 937 3370; x_wconf 79' lang='lat' dir='ltr'><strong>hnshelmus,</strong></span> <span class='ocrx_word' id='word_1_197' title='bbox 958 3295 998 3359; x_wconf 88' lang='lat' dir='ltr'><strong>de</strong></span> <span class='ocrx_word' id='word_1_198' title='bbox 1011 3293 1160 3358; x_wconf 87' lang='lat' dir='ltr'><strong>Zulndino</strong></span> <span class='ocrx_word' id='word_1_199' title='bbox 1181 3295 1244 3357; x_wconf 91' lang='lat' dir='ltr'><strong>duo</strong></span> 
     </span>
     <span class='ocr_line' id='line_1_27' title="bbox 218 3403 1244 3481; baseline 0.001 -12"><span class='ocrx_word' id='word_1_200' title='bbox 218 3403 381 3469; x_wconf 77' lang='lat' dir='ltr'><strong>Conrodus</strong></span> <span class='ocrx_word' id='word_1_201' title='bbox 404 3413 437 3471; x_wconf 86' lang='lat' dir='ltr'><strong>et</strong></span> <span class='ocrx_word' id='word_1_202' title='bbox 453 3405 615 3481; x_wconf 75' lang='lat' dir='ltr'><strong>sibertus,</strong></span> <span class='ocrx_word' id='word_1_203' title='bbox 647 3406 687 3469; x_wconf 93' lang='lat' dir='ltr'><strong>de</strong></span> <span class='ocrx_word' id='word_1_204' title='bbox 707 3407 783 3470; x_wconf 87' lang='lat' dir='ltr'><strong>Beel</strong></span> <span class='ocrx_word' id='word_1_205' title='bbox 804 3407 867 3470; x_wconf 89' lang='lat' dir='ltr'><strong>duo</strong></span> <span class='ocrx_word' id='word_1_206' title='bbox 883 3407 977 3472; x_wconf 81' lang='lat' dir='ltr'><strong>Croto</strong></span> <span class='ocrx_word' id='word_1_207' title='bbox 998 3416 1030 3472; x_wconf 88' lang='lat' dir='ltr'><strong>et</strong></span> <span class='ocrx_word' id='word_1_208' title='bbox 1043 3407 1176 3480; x_wconf 81' lang='lat' dir='ltr'><strong>Thnrlo‚</strong></span> <span class='ocrx_word' id='word_1_209' title='bbox 1205 3406 1244 3470; x_wconf 90' lang='lat' dir='ltr'><strong>de</strong></span> 
     </span>
     <span class='ocr_line' id='line_1_28' title="bbox 218 3517 1246 3600; baseline -0.002 -19"><span class='ocrx_word' id='word_1_210' title='bbox 218 3524 325 3581; x_wconf 85' lang='lat' dir='ltr'><strong>monto</strong></span> <span class='ocrx_word' id='word_1_211' title='bbox 339 3517 500 3581; x_wconf 80' lang='lat' dir='ltr'><strong>Pannonio</strong></span> <span class='ocrx_word' id='word_1_212' title='bbox 514 3525 648 3600; x_wconf 85' lang='lat' dir='ltr'><strong>quatuor</strong></span> <span class='ocrx_word' id='word_1_213' title='bbox 661 3518 833 3600; x_wconf 86' lang='lat' dir='ltr'><strong>Philippus,</strong></span> <span class='ocrx_word' id='word_1_214' title='bbox 854 3518 1019 3594; x_wconf 84' lang='lat' dir='ltr'><strong>Honricus,</strong></span> <span class='ocrx_word' id='word_1_215' title='bbox 1039 3518 1246 3582; x_wconf 88' lang='lat' dir='ltr'><strong>Leonhsrdus</strong></span> 
     </span>
     <span class='ocr_line' id='line_1_29' title="bbox 219 3627 1244 3713; baseline -0.005 -20"><span class='ocrx_word' id='word_1_216' title='bbox 219 3634 252 3693; x_wconf 81' lang='lat' dir='ltr'><strong>ot</strong></span> <span class='ocrx_word' id='word_1_217' title='bbox 266 3627 410 3692; x_wconf 83' lang='lat' dir='ltr'><strong>Conclus.</strong></span> <span class='ocrx_word' id='word_1_218' title='bbox 438 3629 472 3690; x_wconf 91' lang='lat' dir='ltr'><strong>hi</strong></span> <span class='ocrx_word' id='word_1_219' title='bbox 487 3630 598 3694; x_wconf 90' lang='lat' dir='ltr'><strong>decom</strong></span> <span class='ocrx_word' id='word_1_220' title='bbox 612 3630 779 3713; x_wconf 85' lang='lat' dir='ltr'><strong>presbiteri</strong></span> <span class='ocrx_word' id='word_1_221' title='bbox 793 3638 883 3693; x_wconf 85' lang='lat' dir='ltr'><strong>ersnt</strong></span> <span class='ocrx_word' id='word_1_222' title='bbox 896 3638 929 3694; x_wconf 86' lang='lat' dir='ltr'><strong>st</strong></span> <span class='ocrx_word' id='word_1_223' title='bbox 941 3629 1002 3691; x_wconf 89' lang='lat' dir='ltr'><strong>uiri</strong></span> <span class='ocrx_word' id='word_1_224' title='bbox 1014 3628 1145 3700; x_wconf 78' lang='lat' dir='ltr'><strong>literati,</strong></span> <span class='ocrx_word' id='word_1_225' title='bbox 1164 3645 1244 3706; x_wconf 84' lang='lat' dir='ltr'><strong>quos</strong></span> 
     </span>
     <span class='ocr_line' id='line_1_30' title="bbox 218 3736 1243 3821; baseline -0.003 -20"><span class='ocrx_word' id='word_1_226' title='bbox 218 3737 418 3804; x_wconf 82' lang='lat' dir='ltr'><strong>Chunndinus</strong></span> <span class='ocrx_word' id='word_1_227' title='bbox 432 3760 539 3805; x_wconf 88' lang='lat' dir='ltr'><strong>comes</strong></span> <span class='ocrx_word' id='word_1_228' title='bbox 551 3743 585 3803; x_wconf 92' lang='lat' dir='ltr'><strong>in</strong></span> <span class='ocrx_word' id='word_1_229' title='bbox 599 3761 728 3806; x_wconf 89' lang='lat' dir='ltr'><strong>currum</strong></span> <span class='ocrx_word' id='word_1_230' title='bbox 740 3761 832 3805; x_wconf 86' lang='lat' dir='ltr'><strong>suum</strong></span> <span class='ocrx_word' id='word_1_231' title='bbox 846 3759 968 3821; x_wconf 91' lang='lat' dir='ltr'><strong>ponens</strong></span> <span class='ocrx_word' id='word_1_232' title='bbox 982 3747 1015 3801; x_wconf 89' lang='lat' dir='ltr'><strong>et</strong></span> <span class='ocrx_word' id='word_1_233' title='bbox 1026 3739 1060 3800; x_wconf 90' lang='lat' dir='ltr'><strong>in</strong></span> <span class='ocrx_word' id='word_1_234' title='bbox 1075 3736 1243 3818; x_wconf 76' lang='lat' dir='ltr'><strong>dyoecesin</strong></span> 
     </span>
     <span class='ocr_line' id='line_1_31' title="bbox 219 3845 1244 3934; baseline -0.003 -21"><span class='ocrx_word' id='word_1_235' title='bbox 219 3845 469 3921; x_wconf 73' lang='lat' dir='ltr'><strong>chananeorum</strong></span> <span class='ocrx_word' id='word_1_236' title='bbox 484 3850 612 3925; x_wconf 89' lang='lat' dir='ltr'><strong>ducens,</strong></span> <span class='ocrx_word' id='word_1_237' title='bbox 632 3860 665 3915; x_wconf 90' lang='lat' dir='ltr'><strong>et</strong></span> <span class='ocrx_word' id='word_1_238' title='bbox 677 3851 781 3934; x_wconf 87' lang='lat' dir='ltr'><strong>primo</strong></span> <span class='ocrx_word' id='word_1_239' title='bbox 794 3850 924 3932; x_wconf 73' lang='lat' dir='ltr'><strong>quidem</strong></span> <span class='ocrx_word' id='word_1_240' title='bbox 940 3850 973 3911; x_wconf 92' lang='lat' dir='ltr'><strong>in</strong></span> <span class='ocrx_word' id='word_1_241' title='bbox 987 3846 1169 3921; x_wconf 82' lang='lat' dir='ltr'><strong>Ororlnnos,</strong></span> <span class='ocrx_word' id='word_1_242' title='bbox 1190 3848 1244 3910; x_wconf 92' lang='lat' dir='ltr'><strong>ubi</strong></span> 
     </span>
     <span class='ocr_line' id='line_1_32' title="bbox 217 3958 1246 4043; baseline -0.001 -20"><span class='ocrx_word' id='word_1_243' title='bbox 217 3963 441 4025; x_wconf 79' lang='lat' dir='ltr'><strong>monasterium</strong></span> <span class='ocrx_word' id='word_1_244' title='bbox 461 3962 496 4024; x_wconf 93' lang='lat' dir='ltr'><strong>in</strong></span> <span class='ocrx_word' id='word_1_245' title='bbox 517 3960 639 4023; x_wconf 89' lang='lat' dir='ltr'><strong>honore</strong></span> <span class='ocrx_word' id='word_1_246' title='bbox 658 3962 745 4026; x_wconf 82' lang='lat' dir='ltr'><strong>besti</strong></span> <span class='ocrx_word' id='word_1_247' title='bbox 762 3960 889 4043; x_wconf 73' lang='lat' dir='ltr'><strong>Georgii</strong></span> <span class='ocrx_word' id='word_1_248' title='bbox 912 3958 1047 4022; x_wconf 79' lang='lat' dir='ltr'><strong>mortuis</strong></span> <span class='ocrx_word' id='word_1_249' title='bbox 1069 3958 1246 4024; x_wconf 79' lang='lat' dir='ltr'><strong>edificabat.</strong></span> 
     </span>
     <span class='ocr_line' id='line_1_33' title="bbox 216 4071 1247 4156; baseline -0.001 -17"><span class='ocrx_word' id='word_1_250' title='bbox 216 4072 409 4139; x_wconf 70' lang='lat' dir='ltr'><strong>medicato</strong></span> <span class='ocrx_word' id='word_1_251' title='bbox 433 4079 540 4135; x_wconf 64' lang='lat' dir='ltr'><strong>numm</strong></span> <span class='ocrx_word' id='word_1_252' title='bbox 562 4071 677 4136; x_wconf 87' lang='lat' dir='ltr'><strong>eodem</strong></span> <span class='ocrx_word' id='word_1_253' title='bbox 700 4073 771 4138; x_wconf 94' lang='lat' dir='ltr'><strong>loco</strong></span> <span class='ocrx_word' id='word_1_254' title='bbox 791 4090 940 4156; x_wconf 75' lang='lat' dir='ltr'><strong>magnum</strong></span> <span class='ocrx_word' id='word_1_255' title='bbox 964 4072 1147 4135; x_wconf 89' lang='lat' dir='ltr'><strong>conuiuium</strong></span> <span class='ocrx_word' id='word_1_256' title='bbox 1170 4073 1247 4140; x_wconf 83' lang='lat' dir='ltr'><strong>iecit</strong></span> 
     </span>
    </p>
   </div>
   <div class='ocr_carea' id='block_1_4' title="bbox 218 4181 1245 4276">
    <p class='ocr_par' dir='ltr' id='par_1_4' title="bbox 218 4181 1245 4276">
     <span class='ocr_line' id='line_1_34' title="bbox 218 4181 1245 4276; baseline -0.013 -23"><span class='ocrx_word' id='word_1_257' title='bbox 218 4184 368 4276; x_wconf 78' lang='lat' dir='ltr'><strong>ppiscopo</strong></span> <span class='ocrx_word' id='word_1_258' title='bbox 382 4201 455 4251; x_wconf 78' lang='lat' dir='ltr'><strong>cunr</strong></span> <span class='ocrx_word' id='word_1_259' title='bbox 473 4181 633 4265; x_wconf 74' lang='lat' dir='ltr'><strong>hotribur,</strong></span> <span class='ocrx_word' id='word_1_260' title='bbox 652 4203 734 4271; x_wconf 80' lang='lat' dir='ltr'><strong>quor</strong></span> <span class='ocrx_word' id='word_1_261' title='bbox 752 4185 854 4254; x_wconf 78' lang='lat' dir='ltr'><strong>eciem</strong></span> <span class='ocrx_word' id='word_1_262' title='bbox 875 4181 1016 4271; x_wconf 81' lang='lat' dir='ltr'><strong>plurimis</strong></span> <span class='ocrx_word' id='word_1_263' title='bbox 1037 4186 1174 4255; x_wconf 76' lang='lat' dir='ltr'><strong>donum</strong></span> <span class='ocrx_word' id='word_1_264' title='bbox 1193 4206 1245 4252; x_wconf 81' lang='lat' dir='ltr'><strong>re.</strong></span> 
     </span>
    </p>
   </div>
   <div class='ocr_carea' id='block_1_5' title="bbox 0 0 1410 4764">
    <p class='ocr_par' dir='ltr' id='par_1_5' title="bbox 0 0 1410 4764">
     <span class='ocr_line' id='line_1_35' title="bbox 0 0 1410 4764; baseline 0 0"><span class='ocrx_word' id='word_1_265' title='bbox 0 0 1410 4764; x_wconf 95' lang='lat' dir='ltr'><strong> </strong></span> 
     </span>
    </p>
   </div>
  </div>
 </body>
</html>
