2798 4764
175 328 215 400 ἢ
390 350 528 401 suomi
549 352 649 400 essm
669 348 880 399 ansemundus
905 330 981 417 (itt.

178 517 209 573 et
228 509 337 572 ductor
350 508 432 572 illius
448 509 618 584 exercitus,
639 507 819 571 licenciatus
842 526 859 570 a
883 507 980 581 duce,
1001 506 1124 570 eleuato
1146 523 1203 568 ue·
1238 488 1243 503 ’

177 620 252 682 xillo
268 641 413 703 egressus
429 629 492 695 est,
513 630 545 684 et
559 629 661 684 castra
675 629 810 683 metatus
825 627 873 683 est
885 620 972 683 iuxta
986 626 1125 702 mentem
1142 618 1202 680 Pa-

179 743 284 799 coztu.
306 733 379 795 hinc
394 752 471 797 uero
487 734 672 815 equitantes,
694 732 726 794 in
740 751 850 814 campo
866 732 964 816 Peytn
979 739 1081 794 castra
1094 729 1202 793 metati

177 857 264 921 sunt,
287 854 318 910 et
343 868 401 930 per
423 855 486 909 tres
512 846 578 908 dies
603 846 646 908 ibi
670 853 927 927 permanserunt,
958 853 1071 926 quarto
1095 850 1202 905 autem

177 977 278 1041 usque
299 958 338 1020 ad
354 965 489 1020 castrum
504 957 655 1038 Bezprem
677 965 904 1039 peruenerunt.
935 963 1010 1019 tunc
1024 955 1153 1018 Usubuu
1171 962 1203 1017 et

176 1070 297 1144 Eusee,
318 1069 461 1133 ordinato
477 1070 635 1143 exercitu,
657 1079 765 1133 contra
779 1088 925 1132 romanos
940 1068 1064 1142 milites,
1078 1068 1132 1148 qui
1149 1085 1202 1131 ca·

176 1191 276 1244 strum
296 1182 445 1264 Bezprem
468 1181 703 1253 custodiebant,
730 1201 871 1263 pugnare
893 1181 1007 1244 acriter
1030 1186 1202 1261 ceperunt,

177 1300 208 1357 et
222 1299 393 1375 pugnatum
407 1301 456 1356 est
469 1292 551 1355 inter
565 1312 619 1355 ens
634 1312 692 1375 per
705 1293 950 1367 hebdomadam,
970 1311 1082 1366 unam,
1103 1291 1135 1353 in
1151 1309 1201 1353 se-

178 1406 280 1468 cunda
295 1412 399 1468 autem
412 1405 624 1480 hebdomada,
645 1404 725 1469 feria
739 1413 864 1488 quarta,
887 1405 961 1468 dum
976 1410 1108 1486 utraque
1128 1422 1201 1485 pars

178 1517 333 1580 exercitus
355 1518 462 1581 labore
483 1516 556 1580 belli
573 1518 664 1580 nimis
680 1526 764 1580 esset
777 1517 917 1599 fatigata,
938 1524 1013 1578 tunc
1028 1515 1155 1578 Usubuu
1169 1521 1202 1577 et

176 1628 281 1690 Eusee
302 1628 409 1710 plures
431 1628 543 1692 milites
556 1630 768 1691 Romanorum
789 1629 821 1689 iu
842 1649 897 1691 ore
911 1627 1005 1710 gladii
1020 1646 1202 1691 consumse-

177 1747 265 1813 runt,
286 1748 319 1801 et
333 1740 484 1821 quosdam
499 1741 610 1805 ictibus
626 1741 804 1823 sagittarum
820 1740 1060 1813 interfecerunt,
1088 1737 1201 1822 reliqui

179 1871 255 1914 uero
277 1853 506 1927 Romanorum,
534 1853 676 1916 uidentes
699 1852 861 1917 audaciam
883 1853 1124 1935 llungarorum,
1153 1852 1201 1914 di-

176 1963 272 2027 misso
288 1971 390 2028 castro
405 1965 556 2046 Bezprem
572 1965 646 2047 luga
658 1965 737 2046 lapsi
751 1973 840 2039 suut,
860 1975 892 2028 et
905 1984 964 2047 pro
978 1963 1120 2027 remedio
1135 1963 1200 2027 uite
1242 2009 1246 2020 ,

176 2077 209 2138 in
222 2086 338 2140 terram
351 2076 614 2139 l’eothonicorum
636 2086 905 2160 properauerunt‚
926 2097 1007 2160 quos
1022 2077 1150 2140 Usubuu
1168 2083 1200 2139 et

93 2172 96 2177 ¹
176 2189 281 2251 Enseu
295 2208 396 2271 usque
410 2188 450 2251 ad
461 2187 629 2250 confinium
639 2189 927 2252 Theothonicorum
942 2189 1099 2270 persecuti
1114 2194 1199 2252 sunt.

177 2302 310 2385 quadam
334 2310 437 2365 autem
459 2301 524 2374 die,
552 2303 627 2364 dum
648 2302 800 2384 llungarii
822 2309 854 2364 et
866 2301 997 2364 Romani
1017 2301 1049 2362 iu
1063 2300 1201 2363 confinia

176 2421 292 2487 essent,
313 2413 443 2476 Romani
458 2412 620 2495 fugiendo,
640 2411 772 2477 latenter
786 2413 926 2486 fluuium,
950 2414 1002 2496 qui
1018 2413 1110 2476 estin
1125 2430 1202 2474 con·

176 2523 252 2587 finio
267 2511 428 2587 P'annnnie
452 2532 484 2586 et
498 2523 781 2598 leothonicorum,
802 2532 1094 2598 transnatauerunt‚
1115 2525 1200 2589 unde

177 2634 291 2696 tluuius
305 2633 357 2696 ille
373 2636 411 2696 ab
425 2635 582 2716 Hungaris
595 2644 725 2699 uocatus
735 2638 895 2718 Loponsu,
910 2656 948 2700 eo
963 2637 1048 2718 quod
1060 2636 1202 2711 Romani,

177 2755 308 2828 propter
327 2754 445 2809 metum
459 2746 696 2828 Hungarorum,
716 2748 851 2811 latenter
865 2757 1151 2814 transnatauerunt.

260 2967 326 3052 (te)
348 2969 392 3032 De
405 2969 506 3034 Castro
518 2975 625 3052 [emec.
668 2971 708 3034 Et
731 2991 770 3034 ex
791 2970 864 3035 hinc
886 2971 1015 3035 Usubuu
1036 2978 1128 3055 pater
1143 2974 1202 3033 Zo-

177 3081 285 3156 loucu,
307 3083 450 3146 etEusee
463 3090 552 3166 pater
562 3083 664 3145 Urcnn
678 3084 814 3157 reuersi,
837 3083 979 3147 Castrum
994 3084 1131 3147 terreum
1149 3102 1201 3147 ce-

178 3203 305 3278 perunt,
329 3201 362 3259 et
383 3195 464 3258 lilios
488 3195 660 3259 incolarum
684 3196 716 3258 in
741 3195 867 3260 obsides
891 3206 1095 3279 acceperunt.
1125 3197 1198 3260 hinc

178 3326 255 3371 uero
277 3310 453 3391 equitantes
472 3309 558 3372 iuxta
577 3309 706 3372 lluuium
726 3308 879 3383 Baletum
912 3329 1012 3391 usque
1035 3309 1074 3372 ad
1090 3308 1202 3392 Thyon

175 3431 405 3502 peruenerunt,
434 3430 466 3486 et
485 3422 657 3505 subiugatis
678 3422 736 3485 sibi
757 3423 920 3504 gentibus,
941 3422 1064 3486 decimo
1088 3430 1199 3504 quarto

177 3516 228 3595 die
243 3543 378 3596 castrum
392 3534 543 3617 Bezprem
564 3535 772 3599 intrauerunt.
801 3544 875 3599 tune
890 3534 1018 3599 Usubuu
1039 3541 1071 3597 et
1084 3533 1200 3608 Eusee,

178 3642 255 3706 inito
275 3644 423 3719 consilto,
453 3649 583 3711 nuncios
606 3668 695 3721 snos,
717 3667 788 3711 cum
808 3648 942 3710 diuersis
965 3647 1147 3709 muneribus
1169 3652 1201 3709 et

177 3752 249 3817 liliis
269 3754 441 3818 incolarum
461 3757 493 3818 in
516 3758 640 3821 obsides
660 3757 783 3841 positis,
805 3758 876 3819 duci
896 3759 1000 3840 Arpad
1019 3758 1200 3821 transmise-

176 3872 266 3939 runt,
294 3875 327 3929 et
346 3866 481 3949 qualiter
501 3867 589 3930 dedit
610 3869 656 3931 eis
681 3869 758 3932 deus
779 3867 959 3942 uictoriam,
986 3875 1019 3931 et
1039 3867 1199 3951 quomodo

83 4062 89 4077 Ι
178 3976 325 4054 Romani,
346 3978 475 4043 dimissa
488 3986 590 4043 castro
603 3980 755 4063 Bezprem
777 3988 850 4044 ante
864 3999 920 4043 eos
934 3978 1009 4062 luga
1023 3978 1119 4063 lapsi,
1141 3979 1200 4043 llu-

177 4092 265 4156 uium
280 4091 428 4174 Loponsu
441 4090 574 4154 latenter
585 4097 872 4158 transnatauerunt.
894 4090 980 4154 ldissi
996 4109 1072 4155 uero
1088 4112 1199 4159 eorum

175 4203 292 4273 darom
303 4201 409 4293 dread
420 4201 454 4270 in
466 4200 548 4272 sitm
559 4202 708 4295 lumbar
717 4201 867 4293 ‚madico
879 4203 1090 4273 madentem
1103 4206 1193 4275 inue-
