2798 4764
176 340 240 413 tto
499 356 684 409 rrersmorr
708 358 749 408 os
771 359 882 410 rsus.

177 514 270 589 bum,
298 513 429 578 etitem
452 514 635 596 iobagiones
660 514 840 577 monasterii
865 514 905 576 de
919 510 1090 595 Tapiucie,
1111 513 1224 595 perti·

178 624 281 688 nentis
295 625 335 687 ad
350 643 449 707 genus
461 624 631 688 Mizidaczii
645 625 685 687 de
700 625 811 688 eadem
826 624 910 687 uitia.
931 643 1067 704 quorum
1083 625 1224 688 nomina

178 743 252 800 sunt
268 734 353 797 heo:
382 735 535 807 Benedic,
562 734 701 816 Nunige,
729 734 874 808 Zobozto,
903 734 1061 807 Boratho,
1085 733 1225 808 nourr,

178 844 336 919 Lusutira,
364 845 606 920 Zamacziomut,
635 845 749 918 Buchi,
778 847 903 908 Tomos.
935 864 993 927 pro
1012 844 1051 907 iis
1064 845 1226 909 omnibus

178 956 270 1040 agua
284 964 315 1020 et
327 956 526 1029 Benedictus,
541 976 600 1039 pro
611 976 645 1019 so
660 958 735 1037 ipsis
750 965 782 1019 et
795 956 864 1018 aliis
878 962 1000 1037 portato
1012 955 1111 1029 terro,
1126 955 1228 1019 iusti-

177 1067 262 1132 ficati
276 1075 359 1132 sunt.
379 1067 599 1140 iudicationis,
622 1067 770 1149 pristaido
785 1068 872 1132 Boia.

262 1178 340 1255 (42)
362 1178 569 1260 louhagiones
591 1178 630 1240 de
652 1179 786 1250 Bekuos,
815 1178 954 1240 scilicet:
977 1176 1123 1258 Sungut,
1146 1178 1228 1253 lint,

179 1291 254 1365 lus,
270 1291 390 1374 Chysce
405 1290 497 1363 Paul,
512 1289 643 1364 lictant,
656 1289 774 1363 Dionis,
790 1290 914 1362 Tomos,
929 1288 1052 1361 Pether,
1073 1286 1229 1363 Orochs,

179 1403 284 1476 Uiuor,
299 1401 453 1484 Boohyur,
468 1400 552 1463 Elias
567 1408 599 1463 et
613 1400 715 1474 Usud,
729 1399 803 1464 item
818 1400 1002 1481 iobngiones
1017 1399 1058 1462 de
1072 1409 1229 1464 casmen-

180 1511 268 1577 rinus
282 1512 437 1593 exempti,
458 1510 595 1574 scilicet:
616 1510 738 1583 Reche,
756 1510 870 1582 Banus,
885 1509 1011 1583 Ambos,
1033 1517 1064 1571 et
1073 1511 1232 1594 Thycns,

181 1630 214 1686 et
228 1630 336 1703 postca
350 1621 490 1686 uniuersi
504 1629 692 1693 castrenses,
714 1620 851 1684 scilicet:
873 1619 1005 1701 Mogud,
1019 1619 1107 1693 Eua,
1123 1621 1231 1697 Usnd,

184 1731 279 1805 Pous,
300 1741 331 1795 et
346 1750 455 1793 omnes
478 1730 546 1804 aiii,
568 1732 731 1813 conquesti
751 1740 824 1793 sunt
846 1731 973 1793 domino
988 1732 1055 1812 regi
1069 1733 1231 1809 Andreo,

183 1861 278 1924 super
301 1841 363 1904 Sub
386 1850 417 1904 et
439 1841 583 1922 Sycund,
610 1841 766 1916 dicentes,
788 1843 875 1924 quod
898 1841 1005 1904 iniusti
1027 1841 1232 1926 iobagiones

183 1962 304 2027 essent,
324 1962 357 2017 ct
371 1951 593 2033 dilapidatores
615 1945 721 2016 rerum
743 1952 868 2036 popuii,
890 1961 921 2016 et
943 1954 1232 2034 depauperatum

184 2065 323 2128 omnium
339 2064 561 2137 castrensium,
587 2071 620 2126 et
634 2071 778 2127 auctores
801 2063 910 2127 mortis
932 2065 1025 2126 trium
1040 2063 1234 2133 hominnm.

182 2178 378 2261 supradictus
397 2183 502 2239 autem
522 2195 579 2239 rex
602 2175 757 2240 commisit
777 2176 833 2238 liic
853 2175 957 2238 comiti
978 2193 1091 2237 eorum
1114 2178 1233 2244 diseu-

184 2289 329 2363 ciondos,
357 2288 411 2371 qui
435 2287 558 2350 damnis
583 2288 790 2349 castrensium
814 2287 1015 2369 computatis,
1037 2294 1069 2350 et
1096 2289 1131 2351 in
1157 2297 1233 2355 tro·

184 2400 284 2465 centis
307 2400 418 2463 marcis
442 2418 497 2462 eos
517 2397 733 2461 damnificatos
756 2416 827 2461 esso
846 2399 1054 2482 comperiens,
1074 2418 1139 2482 per
1157 2403 1232 2484 prt-

184 2511 319 2574 rtaldum
336 2511 463 2574 nomine
480 2510 622 2572 Andreas
643 2508 683 2571 de
698 2507 772 2569 uitia
786 2509 895 2590 Egneg
918 2509 1002 2572 misit
1015 2528 1071 2571 eos
1088 2510 1231 2576 {inradi-

184 2641 270 2685 num.
292 2622 346 2684 ubi
374 2622 468 2683 homo
491 2621 704 2703 predictorum
728 2619 950 2693 castrensium,
971 2620 1100 2684 nomine
1126 2623 1230 2699 Porro,

184 2741 308 2813 portato
323 2732 418 2805 terro,
439 2740 548 2796 contra
563 2732 623 2793 Sab
639 2740 670 2794 et
684 2732 826 2813 Sycund,
849 2732 1015 2794 mundatus
1031 2740 1090 2795 est.

268 2841 345 2915 (tt)
367 2841 477 2902 Uiilani
493 2843 532 2903 de
545 2842 684 2903 Ponkata
698 2841 867 2923 impecierc
883 2841 1078 2905 conuitiunos
1096 2863 1227 2920 eorum,

186 2951 319 3017 scilicet:
342 2951 515 3013 Rolandam
538 2961 569 3014 et
590 2953 799 3016 Laurencium
821 2953 974 3026 dicentes,
999 2955 1086 3034 quod
1107 2974 1225 3020 eornm

186 3064 323 3147 peccatis
346 3062 553 3145 exigentibus,
576 3062 708 3125 duarum
733 3083 908 3126 marcorum
934 3065 1047 3126 damna
1073 3067 1226 3146 pertulis-

186 3185 273 3250 sent,
293 3176 396 3238 iudice
411 3176 532 3238 Abbate
559 3175 598 3237 de
624 3174 733 3236 endem
759 3175 851 3248 uitia,
880 3184 911 3238 ct
932 3177 1058 3238 Andros
1083 3187 1224 3259 patrono

187 3289 345 3361 eiusdem,
368 3286 517 3368 pristatdo
539 3286 676 3368 Georgia
699 3288 737 3349 de
759 3286 901 3349 Chunad.
928 3285 1068 3349 Rotunda
1089 3297 1121 3351 et
1137 3289 1224 3353 Lan·

187 3400 311 3463 raucius
325 3399 480 3462 iustificati
496 3406 577 3461 sunt

271 3511 351 3585 (tt)
374 3511 570 3582 Uincencius,
598 3509 766 3591 Uendegu,
787 3508 871 3571 Uoca
892 3509 932 3572 de
951 3509 1026 3572 uitia
1048 3511 1140 3578 noos
1165 3515 1224 3578 im·

188 3622 313 3702 pectere
335 3620 529 3684 conniilanos
551 3639 642 3691 snos,
664 3618 797 3682 scilicet:
825 3620 956 3693 Esaum,
978 3621 1136 3696 Torcnm,
1164 3625 1223 3689 Po·

190 3739 285 3803 uum,
308 3733 432 3804 Botam,
456 3733 596 3794 dicentes
612 3731 697 3812 quod
715 3751 826 3792 eorum
840 3730 917 3794 t'atsa
932 3730 1137 3813 suggestione
1152 3735 1224 3818 qni·

190 3840 262 3902 dam
284 3849 395 3924 potens
417 3844 543 3906 nomine
560 3843 732 3917 Uaiauodn,
752 3843 785 3905 in
805 3863 862 3906 sex
875 3842 988 3905 marcis
1004 3862 1059 3906 eos
1075 3845 1225 3911 damnifi-

190 3960 302 4016 casset.
333 3951 377 4013 itti
398 3955 646 4033 responderunt,
674 3956 760 4040 quod
782 3954 1017 4036 prenominatus
1040 3954 1227 4033 Uoiauoda,

191 4083 256 4129 non
280 4080 389 4125 eornm
412 4066 612 4145 suggestions
638 4066 809 4150 quidquam
838 4067 883 4129 cis
909 4066 1132 4141 subtraxisset,
1166 4069 1228 4136 sed

191 4196 263 4245 cum
277 4183 362 4242 esset
374 4193 485 4239 eorum
499 4177 657 4254 centurio,
678 4184 711 4242 et
723 4178 783 4262 ipsi
798 4183 992 4254 cestrenses,
1011 4182 1229 4248 castrensium
