2798 4764
504 370 688 419 massanus
711 372 753 419 ur
774 371 886 417 ruso.
1142 350 1205 415 735

180 537 262 603 met,
284 527 429 600 Chonoz,
448 525 520 599 iiia,
535 526 639 600 Tetra,
660 527 790 600 Cosam,
811 524 908 599 flata,
929 525 1071 599 Petrum,
1092 525 1206 602 Micon,

180 641 337 704 Urbanum
358 648 390 702 et
404 638 572 712 Tbohmer,
594 638 734 701 dicentes
753 639 839 718 ipsos
860 637 945 700 ciues
961 636 1055 700 castri
1067 637 1206 720 Sumtey.

179 750 224 813 iili
246 760 365 824 antem,
387 757 418 812 et
438 756 582 831 preterea
595 749 798 831 iouhagiones
813 747 1066 821 tauernieorum,
1087 749 1207 814 scilicet

179 864 288 927 lardus
303 870 334 926 et
345 862 440 936 Gaza,
462 862 609 924 dixerunt
622 861 752 923 eosdem
767 854 1057 942 esse'ioubagiones
1070 861 1209 922 tauorni-

180 994 234 1038 cos
256 973 376 1056 regine.
403 993 484 1055 quos
499 972 600 1054 Grynia
621 972 745 1035 curialis
767 991 874 1034 eomes
893 972 1002 1054 regine
1024 969 1210 1045 discuciens,

182 1103 239 1167 per
260 1083 443 1167 pristaidum
465 1085 582 1146 Seruus
604 1084 654 1146 dei
679 1084 718 1146 de
741 1082 813 1146 uitia
828 1084 910 1146 Tesa
931 1085 972 1147 ad
986 1103 1118 1146 examen
1134 1082 1209 1145 ferri

182 1197 345 1260 candentis
365 1196 479 1258 direxit
494 1195 698 1267 incudinum,
719 1196 771 1256 obi
786 1195 993 1276 prenominati
1007 1195 1210 1276 ioubagionus

183 1305 305 1387 seipsos
325 1313 604 1385 recognoscentes,
624 1306 774 1367 indicium
788 1304 862 1367 terri
876 1305 1038 1368 candentis
1052 1303 1210 1368 subterfu-

183 1424 312 1498 gerunt,
335 1417 475 1478 dieentes
493 1435 527 1477 se
547 1414 782 1496 prenominatos
804 1414 1008 1496 ioubagiones
1030 1414 1211 1480 tauornieus

185 1525 264 1590 falso
279 1527 318 1589 de
333 1528 417 1589 ciuili
433 1528 616 1590 condicione
630 1525 817 1608 impeciisse.

266 1639 353 1720 (364)
375 1641 509 1703 Humilis
533 1649 706 1703 conuentus
728 1641 864 1704 ecclesie
880 1641 1089 1715 Uaradiensis,
1111 1639 1213 1704 omni-

185 1752 243 1815 bns
259 1759 422 1832 presentes
443 1752 559 1814 litteras
579 1751 778 1833 inspecturis,
799 1761 940 1815 eternam
955 1753 1086 1815 satutem
1107 1753 1140 1814 in
1154 1752 1213 1814 do·

185 1863 280 1926 mino.
311 1863 506 1926 uniuersitati
530 1872 635 1924 oestre
656 1869 878 1937 contestamur,
908 1863 994 1944 quod
1020 1863 1150 1926 ueniens
1171 1862 1212 1926 ud

184 1994 243 2036 nos
260 1974 388 2054 quidam
412 1975 537 2037 nornine
560 1975 644 2035 Zoba
666 1972 715 2052 (ut
727 1975 795 2056 ipse
811 1974 888 2037 dixit
908 1992 944 2037 se
966 1973 1086 2053 uocari)
1107 1975 1215 2038 statuit

184 2104 288 2147 coram
310 2087 401 2148 nobis
422 2087 503 2148 duos
524 2085 610 2147 ciues
624 2085 731 2146 Ferrei
752 2085 860 2157 castri,
880 2085 999 2147 scilicet
1012 2086 1157 2148 Mieuiam
1181 2093 1214 2148 et

185 2195 370 2268 Crachium,
397 2204 432 2258 ut
457 2196 542 2258 idem
565 2196 647 2257 Zoba
670 2195 748 2257 dixit
768 2196 807 2258 de
829 2195 906 2269 illis,
927 2215 1073 2260 asserens
1090 2196 1161 2259 ilios
1182 2204 1215 2260 et

187 2325 297 2369 omrres
318 2308 492 2369 eorundem
515 2306 711 2368 conuillanns
735 2307 775 2368 de
796 2306 871 2368 uilia
892 2307 1015 2370 Thozar
1036 2306 1214 2387 impeciisse

187 2419 341 2499 quosdam
357 2418 513 2480 ministros
532 2417 625 2499 regis,
647 2419 764 2480 scilicet
777 2417 913 2479 Czunam
929 2427 960 2481 et
975 2418 1159 2501 Gregorium
1174 2420 1214 2483 de

187 2532 261 2593 uitia
287 2530 390 2602 Caino,
423 2550 479 2611 pro
504 2529 620 2592 iniusta
644 2530 857 2610 occupacione
882 2538 969 2594 terre
989 2531 1095 2593 castri.
1126 2530 1214 2594 cuius

188 2650 270 2703 terre
287 2660 317 2700 n.
332 2648 391 2702 est.
417 2640 501 2720 ipsos
517 2649 621 2702 autem
637 2638 794 2701 ministros
810 2641 892 2722 regis
906 2642 1119 2722 respondisse,
1141 2661 1216 2705 ean·

188 2753 261 2814 dem
278 2760 392 2813 terram
413 2771 483 2812 esse
498 2751 729 2814 hereditariam.
757 2750 918 2814 Nicolaum
939 2753 1087 2816 comitem
1107 2753 1217 2835 palati·

189 2881 264 2924 nurn
285 2862 406 2924 misisse
428 2871 592 2944 utramque
612 2871 730 2942 partem
752 2861 792 2923 ad
808 2881 940 2926 examen
955 2863 1029 2926 ferri
1044 2865 1217 2940 candentis,

189 2992 249 3055 per
262 2970 443 3054 pristaldunr
460 2972 587 3036 nomine
601 2974 781 3035 Simeonem
804 2971 903 3034 filium
918 2974 974 3036 Uid
995 2975 1035 3037 de
1058 2974 1131 3037 uilla
1145 2976 1217 3057 Sag,

189 3085 277 3147 euius
291 3086 359 3175 ipse
375 3085 457 3147 Zoba
476 3093 542 3148 erat
555 3086 708 3156 seruiens,
730 3085 936 3158 Uaradinum,
959 3085 1011 3146 nbi
1025 3085 1129 3148 taliter
1142 3105 1218 3148 con-

190 3204 364 3258 uenerunt:
394 3196 479 3274 quod
502 3194 711 3275 prenominati
731 3192 865 3255 ministri
887 3194 1103 3258 satisfacerent
1122 3195 1218 3258 iudici

191 3313 222 3364 et
236 3305 397 3383 pristaldo,
417 3303 606 3365 aduersariis
619 3311 724 3365 autern
738 3321 848 3365 eorum
863 3301 975 3366 darent
989 3312 1130 3385 quartam
1146 3322 1218 3385 par·

191 3422 254 3476 tem
276 3423 359 3476 terre
385 3413 542 3493 predicte,
563 3421 626 3477 tres
642 3433 720 3476 uero
735 3421 840 3495 partes
854 3413 886 3475 in
901 3415 1039 3496 quinque
1055 3415 1218 3495 porciones

191 3525 234 3586 ita
257 3524 451 3598 diciderunt,
474 3526 559 3606 quod
578 3534 642 3588 tres
665 3527 704 3588 de
721 3525 860 3608 quinque
881 3526 1037 3605 acciperet
1051 3526 1219 3607 Gregorius

171 3690 174 3697 .
193 3655 263 3698 cum
275 3636 526 3698 condinisoribus
540 3637 605 3700 suis
618 3637 771 3719 superius,
787 3637 865 3699 dnos
880 3655 958 3700 uero
972 3637 1102 3700 interius
1115 3637 1219 3702 Czuna

192 3768 263 3810 cum
279 3748 475 3809 consortibus
490 3749 565 3810 suis.

274 3856 360 3939 (365)
383 3857 514 3931 Minuta,
536 3858 679 3921 Crachun
701 3859 805 3922 etalii
827 3860 867 3923 de
886 3860 960 3923 nilla
976 3859 1096 3924 Thanar
1116 3870 1221 3927 trare·

192 3975 267 4031 runt
279 3967 313 4029 in
326 3988 454 4032 causam
465 3966 663 4051 Obulganum
675 3971 715 4033 ds
730 3971 804 4033 uilla
815 3972 920 4035 Saden
933 3991 991 4054 pro
1003 3972 1103 4046 tendi,
1113 3992 1219 4036 coram

193 4079 296 4142 indice
315 4080 442 4145 Nicolao
462 4080 576 4145 comite
595 4081 751 4164 palatino,
781 4083 837 4165 qui
857 4082 1033 4148 discuciens
1053 4091 1219 4165 utramque
1279 4071 1287 4093 Χ

191 4199 333 4275 purtem,
351 4192 435 4257 misit
454 4212 511 4276 per
524 4193 711 4276 priotddmn
731 4195 859 4259 nominc
872 4195 1062 4279 symeonem
1083 4193 1123 4257 de
1143 4191 1218 4262 uilia
