2798 4764
376 355 402 408 a.
414 357 568 408 sarrano
589 358 679 409 acuis
700 358 908 410 nucmronou
928 357 1019 412 num
1039 359 1061 412 a
1171 338 1233 413 att

204 538 298 581 nemo
321 538 431 581 eorum
454 519 507 600 qui
530 519 628 581 libero
650 527 817 581 censentur
840 520 966 581 nomine
989 519 1135 604 cuiquam
1156 520 1234 605 quid

204 631 317 693 iniurie
333 632 438 694 lacere
456 633 585 704 audeat,
608 641 761 694 terrorem
777 640 807 694 et
823 633 1005 695 caucionem
1017 634 1233 714 imposuimus,

205 746 277 826 quia
298 745 330 805 in
352 743 413 804 boc
433 743 530 824 regali
553 743 687 806 concilio
710 745 872 806 decretum
896 754 959 818 cst,
983 753 1015 806 ut
1029 746 1053 806 si
1070 747 1140 827 quis
1153 746 1233 811 libor

205 856 396 918 connubium
412 854 523 916 ancille
540 854 666 917 alterius
681 855 799 917 sciente
815 856 941 917 domino
957 855 1069 917 ancille
1091 854 1232 938 elegerit,

204 968 325 1049 perdita
340 966 492 1028 libertatis
506 986 563 1027 sue
578 966 729 1029 industria
749 977 920 1047 perpetuus
941 967 1095 1029 efficiatur
1108 987 1231 1031 seruus.

286 1079 387 1139 XXX.
430 1079 474 1138 De
498 1081 543 1140 tta
568 1082 617 1157 qai
642 1092 727 1140 extro
749 1100 869 1158 aeonum
891 1101 959 1142 suot
978 1082 1093 1160 sopiunt
1112 1098 1229 1142 uxores.

205 1190 241 1251 Ut
256 1210 355 1270 genus
372 1191 534 1271 utriusque
550 1212 644 1253 sexus
660 1201 745 1253 certa
765 1192 834 1273 lege
851 1201 882 1254 et
897 1193 1015 1274 absque
1031 1192 1151 1254 iniuriis
1164 1210 1232 1255 ma·

204 1311 276 1364 neat
297 1310 328 1362 et
341 1302 462 1383 uigeat,
487 1302 518 1363 iu
534 1302 593 1362 hoc
612 1303 716 1384 regale
732 1303 891 1364 decretum
907 1311 1054 1365 statutum
1070 1311 1137 1376 est,
1157 1302 1231 1366 ulai

204 1415 273 1495 quis
290 1414 492 1493 proteruitate
514 1413 670 1493 preditus,
691 1424 820 1495 propter
835 1414 1104 1477 abominacionem
1122 1415 1232 1478 uxoria

204 1527 336 1607 patriam
358 1526 518 1605 effugerit,
542 1545 620 1585 uxor
633 1534 744 1585 concta
760 1544 821 1605 que
842 1525 872 1584 in
890 1533 1042 1605 potestate
1057 1523 1161 1587 mariti
1174 1523 1231 1587 ba·

204 1639 367 1708 uehuntur,
390 1637 550 1716 possideat
564 1638 637 1698 dum
655 1635 730 1697 uelit
745 1645 927 1716 exspectare
942 1635 1061 1708 uirum,
1083 1643 1114 1697 et
1134 1653 1230 1696 nemo

202 1749 235 1809 in
257 1749 340 1810 aliud
363 1749 547 1828 coniugium
565 1768 677 1829 cogere
701 1757 870 1828 presumat.
895 1746 967 1809 etsi
982 1754 1094 1828 sponte
1110 1746 1230 1809 nubere

204 1861 298 1933 uelit,
323 1860 414 1922 liceat
436 1860 543 1921 sumtis
566 1859 759 1921 uestimentis
782 1869 813 1921 el
836 1859 971 1922 dimissis
1000 1858 1113 1922 ceteris
1140 1858 1230 1921 bouis

204 1974 241 2034 ad
265 1973 455 2034 connubium
477 1972 533 2032 ire.
562 1978 592 2032 ct
611 1971 635 2032 si
655 1972 703 2032 uir·
718 1971 777 2031 boc
792 1972 898 2032 audito
913 1970 1057 2043 redierit,
1084 1989 1124 2031 ne
1138 1969 1231 2034 liceat

203 2083 262 2144 sibi
278 2084 370 2144 aliam
386 2083 516 2155 ducere,
540 2082 597 2142 nisi
614 2102 683 2142 cum
699 2081 828 2143 licencia
844 2081 992 2162 episcopi.

288 2195 403 2255 XXXI.
446 2196 489 2255 De
501 2199 581 2273 forto
596 2196 762 2254 mulierum.
805 2192 883 2254 Cum
905 2193 999 2273 igitur
1018 2192 1136 2254 cunctis
1155 2191 1230 2255 bor·

204 2307 337 2368 rendum
352 2315 383 2367 et
398 2307 542 2367 onrnibus
557 2305 766 2366 abominabile
782 2306 839 2376 sit,
860 2303 981 2365 uirilem
997 2323 1106 2365 sexum
1122 2322 1230 2384 reper-

203 2426 267 2478 tum
288 2418 403 2479 lurtum
425 2418 554 2489 iecisse,
577 2425 608 2477 et
622 2417 720 2496 magis
736 2417 897 2496 magisque
917 2434 1026 2476 sexum
1041 2414 1228 2490 femineum,

204 2531 376 2592 secundom
401 2529 538 2610 regalem
564 2535 707 2589 senatum
732 2528 895 2589 decretum
920 2536 984 2599 est,
1014 2536 1047 2589 ut
1071 2527 1097 2586 si
1123 2525 1229 2609 aliqua

205 2641 316 2701 mulier
338 2640 478 2700 maritata
500 2638 615 2699 furtum
639 2638 843 2709 commiserit,
873 2656 892 2699 a
915 2637 1024 2700 marito
1048 2638 1230 2712 redimetur,

155 2765 172 2781 ⁸
205 2761 235 2812 et
249 2751 274 2813 si
289 2752 428 2812 secundo
444 2749 577 2812 candem
594 2749 716 2829 culpam
731 2750 883 2822 inciderit,
896 2749 1038 2812 similiter
1048 2750 1230 2823 redimetur,

206 2863 230 2922 si
247 2883 322 2924 uero
343 2862 451 2934 torcio,
475 2862 695 2922 uenumdetuc.

289 2975 419 3033 XXXll.
464 2974 507 3033 De
520 2974 662 3033 incendiis
677 2974 874 3032 mansionum.
917 2969 948 3032 si
965 2970 1035 3052 quis
1057 2991 1113 3051 per
1127 2969 1231 3032 inimi·

205 3086 298 3147 cicias
320 3085 447 3146 alterius
469 3085 590 3145 edificia
611 3085 683 3164 igne
706 3083 910 3154 cremaucrit‚
931 3082 1129 3145 decreuimus
1151 3090 1185 3144 ut
1198 3088 1232 3144 et

207 3198 330 3260 edilicia
352 3196 507 3267 restituat,
530 3205 561 3257 et
575 3196 728 3277 quidquid
750 3193 974 3276 suppellectilis
996 3213 1102 3254 arsum
1119 3192 1231 3265 luerit,

207 3318 239 3370 et
252 3311 379 3389 insuper
393 3307 530 3369 sedecim
545 3306 707 3378 iuuencos,
729 3305 781 3387 qui
797 3304 903 3366 ualent
918 3303 973 3363 XL
986 3302 1114 3364 solidos.

290 3419 431 3480 XXXlll.
479 3419 523 3478 Dc
547 3419 654 3495 stripis.
706 3417 737 3477 Si
762 3435 825 3496 qua
849 3414 946 3494 striga
969 3412 1097 3473 iuuenta
1121 3408 1233 3485 luerit,

206 3531 377 3592 secundum
394 3529 570 3591 iudicialem
586 3527 688 3607 legem
704 3528 835 3588 ducatur
850 3525 889 3586 ad
904 3522 1080 3594 ecclesiam,
1102 3530 1132 3584 et
1147 3539 1232 3585 com·

207 3644 372 3704 mandetur
396 3641 551 3704 sacerdoti
574 3640 613 3700 ad
635 3638 837 3700 ieiunandum
861 3636 1020 3717 iidemque
1044 3633 1232 3695 docendum.

206 3765 277 3835 post
296 3754 447 3816 ieiunium
469 3773 545 3814 ucro
561 3752 687 3813 domum
712 3749 831 3810 redeat.
858 3747 884 3808 si
906 3747 1045 3815 secundo
1067 3746 1100 3807 in
1119 3745 1233 3809 eodem

207 3867 333 3928 crimine
349 3865 539 3936 inuenietur,
560 3863 651 3925 simili
667 3860 783 3923 ieiunio
799 3859 978 3921 subiciatur.
1000 3867 1071 3940 post
1084 3856 1234 3921 ieiunium

206 3997 283 4039 uero
298 3978 330 4038 in
345 3978 473 4039 modum
489 3975 600 4048 crucis,
621 3974 653 4034 in
668 3981 796 4054 pectore
813 3979 844 4033 et
858 3970 891 4032 iu
905 3969 1027 4043 fronte,
1048 3977 1143 4051 alque
1153 3968 1235 4030 iuter

206 4090 348 4170 scapulas
363 4088 491 4150 incensa
503 4087 591 4149 clauc
607 4084 828 4162 ecclesiastica,
839 4084 968 4148 domum
984 4081 1102 4146 redeat
1116 4080 1143 4144 ai
1154 4095 1234 4144 uero

206 4202 316 4280 tercio,
330 4199 484 4266 iudicibus
498 4200 649 4266 tradatur.
