2798 4764
236 364 295 428 166
334 380 482 426 auarum
494 378 634 426 uersuum
648 380 720 426 rura
735 380 760 425 s.
774 380 928 426 srsruau
942 380 1033 427 assas
1048 360 1166 447 (d-l).

233 533 301 609 fici,
321 532 470 617 quoniam
485 530 540 594 lilii
562 530 613 595 dei
632 531 838 595 uocabantur.
867 533 977 598 statuit
990 532 1119 617 iusuper
1135 556 1267 621 precep-

121 658 128 675 '
233 653 300 711 tum
319 644 439 708 cunetis
459 642 645 708 Christianis
666 644 812 707 ducatum
831 664 922 727 strum
944 645 1060 709 intrare
1078 648 1268 723 uolentibus,

232 755 478 838 hospitalitatem
500 762 532 819 et
552 754 728 818 securitatis
750 753 888 838 graciam
908 755 1066 832 exhiberi,
1094 757 1215 822 clericis
1235 769 1268 823 et

234 865 397 931 monachis
413 872 599 949 potestatem
615 864 770 928 concessit
791 866 986 946 presenciam
1008 888 1097 931 suam
1112 870 1267 943 adeundi,

235 976 349 1062 quibus
367 974 582 1040 uoluntarium
602 974 738 1038 libenter
761 974 902 1040 auditum
922 978 1067 1059 prebens,
1089 980 1266 1045 orthodoxe

234 1088 310 1154 fidei
325 1108 433 1152 semen
449 1087 584 1170 pectoris
601 1086 634 1149 iu
646 1083 748 1168 hlorto
762 1096 880 1162 satum,
903 1088 1119 1154 delectabatur
1133 1110 1265 1174 germen

236 1199 390 1266 emittere.

320 1420 368 1505 (3)
390 1423 475 1498 Quid
490 1423 599 1505 plorat
615 1424 706 1487 adest
720 1430 842 1504 tempus
857 1420 968 1485 celitus
982 1420 1183 1505 dispositum,
1197 1443 1266 1489 cre-

238 1534 318 1598 didit
337 1534 405 1615 ipse
420 1553 491 1597 cum
512 1533 719 1597 familiaribus
739 1534 815 1609 suis,
835 1542 868 1598 et
880 1533 1053 1615 baptizatus
1068 1544 1135 1611 est,
1156 1557 1266 1600 omues

237 1644 355 1710 dicioni
375 1663 432 1709 sue
451 1645 594 1710 subditos
616 1664 650 1707 se
666 1644 816 1726 pollicens
830 1644 999 1709 christiano
1015 1646 1133 1709 nomini
1148 1646 1266 1711 manci-

237 1767 395 1842 paturum.
429 1776 565 1840 cumque
588 1755 718 1820 nimium
744 1765 829 1821 essct
851 1757 1002 1821 sollicitus
1027 1757 1067 1822 de
1094 1757 1266 1823 rebellibus

237 1867 414 1943 domandis,
436 1876 468 1932 et
486 1867 600 1931 ritibus
621 1867 783 1950 sacrilegis
797 1869 1007 1944 destruendis,
1028 1878 1059 1934 et
1079 1869 1267 1954 episcopati-

235 1981 295 2045 bus
317 1966 492 2045 secundum
517 1978 753 2043 estimacionem
776 2000 867 2044 suam
891 1982 931 2045 ad
957 1981 1131 2064 proiectum
1159 1958 1266 2047 shucte

236 2092 369 2157 ecclesie
383 2091 572 2167 statuendis,
593 2090 730 2154 mirabili
743 2091 866 2156 uisiolre
881 2101 974 2156 noctu
991 2093 1170 2158 consolatus
1193 2114 1265 2158 eum

235 2204 398 2278 dominus,
426 2203 500 2267 iecit
519 2211 621 2267 astare
636 2202 697 2267 sibi
716 2202 864 2267 iuuenem
886 2204 1103 2269 delectabilem
1122 2215 1266 2290 aspectu,

236 2316 291 2402 qui
307 2316 385 2381 dixit
399 2316 450 2380 ei:
478 2335 539 2399 pax
554 2315 609 2379 tihi
625 2315 739 2379 Christi
754 2315 877 2381 dilecte.
906 2315 1002 2380 iubeo
1015 2325 1047 2380 te
1062 2317 1102 2382 de
1115 2317 1269 2382 sollicitu-

236 2429 310 2493 dine
325 2437 378 2493 tua
391 2428 459 2492 iore
472 2447 630 2492 securum.
654 2448 718 2491 uon
733 2426 788 2491 tibi
802 2446 989 2490 concessum
1004 2436 1053 2492 est
1066 2428 1153 2512 quod
1165 2427 1266 2494 medi·

226 2522 320 2614 laris,
341 2538 415 2623 quia
429 2561 541 2604 manus
557 2539 691 2622 pollutas
705 2539 844 2602 humanu
858 2539 1013 2622 sauguine
1028 2549 1144 2623 gestas.
1173 2543 1219 2604 Ile
1235 2550 1265 2604 te

234 2648 319 2712 iilius
350 2650 528 2712 nasciturus
554 2649 748 2733 egredietur,
779 2648 830 2711 cui
854 2648 914 2712 hec
938 2649 1045 2712 omnia
1068 2649 1265 2732 disponenda

235 2759 341 2823 diuino
366 2759 570 2843 prouideucic
594 2759 726 2823 consilia
752 2761 985 2825 commendabit
1012 2760 1167 2825 dominus.
1211 2762 1264 2825 hic

234 2871 297 2936 erit
314 2891 395 2934 unus
416 2891 457 2935 ex
472 2871 600 2954 regibus
613 2871 720 2935 electis
740 2893 759 2935 a
773 2871 912 2947 domino,
933 2891 1081 2936 coronam
1096 2872 1160 2935 uite
1174 2892 1265 2936 secu·

224 2983 308 3072 'laris
328 2992 573 3047 commutaturus
592 2992 710 3048 eterna.
741 3004 853 3047 uerum
867 2992 973 3049 tamen
987 2983 1090 3047 uirum
1109 2983 1263 3067 spirituali

210 3094 215 3101 ’
231 3095 397 3181 legacione
415 3094 470 3159 tibi
486 3096 759 3160 transmittendum
772 3096 1000 3161 honorabiliter
1011 3096 1174 3180 suscipito,
1195 3118 1264 3161 sus-

231 3218 355 3293 ceptum
370 3208 593 3272 uenerabiliter
604 3208 720 3273 habeto
736 3209 848 3273 timore
863 3209 1054 3292 perdicionis
1070 3208 1177 3272 ultime
1192 3230 1264 3291 per·

222 3302 370 3397 territus,
391 3330 424 3385 et
441 3341 548 3385 amore
568 3330 675 3402 raptus
696 3319 986 3404 iugiter'manentis
1006 3320 1091 3404 spei,
1116 3339 1178 3403 que
1198 3340 1262 3383 aon

231 3433 406 3499 conscindit.
440 3433 696 3498 exortacionibus
721 3432 791 3497 eins
815 3453 880 3496 non
903 3432 1011 3495 fictum
1035 3430 1139 3496 cordis
1161 3428 1264 3494 tidelis

231 3562 395 3609 assensum
409 3548 550 3628 prebete.

223 3832 226 3837 ⁴
311 3761 359 3846 (l)
386 3765 635 3849 Expergeiactus
659 3767 804 3850 princeps
829 3766 984 3832 uisionem
1006 3767 1151 3850 stupidus
1176 3767 1263 3850 prius

229 3891 355 3948 secum,
377 3884 533 3957 postcom
548 3878 662 3940 Christi
683 3878 829 3942 fidelibus
844 3887 876 3941 et
889 3877 955 3940 suis
971 3885 1179 3960 pertractans,
1202 3880 1263 3942 deu

223 3985 350 4071 ,gracias
372 3986 554 4069 pauimento
575 3989 720 4054 manibus
749 3989 896 4073 expansis
922 3988 1080 4052 adherens
1100 3986 1263 4056 humiliter

228 4098 311 4185 egit,
332 4119 366 4162 se
383 4098 655 4183 principatumque
670 4122 778 4179 suum,
798 4120 871 4165 cum
884 4100 949 4165 lilio
963 4099 1134 4177 nascituro,
1156 4110 1262 4168 custo·

228 4212 280 4278 die
303 4211 387 4278 illius
410 4212 465 4297 qui
486 4232 551 4278 non
576 4212 693 4279 dormit
712 4233 817 4301 neque
838 4212 1002 4291 dormitat,
1024 4213 1160 4281 lacrimis
1181 4212 1260 4281 lusis
