2798 4764
342 326 463 376 smnus
485 328 524 375 na
547 330 629 375 seza
650 327 749 375 unsri
770 329 936 376 numurus
956 306 1012 398 (l).⁴
1067 274 1107 355 ⁴·-
1150 310 1193 379 87

247 482 340 544 Anno
355 501 431 566 ergo
439 482 490 545 Vl
505 491 657 547 exeuntes
676 482 709 545 in
732 483 856 546 deserto
875 481 946 547 loco
966 484 1033 548 sine
1054 482 1192 561 maribus

168 597 201 657 in
220 594 429 659 tabernaculis
455 604 691 679 permanentes,
716 614 832 659 uxores
857 614 892 658 ac
916 615 1032 678 pueros
1055 594 1192 661 liliorum

167 707 259 771 Belar
273 726 347 771 casu
360 715 565 790 repererunt,
588 728 666 790 quos
681 726 751 769 cum
772 706 867 770 rebus
881 727 991 772 eorum
1011 708 1044 770 iu
1057 684 1189 797 paludes

168 819 320 883 lleotidas
336 839 428 882 cursu
444 820 539 883 celeri
556 820 764 884 deduxerunt.
795 816 907 884 accidit
921 828 1025 884 autem
1039 822 1190 906 principis

168 933 269 997 liulde
280 932 450 995 Alanorum
466 932 543 997 duas
557 932 634 996 filias
648 932 809 996 interillos
825 953 941 1016 pueros
957 930 1191 1016 comprehendi,

169 1064 302 1128 quorum
320 1065 416 1108 unam
431 1044 551 1117 llunor,
573 1052 604 1107 et
620 1044 712 1108 aliam
726 1044 837 1128 llogor
851 1045 908 1107 sibi
922 1043 1055 1127 sumpsit
1066 1043 1098 1106 in
1112 1063 1192 1107 uxo-

168 1177 246 1220 rem.
276 1177 315 1221 ex
330 1156 442 1239 quibus
464 1157 647 1220 mulieribus
662 1176 770 1220 omnes
784 1155 868 1220 Huni
888 1156 957 1221 siue
970 1152 1112 1239 ilungari
1130 1152 1192 1219 o'rl-

170 1269 274 1353 ginem
288 1286 497 1350 assumpsere.

250 1380 379 1444 Factum
391 1390 439 1444 est
450 1389 570 1457 autem,
585 1402 655 1444 cum
667 1380 788 1445 diucius
804 1382 835 1443 in
848 1380 924 1464 ipsis
939 1379 1105 1464 paludibus
1120 1398 1192 1463 per·

178 1491 374 1567 mansissent,
401 1494 432 1555 in
455 1501 580 1577 gentem
601 1492 820 1557 ualidissimam
844 1512 1042 1558 succrescere
1063 1484 1192 1578 incepess

175 1611 258 1679 runt,
277 1625 339 1669 nec
354 1625 468 1688 capere
484 1626 538 1668 eos
554 1607 654 1689 potuit
668 1607 735 1689 ipsa
749 1607 837 1691 regio
852 1614 883 1670 et
896 1605 1026 1670 nutrire.
1047 1594 1191 1691 explora-

171 1717 286 1780 toribus
310 1718 404 1801 igitur
425 1716 457 1780 in
479 1718 611 1781 Sciriam
634 1719 747 1782 abinde
772 1716 948 1795 destinatis,
968 1719 1068 1784 Scicie
1091 1736 1190 1803 reguo

171 1830 334 1914 explorato
348 1851 418 1893 cum
442 1832 546 1913 pueris
561 1840 592 1896 et
607 1831 754 1896 armentis
769 1831 870 1913 ipsam
884 1830 1014 1915 patriam
1028 1832 1187 1915 intrauere

170 1944 375 2024 permansuri.
397 1962 527 2026 regnum
541 1944 648 2027 itaque
662 1946 763 2027 ipsum
780 1945 853 2007 dum
867 1945 1026 2020 adiissent,
1039 1944 1191 2028 Alpzuros

170 2061 202 2116 et
216 2054 369 2117 Prutenos
390 2054 422 2115 iu
436 2074 475 2117 eo
490 2055 679 2119 inuenerunt
692 2057 885 2133 habitantes,
907 2058 1019 2141 quibus
1035 2056 1145 2121 deletis
1160 2064 1192 2121 el

168 2161 307 2248 expulsis
323 2174 376 2227 aut
389 2166 510 2240 occisis,
531 2187 632 2251 usque
646 2168 740 2232 hodie
755 2168 831 2231 illud
849 2189 981 2253 reguum
994 2167 1099 2232 inuitis
1114 2167 1192 2233 uicl·

168 2278 217 2340 nis
232 2276 364 2360 pacifice
380 2278 583 2343 dinoscuntur
599 2281 770 2362 possidere.

250 2388 363 2452 Scitica
378 2391 461 2454 enim
476 2391 564 2473 regio
578 2391 610 2453 in
623 2392 751 2475 Europa
772 2392 867 2455 situm
880 2391 985 2455 habet.
1015 2391 1191 2456 extenditur

168 2500 251 2564 enim
272 2521 384 2564 uersus
407 2502 576 2576 orientem,
606 2503 645 2564 ab
667 2523 729 2565 uno
744 2523 822 2565 uero
842 2503 939 2567 latere
954 2510 1051 2586 ponto
1072 2492 1192 2586 aquilo·

168 2612 248 2687 nali,
270 2612 309 2675 ab
325 2613 384 2676 alio
400 2613 556 2677 montibus
572 2614 667 2677 Rileis
682 2613 861 2689 includitur,
889 2634 999 2679 azona
1014 2614 1132 2679 torrida
1146 2612 1192 2679 di*

168 2731 265 2787 stans.
287 2724 326 2787 de
341 2725 460 2787 oriente
474 2725 602 2808 quidem
616 2726 688 2789 Asie
703 2727 850 2810 iungitur.
880 2726 1029 2792 Oriuutur
1043 2727 1143 2791 eciam
1157 2712 1190 2790 in

169 2835 282 2899 eodem
303 2837 367 2899 duo
388 2856 500 2921 magua
520 2836 665 2911 tlumina,
686 2837 740 2900 uni
762 2857 878 2902 nomeu
898 2838 987 2913 Etul,
1008 2847 1038 2902 et
1061 2836 1190 2902 alterius

170 2946 303 3029 Togora.
325 2956 434 3031 gentes
455 2948 608 3031 siquidem
629 2950 661 3012 in
682 2970 721 3013 eo
741 2970 839 3034 regno
860 2960 1021 3032 procreate
1041 2951 1110 3014 ocia
1124 2970 1190 3015 am·

168 3056 356 3140 plectuntur,
377 3060 563 3124 uanitatibus
579 3061 700 3137 dedite,
722 3069 832 3126 nature
854 3062 1052 3147 dedignantis
1073 3063 1189 3128 artibus

169 3173 314 3236 uenereis
333 3171 533 3237 intendentes
547 3175 671 3256 rapinas
686 3174 836 3257 cupiunt,
855 3174 1043 3259 generaliter
1057 3174 1127 3258 plus
1141 3172 1189 3236 ni-

169 3302 225 3364 gre
238 3283 363 3358 colore,
383 3302 476 3367 qnam
499 3284 578 3349 albe.
610 3285 723 3348 Scitico
743 3304 869 3368 quoque
891 3304 989 3369 regno
1008 3285 1048 3348 de
1069 3284 1189 3347 oriente

168 3392 306 3479 iungitur
327 3414 458 3478 regnum
480 3396 692 3470 lorianorum,
713 3404 833 3477 etpost
855 3395 915 3458 lrec
928 3394 1052 3468 Tarsia,
1073 3402 1105 3457 et
1120 3384 1190 3457 tanss

170 3504 241 3568 dem
256 3505 426 3590 llangalia,
441 3508 493 3568 ubi
507 3508 634 3588 Europa
649 3506 844 3569 terminatur.
865 3525 904 3568 ex
918 3501 1011 3589 plaga
1026 3524 1101 3569 uero
1116 3506 1191 3570 esti·

169 3615 232 3680 uali
255 3618 439 3694 subsolana,
469 3639 546 3703 gens
570 3619 652 3681 iacet
676 3617 875 3693 Corosmina,
901 3618 1048 3703 Ethiopia
1072 3619 1189 3696 eciam,
1314 3662 1319 3677 .

170 3739 230 3810 que
244 3729 332 3793 ludia
347 3730 447 3793 minor
458 3731 581 3803 dicitur,
598 3749 634 3792 ac
650 3739 722 3813 post
734 3728 795 3794 hoc
808 3730 890 3794 inter
900 3729 1063 3796 meridiem
1078 3741 1188 3796 etcor-

169 3860 238 3903 sum
250 3842 320 3903 Don
340 3840 429 3904 lluuii
450 3842 608 3906 desertum
630 3840 733 3905 existit
747 3841 933 3906 immeabile.
962 3842 1077 3907 lluuius
1090 3842 1190 3928 siqui·

169 3950 242 4016 dem
255 3952 325 4018 Iton
341 3952 488 4017 inscicia
503 3954 610 4028 oritur,
634 3954 687 4037 qui
702 3953 741 4017 ab
755 3954 911 4039 [langoris
924 3953 996 4020 Etul
1011 3956 1189 4021 nominatur

169 4063 226 4126 sed
240 4070 274 4125 ut
288 4073 411 4129 montes
420 4065 526 4127 iliteos
541 4065 649 4128 transit
664 4065 846 4141 diffluendo,
866 4067 935 4130 Don
946 4075 994 4131 est
1004 4067 1189 4152 appellatus,

169 4174 225 4265 qui
244 4176 370 4243 tandem
392 4176 425 4242 iu
446 4174 575 4263 planum
596 4176 738 4258 eitluens,
760 4178 856 4245 currit
873 4179 1189 4263 remansurorum,
