2798 4764
297 319 444 383 mersas
463 321 489 367 s.
503 321 656 371 ererum
676 321 768 368 assrs
787 321 887 369 uaros
908 299 1037 386 (ties-⁷).
1121 301 1181 367 tid
1294 335 1297 342 ·

151 475 226 561 egit.
251 482 326 560 post
337 474 398 539 hec
411 474 524 557 plenus
539 475 661 538 dierum
674 495 759 538 anno
774 476 930 543 dominice
949 473 1181 539 incarnacionis

151 585 394 653 DCCCCXCVII
426 585 525 650 seculi
556 607 694 671 nequam
716 607 887 670 erumpnas
915 586 1023 652 calesti
1050 585 1182 655 monuit

154 697 281 784 gaudio,
302 706 335 762 et
348 697 462 762 eodem
477 717 559 761 anno
574 699 684 764 beatus
697 699 885 762 hdalbertos
907 699 1073 781 episcopus
1088 717 1182 767 causa

153 809 336 895 predicandi
360 809 494 873 uerbum
520 809 571 872 dei
590 810 718 872 Ruziam
739 809 899 892 ingressus
923 819 986 885 est,
1015 817 1047 873 et
1065 809 1181 875 ibidem

153 939 225 984 cum
238 920 342 1004 palma
355 919 496 1002 martyrii
511 929 678 985 coronatus
694 931 750 986 est,

236 1141 283 1225 (a)
303 1144 413 1225 Regno
428 1142 565 1226 denique
583 1143 762 1225 pannonico
783 1145 868 1208 beati
888 1145 1012 1209 iuuenis
1029 1155 1107 1211 nutu
1127 1144 1187 1211 ad·'

155 1254 321 1328 tendente,
343 1272 454 1337 pacem
468 1273 540 1317 cum
553 1264 732 1318 exterarum
749 1255 873 1336 populis
886 1256 1021 1320 fideliter
1034 1264 1183 1321 statutam

25 1405 28 1409 -
155 1366 388 1440 comnborauit‚
409 1373 443 1429 ut
457 1365 490 1427 in
504 1384 544 1430 co
557 1366 699 1429 securius
715 1368 799 1448 qnod
820 1367 852 1428 in
869 1375 974 1431 mente
989 1350 1182 1441 tractabatis

155 1476 283 1545 nouella
303 1478 498 1563 plantacione
519 1477 760 1541 Christianitatis
782 1479 909 1561 explere
930 1480 1099 1547 sufficeret.
1126 1481 1184 1548 sed

158 1588 358 1654 aduersarius
372 1587 473 1652 tocius
488 1589 650 1663 bonitatis,
670 1589 790 1654 inuidis
805 1590 917 1673 plenus
933 1599 965 1655 et
981 1592 1104 1655 malicie
1118 1592 1185 1659 dia·

157 1699 259 1777 bolus,
279 1708 315 1768 ot
331 1709 474 1772 sanctum
488 1699 603 1765 Christi
624 1702 743 1783 tyronis
762 1702 959 1785 propositum
981 1703 1184 1778 disturbaret,

157 1812 307 1878 intestina
320 1819 430 1875 contra
444 1831 518 1875 eum
537 1809 621 1876 bella
633 1812 816 1887 commouit,
837 1832 934 1895 quum
949 1815 1017 1879 eius
1036 1815 1183 1881 instinctu

158 1922 249 2006 plebs
261 1922 385 2005 gentilis
397 1907 567 1986 christiane
579 1921 655 1985 fidei
669 1922 743 2006 ingo
755 1921 834 1986 colla
844 1925 1027 1989 submittere
1038 1945 1185 1999 renuens,

159 2034 436 2117 comprincipibus
450 2034 515 2096 suis
530 2054 549 2097 a
563 2034 703 2096 dominio
718 2034 816 2116 ipsius
830 2055 865 2098 se
879 2036 1062 2101 subtrahere
1077 2035 1187 2102 molie-

159 2148 260 2211 batur.
292 2164 371 2228 quos
394 2165 504 2209 omnes
528 2166 601 2209 eum
625 2154 811 2228 protegente
835 2147 1059 2229 gloriosissime
1083 2148 1186 2213 crucis

156 2255 328 2340 signaculo,
348 2257 615 2338 patrocinantibus
637 2256 688 2319 dai
710 2258 876 2339 genetricis
897 2279 934 2321 ac
953 2268 1109 2341 perpetuo
1123 2259 1187 2323 nir-

158 2368 238 2451 ginis
256 2368 355 2432 biario
378 2368 515 2442 meritis,
541 2369 600 2430 sub
621 2367 736 2431 uexillo
758 2369 886 2433 domino
905 2368 1009 2432 dilecti
1032 2368 1187 2449 pontilicis

158 2480 284 2546 llartini
301 2480 467 2563 sanctique
489 2480 634 2562 martyris
649 2477 791 2561 Georgii,
813 2479 944 2543 duobus
966 2499 1077 2543 eorum
1091 2480 1188 2545 inter·

158 2590 261 2665 leeth,
287 2590 322 2652 in
340 2590 431 2653 hreni
452 2609 510 2653 suo
524 2589 659 2653 seruicio
679 2589 821 2672 subegit,
842 2598 874 2655 et
894 2591 1088 2673 baptismatis
1104 2592 1188 2657 unda

159 2702 250 2778 lotos,
271 2722 368 2765 unum
383 2704 477 2765 deum
493 2701 608 2777 colere,
630 2702 748 2765 monita
766 2703 874 2767 salutis
888 2725 947 2788 per
959 2704 1070 2770 fideles
1083 2722 1190 2774 recen

160 2816 251 2879 dotes
265 2814 311 2877 eis
326 2815 552 2889 distribuendo,
573 2815 731 2896 compulit.

242 3033 290 3119 (7)
308 3036 449 3102 Dettictis
468 3056 545 3120 ergo
564 3036 708 3103 hostibus
722 3036 837 3101 Christi
853 3037 944 3102 miles
965 3038 1080 3121 gaudio
1099 3041 1191 3122 spiri·

160 3147 238 3213 tuali
258 3148 406 3233 repletus,
427 3149 528 3212 tocius
548 3148 667 3231 ingenii
688 3148 853 3213 consilium
867 3148 1042 3231 euangelici
1061 3149 1191 3225 seminis

162 3261 308 3326 decreuit
325 3260 395 3325 lore
413 3259 657 3344 receptaculum.
685 3261 862 3325 elemosinis
878 3270 911 3325 et
924 3261 1122 3324 oracionibus
1135 3279 1191 3327 oa·

163 3393 251 3449 cans,
269 3373 455 3456 frequenter
470 3373 653 3456 pauimento
668 3372 825 3437 adherens
841 3373 953 3435 domus
967 3380 1084 3446 sancte,
1103 3370 1194 3445 lacri-

167 3484 226 3547 mis
237 3483 316 3548 tusis
328 3483 555 3566 perfectionem
570 3484 722 3567 propositi
735 3483 784 3547 sui
799 3483 851 3546 dei
862 3483 1017 3546 commisit
1030 3481 1194 3549 uoluntati.

167 3602 201 3660 ut
214 3595 268 3679 gni
280 3596 349 3660 sine
363 3595 433 3679 ipso
446 3594 544 3660 nichil
556 3615 649 3677 agere
663 3594 800 3668 ualeret,
820 3592 986 3676 opitulanti
1007 3592 1192 3676 disposicio·

167 3709 215 3773 nis
229 3707 329 3791 ipsius
344 3708 540 3789 explecione,
560 3708 679 3773 bonnm
693 3706 779 3790 quod
793 3706 986 3789 cogitauerat
999 3724 1071 3769 cnm
1084 3705 1193 3788 incap-

168 3819 258 3885 cione
271 3820 423 3885 uirtutum
443 3820 483 3884 ad
499 3817 596 3884 tinem
616 3820 791 3904 perducere
810 3826 928 3903 posset.
957 3817 1079 3883 adhoc
1099 3817 1194 3900 igitur

167 3931 381 4017 incipiendum
402 3940 435 3996 et
447 3932 745 4006 consummandum,
764 3932 913 4016 quoniam
924 3929 1065 3996 fidelium
1080 3928 1196 4007 Christi

167 4041 344 4127 consultam
358 4042 495 4127 babebat
508 4043 739 4119 necessarium,
759 4044 881 4110 nunciis
899 4052 931 4110 st
949 4043 1063 4108 litteris
1080 4042 1114 4105 in
1125 4059 1195 4117 orn·
1278 4079 1281 4084 ,

167 4176 225 4225 w
236 4165 345 4244 nutes
364 4177 458 4237 suun
470 4156 645 4241 desueuit
658 4156 860 4235 desidorium·
885 4154 1064 4232 intonuit
1074 4149 1197 4237 parte
