2798 4764
175 318 239 389 tlt
372 338 498 388 urraca
516 337 683 387 occursu
706 336 886 386 cocorum
908 336 1009 387 assas.

177 515 323 560 nummos
344 494 415 560 illos
430 514 502 561 cum
522 493 617 579 plcuo
635 514 767 560 numero
784 514 847 558 oon
866 494 1017 571 attulerit,
1042 492 1209 578 dupliciter

178 611 301 674 reddat.

260 723 338 799 (80)
358 721 464 784 Liberi
478 721 595 805 quique
610 741 646 786 ac
660 720 812 803 hospites,
832 723 915 786 sicut
925 722 1028 785 Sclaui
1042 720 1095 786 uel
1109 721 1208 786 ceteri

178 844 251 899 suut
265 835 423 909 extranei,
445 834 543 917 quiin
557 834 650 899 terris
665 834 807 898 laborant
821 835 970 910 aliorum,
991 857 1049 918 pro
1064 834 1209 900 libertate

178 956 299 1010 tautum
321 946 467 1009 denarios
488 945 580 1019 dent,
605 965 669 1009 non
690 946 768 1009 alios
791 947 888 1010 eciam
911 948 1057 1010 denarios
1078 947 1209 1030 iusuper

179 1081 236 1144 pro
252 1080 350 1142 opere
365 1059 470 1142 aliquo
486 1060 562 1122 dare
576 1066 740 1143 cogantur.

262 1172 338 1248 (81)
360 1173 406 1234 lle
423 1171 601 1236 castellanis
624 1180 728 1236 autem
750 1180 813 1236 tam
834 1193 893 1255 pro
917 1192 1014 1256 opere
1034 1194 1128 1257 quam
1149 1193 1208 1257 pro

178 1283 322 1348 libertate
338 1284 458 1347 denarii
474 1283 676 1366 accipiantur.

262 1399 342 1473 (82)
361 1395 529 1480 Egressuri
550 1396 590 1460 de
611 1396 772 1481 Huugaria
797 1418 816 1461 a
838 1396 1020 1461 thelonariis
1040 1406 1102 1461 tam
1123 1398 1208 1481 repis

180 1530 276 1593 quam
290 1507 424 1582 comitis,
446 1507 500 1590 qui
523 1508 625 1571 exitus
649 1517 773 1583 teuent,
794 1508 930 1592 sigillum
951 1517 1094 1594 querant.
1123 1509 1209 1593 quod

180 1620 375 1685 thelonarius
393 1620 475 1702 repis
499 1621 537 1681 ab
559 1640 623 1682 uua
637 1628 725 1702 parte
745 1641 816 1684 cum
830 1619 932 1703 sigillo
946 1622 1148 1703 comprimat,
1169 1621 1210 1684 ab

180 1733 280 1797 altera
300 1741 387 1815 parte
408 1732 603 1796 thelonarius
617 1731 739 1796 comitis
754 1733 854 1815 ligura
867 1732 990 1796 comitis
1011 1734 1060 1796 sui
1083 1733 1210 1796 conclu·

181 1844 244 1908 dat.
272 1845 298 1906 si
313 1844 384 1927 quis
398 1846 517 1926 absque
533 1842 585 1908 tali
601 1844 704 1929 sigillo
720 1845 828 1928 egredi
844 1844 1060 1927 temptauerit,
1081 1851 1117 1908 ut
1130 1843 1210 1927 legis

181 1956 394 2041 preuaricator
409 1956 634 2040 quinquaginta
648 1976 764 2038 pensas
780 1955 948 2039 persoluat.

263 2070 342 2145 (83)
363 2069 394 2132 Si
410 2069 564 2153 quispiam
579 2069 693 2133 salsum
711 2069 924 2133 testimonium
940 2067 1032 2132 alicui
1051 2068 1212 2152 imposue-

179 2183 235 2257 rit,
256 2182 289 2246 id
308 2191 357 2246 est
371 2182 411 2246 de
426 2201 466 2245 eo
481 2181 620 2264 pluribus
642 2202 683 2245 ex
703 2183 786 2245 uillis
802 2181 870 2246 sino
885 2182 953 2245 rixe
968 2179 1021 2244 uel
1035 2180 1101 2244 odii
1115 2200 1211 2245 causa

139 2296 142 2301 '
181 2295 410 2368 attestantibus,
430 2292 534 2357 ferreo
549 2294 701 2376 probetur
714 2293 842 2357 iudicio.
873 2294 951 2357 acsi
967 2292 1212 2358 muudusluerit

181 2405 347 2489 impositor
359 2404 450 2489 culpe
462 2405 572 2470 decem
583 2426 698 2488 pensas
710 2405 823 2475 soluat.
837 2407 922 2490 quod
933 2406 960 2468 si
971 2426 1044 2469 reus
1056 2407 1125 2479 crit,
1135 2424 1212 2469 saue

182 2517 310 2600 quidem
325 2536 376 2580 ros
388 2516 456 2580 eius
471 2518 758 2600 pe1·maueaut,sed
773 2518 812 2581 ad
827 2518 955 2579 modum
967 2517 1068 2580 crucis
1081 2517 1165 2581 terro
1178 2516 1213 2579 iu

183 2629 272 2712 genis
288 2637 493 2711 excoquatur,
515 2637 550 2691 ut
572 2628 705 2711 amplius
726 2629 938 2692 testimouium
959 2629 1026 2691 eius
1047 2630 1212 2693 refutetur.

264 2738 345 2814 (Bt)
368 2739 400 2800 Si
420 2739 490 2820 quis
512 2749 617 2803 atatem
640 2741 679 2803 de
701 2741 786 2803 iurto
809 2749 972 2804 accusatus
990 2742 1030 2803 ad
1045 2740 1211 2805 ecclesiam

181 2850 321 2934 lugeret,
342 2869 405 2911 uon
430 2849 513 2912 illico
539 2852 639 2914 teneri
663 2873 719 2933 pro
744 2851 813 2917 lure
838 2851 983 2935 culpabili
1006 2872 1079 2917 eum
1094 2853 1213 2916 iudica-

183 2983 262 3026 mus.
292 2963 348 3025 sed
370 2961 464 3026 iudex
482 2983 552 3024 cum
570 2964 745 3044 presbitero
761 2963 894 3028 ecclesie
908 2965 1007 3047 ipsius
1026 2985 1098 3027 eum
1117 2964 1213 3028 inter·

182 3084 284 3159 roget,
303 3084 408 3137 utrum
424 3074 584 3156 culpabilis
599 3075 656 3150 sit,
678 3097 738 3140 nec
760 3097 811 3151 ue,
826 3085 857 3141 et
875 3078 901 3140 si
921 3097 1011 3139 reum
1031 3098 1065 3140 se
1081 3097 1152 3140 esse
1166 3076 1213 3140 la·

183 3189 308 3262 tebitur,
329 3208 388 3271 pro
409 3187 541 3251 ecclesia
562 3207 621 3270 pro
636 3188 844 3252 obcecacioue
865 3186 1046 3251 occulorum
1063 3208 1120 3250 seu
1135 3186 1213 3250 alio·

182 3321 252 3363 rum
276 3299 520 3363 detruncacioue
543 3300 756 3363 membrorum
778 3300 938 3362 liberetur.
966 3298 991 3362 si
1007 3318 1085 3362 uero
1099 3318 1134 3361 se
1150 3317 1213 3360 nou

182 3432 255 3476 esse
268 3411 371 3475 iurem
386 3412 515 3486 dixerit,
537 3412 708 3475 excusandi
729 3432 765 3499 se
787 3420 926 3493 potestas
948 3411 977 3475 ei
991 3430 1055 3473 uou
1070 3417 1214 3492 negetur,

183 3524 239 3587 scd
262 3543 325 3585 uon
346 3524 386 3587 de
401 3523 547 3608 periculis
561 3522 750 3606 supradictis
765 3544 837 3587 eum
856 3521 991 3587 ecclesia
1005 3520 1165 3596 liberabit,
1186 3519 1213 3582 si

183 3654 256 3695 rcus
272 3642 382 3715 postea
399 3653 469 3697 esse
486 3633 678 3717 probabitur.

266 3745 344 3806 ltem
364 3744 482 3827 siquis
506 3745 556 3807 tur
570 3766 641 3809 esse
663 3747 702 3809 ab
722 3745 827 3829 aliquo
843 3746 1050 3819 accusabitur,
1074 3744 1124 3807 l'ur
1138 3742 1214 3806 furti

183 3855 274 3938 siquo
296 3862 372 3937 aput
392 3855 496 3936 ipsum
517 3864 644 3940 reperto
666 3858 716 3920 uel
735 3857 957 3939 comprobato,
980 3857 1066 3939 quod
1087 3853 1214 3938 protuli

183 3986 278 4031 causa
292 3965 411 4059 aliquid
425 3965 478 4028 ulli
492 3969 733 4045 restaurauerit,
756 3968 841 4031 uude
856 3967 896 4031 dc
918 3964 1002 4032 uillis
1018 3965 1086 4031 aliis
1106 3966 1213 4051 plures

184 4098 257 4146 eum
271 4077 531 4143 criminabuntur.

451 4224 591 4269 ntum
608 4224 731 4273 Amici
748 4224 940 4277 Comum.
