2798 4764
295 337 421 397 morra
439 340 482 389 na
502 340 583 387 usu
604 338 703 387 essm
722 339 934 391 numanum!
951 317 1012 406 (ll
1108 321 1169 403 illi
1239 418 1244 429 Δ,

142 505 203 563 tur.
230 495 286 560 ubi
307 496 431 579 capitur
442 495 613 561 Hertindus
637 496 677 559 de
698 496 952 561 Suarchumburc
970 495 1169 579 imperatoris

141 608 354 683 mariscalcus,
374 608 407 672 id
422 617 471 672 est
483 608 597 673 milicie
611 628 669 672 suc
685 609 842 692 princeps,
861 619 895 674 et
907 608 957 673 alii
969 609 1170 692 quamplures

133 720 265 812 ‘nobiles
285 742 358 785 cnm
379 722 509 796 eodem,
531 729 564 786 et
577 721 650 785 licet
662 719 903 785 inestimabilem
927 721 1091 803 pecuniam
1113 739 1169 803 pru

141 833 367 916 redempcione
387 853 497 897 eorum
518 834 733 908 tradidissent,
756 841 828 897 ante
839 833 1041 915 Ratisponam
1058 833 1091 895 in
1107 832 1171 916 sip-

142 966 219 1011 num
232 946 343 1027 positi,
364 946 486 1030 sagittis
500 945 852 1019 crudelissimcciuibus
866 945 899 1007 in
914 964 1004 1009 muro
1018 945 1171 1009 stantibus

105 1063 110 1073 '
144 1069 176 1123 et
190 1058 414 1123 admirantibus
429 1059 637 1141 perforantur.
660 1069 693 1122 et
705 1060 750 1123 sic
763 1059 890 1122 tandem
905 1078 978 1123 cum
994 1057 1126 1124 uictoria
1141 1066 1173 1124 et

143 1171 242 1255 preda
255 1171 393 1236 maxima
406 1172 445 1234 ad
461 1170 587 1254 propria
601 1180 811 1236 reuertuntur.

227 1283 402 1347 Transactis
417 1283 512 1366 igitur
523 1284 632 1365 paucis
645 1284 758 1353 diebus
768 1281 824 1347 Lol
839 1291 870 1347 et
883 1282 1004 1347 Bulcbu
1020 1303 1077 1365 per
1088 1301 1172 1353 com.-

145 1396 330 1461 munitatem
344 1394 567 1478 Hungarurum
582 1395 615 1457 in
630 1395 815 1459 Tentouiam
830 1395 1036 1469 destinantur,
1057 1403 1090 1459 et
1101 1414 1172 1459 cun

143 1509 555 1591 Angustam'pcrucnissent
575 1507 656 1572 ultra
674 1507 804 1572 fluuium
822 1508 892 1590 Lyh
912 1507 947 1572 in
963 1516 1052 1592 prato
1073 1507 1172 1586 liuere

143 1640 203 1685 sua
215 1631 332 1697 castra,
353 1621 510 1685 ciuitatem
523 1621 674 1685 diuturnis
686 1628 718 1685 ot
728 1621 889 1686 nocturnis
903 1621 993 1686 bellis
1004 1621 1172 1687 molestan-

144 1741 203 1797 tes.
223 1752 359 1815 cumque
372 1733 484 1797 subitis
498 1732 628 1798 saltibus
643 1753 757 1818 capere
771 1754 835 1797 non
851 1732 1003 1808 uberent,
1026 1732 1171 1799 obstinati

143 1844 289 1909 nolentes
310 1847 460 1910 recedere
485 1847 525 1911 dc
554 1847 720 1922 suburbio,
751 1846 876 1911 Urricus
900 1846 1075 1930 Episcopus
1099 1865 1171 1921 caat

144 1957 266 2021 ciuibus
286 1957 326 2021 ad
341 1958 489 2023 Cesarem
509 1959 611 2023 missis
634 1959 758 2023 nunciis
780 1961 918 2024 animant
938 1979 1028 2034 eum,
1050 1968 1085 2022 ut
1100 1979 1173 2025 suc·

144 2078 249 2134 currat
263 2069 397 2144 ciuitati,
418 2070 491 2153 quia
504 2071 645 2154 Hungari
658 2071 840 2134 obsidentes
855 2091 920 2144 cos,
941 2071 1014 2134 licet
1027 2071 1091 2135 sint
1103 2069 1172 2153 plu-

143 2182 232 2256 rimi,
249 2202 314 2244 non
336 2201 371 2245 se
391 2183 587 2256 custodiunt,
608 2183 661 2265 qui
676 2182 823 2246 facillime
846 2190 992 2265 poterunt
1013 2181 1172 2247 debellari.
1209 2203 1212 2207 ·

145 2315 294 2380 opressus
308 2296 414 2377 itaque
427 2295 597 2378 imperator
612 2297 652 2358 de
666 2295 804 2359 Ulmensi
825 2295 925 2368 curia,
946 2295 1076 2357 uenmns
1090 2291 1172 2357 celc-

143 2408 221 2473 ritor
234 2417 267 2472 et
280 2407 432 2471 absconse
447 2406 611 2490 explorato
625 2427 775 2489 processu
794 2393 826 2470 el
847 2405 987 2469 exercitu
1007 2405 1174 2488 ilungaro-

11 2536 14 2543 ’
142 2539 231 2594 rum,
244 2520 278 2583 in
291 2518 369 2582 bora
385 2519 569 2584 torciacum
584 2519 720 2601 plueret,
733 2517 822 2580 irruit
835 2536 930 2599 super
943 2536 1009 2590 eos,
1030 2526 1062 2580 et
1077 2535 1172 2581 unum
1208 2547 1212 2553 ·

145 2630 318 2695 exercitum
341 2630 525 2694 uiciniorem
547 2629 664 2693 ciuitati
688 2628 874 2693 festinanter
898 2627 1078 2709 debellauit.
1108 2646 1172 2712 quo

144 2743 215 2807 aisn
229 2743 287 2807 Lel
301 2752 333 2806 et
345 2743 467 2807 Bulcbu
480 2742 555 2825 iuge
570 2741 744 2805 remedium
755 2741 946 2825 queritantes
960 2739 994 2803 in
1007 2760 1124 2805 nauem
1137 2758 1173 2807 se

144 2853 313 2939 colligunt,
343 2855 562 2919 submittentes
586 2873 621 2917 se
643 2873 698 2936 per
720 2853 914 2927 Danubium,
941 2861 977 2919 ut
997 2852 1120 2938 fugiant
1139 2853 1174 2921 ia

144 2965 351 3050 ilungariam.
389 2967 443 3049 qui
467 2965 596 3049 quidem
621 2966 655 3029 in
678 2966 811 3029 transitu
833 2966 1002 3048 thispoue
1027 2964 1175 3050 captiuati

146 3077 255 3143 Gemi
280 3079 537 3152 transmittuntur,
560 3097 640 3161 quus
653 3077 750 3142 Cesar
773 3077 889 3142 iudicio
915 3079 1077 3160 suspendii
1099 3097 1175 3143 con-

146 3190 338 3266 demnando,
351 3192 519 3274 Ratispone
532 3190 608 3255 iecit
620 3190 720 3255 occidi
734 3191 767 3265 in
782 3188 934 3272 patibulo.
954 3189 1083 3273 quidam
1097 3208 1175 3255 uero

146 3301 232 3386 ipsos
252 3302 344 3367 aliter
364 3302 549 3385 dampnata
569 3301 713 3366 fabulose
733 3309 933 3376 asseuerant,
963 3302 1048 3383 qaod
1068 3298 1177 3373 Cosani

148 3414 318 3495 uerentati
333 3434 414 3479 unns
428 3412 552 3477 illorum
567 3433 639 3478 cum
659 3412 735 3478 tuba
754 3412 787 3475 in
801 3420 895 3493 caput
907 3413 1011 3494 iprum
1027 3411 1175 3477 Cesaren

149 3527 316 3592 occidisset
328 3526 481 3589 feriendo.
508 3546 569 3610 quc
584 3544 661 3587 sane
675 3521 779 3586 fabula
795 3520 965 3586 uernsimill
979 3523 1175 3602 aduersatus,

149 3645 182 3700 ct
194 3638 328 3703 medena
340 3637 521 3703 huiusmodi
539 3636 667 3702 leuitate
681 3635 795 3699 monus
810 3635 987 3699 denotatur.
1016 3655 1089 3701 nan
1104 3657 1176 3721 per·
1264 3697 1275 3707 ,

85 3749 92 3763 “
148 3769 225 3815 sone
248 3751 415 3814 criminose
436 3750 539 3833 ligatis
561 3750 702 3813 manibus
717 3749 899 3832 conspectui
913 3749 1089 3833 principum
1105 3770 1176 3834 pre,-

149 3870 321 3925 sentantur.
346 3860 459 3926 Uerum
473 3861 602 3943 quidm
616 3868 680 3936 est,
700 3871 732 3926 et
744 3859 816 3925 libri
829 3862 992 3929 continent
1005 3861 1178 3935 Chronica·

147 3992 238 4048 ron,
258 3981 294 4037 ut
305 3973 514 4057 blasphemati
528 3974 679 4039 aumcter
690 3973 797 4039 Cosam
816 3974 957 4039 inuriuse
977 3980 1051 4039 sunt
1070 3971 1176 4048 locuti,

147 4094 338 4162 ,mesenus
359 4087 493 4170 quodsi
515 4088 602 4169 ipsos
623 4087 724 4153 occidi
744 4086 874 4163 lecerit,
893 4087 934 4151 de
955 4093 1049 4169 pente
1063 4103 1122 4149 suc
1136 4083 1176 4151 do

150 4197 375 4279 cauronrllus
389 4210 501 4285 captur
514 4199 625 4276 uiuam
644 4201 783 4288 poterit„
798 4200 858 4269 sod
871 4184 925 4267 uel
942 4199 979 4265 in
992 4204 1177 4285 pomum
