2798 4764
504 387 687 441 aurursus
713 388 754 437 er
781 386 892 439 rann.
1147 357 1213 443 dic

171 543 335 629 ‘pensione
350 541 521 615 debitores,
542 556 600 622 pro
611 541 718 604 debito
732 560 830 605 censu
845 548 965 604 tautum
978 540 1030 605 uel
1044 540 1124 606 torte
1139 539 1212 623 pius

183 655 222 717 ab
241 653 287 715 eis
306 652 488 734 accepisset.
517 651 561 714 itii
586 661 692 715 sutem
713 663 843 716 econtra
864 651 989 724 disere,
1016 672 1050 715 se
1074 671 1138 715 non
1156 670 1209 715 sse

181 774 320 829 strenses
334 783 415 836 esse,
430 763 485 826 sed
501 764 593 825 castri
608 762 825 845 iouhagionos.
849 761 964 824 Tobios
978 761 1072 844 igitur
1086 762 1209 825 curialis

182 894 289 939 comes
315 874 355 937 de
376 873 509 937 Zouuuk
533 892 589 936 eos
614 880 646 936 et
672 892 729 955 pru
749 872 873 945 damno,
895 883 927 937 et
947 893 1005 954 pro
1025 873 1209 937 condicione

182 985 368 1059 discuciens,
389 984 472 1047 misit
494 984 684 1048 Usradinum
708 1005 766 1066 per
787 983 973 1066 pristaidum
993 982 1120 1047 nomine
1141 983 1210 1046 Ste-

181 1073 322 1181 phanum
341 1096 380 1159 de
397 1092 471 1158 uilia
484 1095 563 1158 uiro
577 1095 711 1176 Acnsya.
738 1095 822 1158 Unca
843 1103 965 1176 portato
984 1094 1080 1168 ferro,
1101 1112 1158 1176 pro
1172 1113 1209 1164 se

183 1217 215 1272 et
227 1207 378 1271 tratribus
396 1207 471 1281 suis,
494 1207 672 1278 mundatus,
693 1206 838 1290 probauit
852 1225 886 1269 se
903 1213 933 1268 et
947 1206 1059 1269 fratres
1072 1225 1156 1278 suus,
1177 1211 1210 1269 et

183 1331 239 1383 sex
254 1337 431 1382 marcarum
446 1317 561 1380 damna
584 1317 767 1399 pertulisse,
789 1325 869 1379 etse
884 1336 948 1379 nun
962 1324 1138 1379 castrenses
1152 1314 1210 1387 sed

183 1428 390 1510 icubapiones
404 1427 496 1490 castri
511 1427 659 1491 extitisse.

266 1538 347 1614 (id)
357 1538 507 1607 ⁸Absolon
522 1546 554 1601 et
567 1538 664 1620 Gyuri
677 1537 733 1603 tilii
747 1538 887 1612 ioachin,
903 1548 935 1603 et
949 1539 1098 1603 Soiomun
1112 1557 1210 1618 gener

184 1649 341 1722 eiusdem,
376 1648 582 1729 impecierunt
609 1647 836 1712 Numicoiohod
864 1649 1138 1722 archidiaconum,
1176 1653 1209 1715 et

183 1759 281 1829 titium
302 1761 371 1824 eius
384 1758 580 1833 Ladislaum,
601 1768 633 1824 et
655 1760 783 1823 tratrem
806 1762 949 1824 eiusdem
971 1760 1156 1831 Numhium,
1177 1766 1209 1822 et

181 1871 281 1936 filium
306 1871 449 1936 eiusdem
472 1870 668 1944 Tiburcium,
688 1870 746 1935 iios
770 1890 881 1935 omnes
907 1872 947 1934 de
969 1870 1044 1935 uitia
1067 1870 1208 1935 Uosuari.

181 1984 257 2049 ite·
272 1985 419 2047 Iacobum
435 1983 474 2046 de
490 1982 563 2045 uitia
577 1983 698 2064 Achyu,
712 1983 860 2047 Mikutam
877 1984 916 2046 do
931 1982 1005 2046 uitia
1017 1982 1119 2045 Sadau
1136 2000 1208 2045 curo

182 2096 247 2160 utro
262 2115 331 2169 suo,
344 2095 501 2157 Andream
516 2096 556 2158 de
571 2094 645 2157 uitia
655 2095 744 2176 Pupi,
758 2094 944 2158 Michaelem
960 2094 999 2157 de
1013 2094 1087 2157 uitia
1098 2094 1208 2170 Chicu,

183 2205 364 2271 Cornelium
384 2205 424 2268 de
444 2204 519 2268 uitta
534 2204 668 2278 Merlur,
691 2205 832 2268 Tenkam
855 2206 893 2269 de
914 2204 988 2267 uitta
1001 2204 1114 2277 Maria,
1136 2224 1207 2267 cum

121 2325 124 2329 ’
184 2317 307 2379 duobus
327 2315 555 2390 seruientibus,
576 2317 735 2379 Andream
756 2327 787 2381 et
807 2315 915 2379 Feltsn
935 2316 974 2379 de
996 2314 1069 2378 uitis
1086 2316 1209 2389 Monet,

183 2426 375 2490 demetrium
391 2434 422 2489 et
437 2427 539 2490 Nnrad
554 2434 586 2489 et
600 2424 680 2489 Tcul
695 2426 736 2489 de
749 2426 823 2489 uilia
836 2424 928 2510 Ytpe,
949 2436 982 2490 et
995 2445 1105 2489 omnes
1119 2424 1210 2488 uilla·

183 2557 242 2602 nos
260 2535 506 2600 uduornicorum
528 2536 569 2599 de
588 2534 633 2599 Er
654 2554 712 2617 pro
725 2536 840 2618 quibus
861 2545 1039 2619 portaturus
1060 2544 1126 2600 erat
1146 2536 1209 2599 ser-

184 2670 253 2712 rum
270 2649 405 2730 Tirepsa.
434 2647 492 2710 hos
507 2649 635 2728 inquam
649 2666 760 2711 omnes
774 2647 983 2728 impecieruut
996 2649 1036 2711 de
1051 2648 1209 2713 occisione

184 2759 392 2841 prenominati
407 2757 550 2832 leschin,
563 2776 644 2839 quus
659 2757 804 2820 Nicotaus
819 2776 925 2820 comcs
939 2758 1092 2841 palatinus
1108 2761 1210 2822 discu-

183 2870 281 2943 ciens,
302 2889 360 2951 per
382 2868 565 2950 pristaldum
588 2869 672 2951 regis
688 2869 817 2932 Temam
843 2870 882 2932 de
903 2869 976 2934 uitia
997 2873 1046 2934 sui
1066 2856 1210 2946 nominis,

183 2991 214 3046 st
228 3001 285 3064 per
299 2980 483 3063 pristaidum
497 3001 589 3045 suum
599 2978 735 3046 iiouiam
751 2981 897 3055 nomine,
912 2984 994 3046 misit
1006 2983 1047 3045 ad
1062 2984 1208 3046 iudicium

184 3093 258 3157 terri
273 3092 436 3156 candentis
450 3092 639 3157 Uaradinum
661 3092 714 3155 uhi
736 3112 846 3155 omnes
865 3093 1075 3174 prenominati
1095 3093 1209 3155 aduer-

183 3205 256 3268 sarii
276 3205 379 3268 taliter
393 3211 626 3274 conuenerunt,
648 3202 734 3284 quod
748 3202 896 3265 Abscioni
917 3209 948 3263 et
962 3202 1123 3283 Gyurlroni
1139 3222 1209 3283 per·

184 3316 345 3381 soluerent
368 3316 565 3397 septuaginta
591 3321 623 3375 et
650 3332 744 3374 unum
771 3331 910 3383 marcas,
941 3331 1046 3375 coram
1071 3310 1209 3393 capitulo

183 3426 343 3510 signiensi,
367 3427 487 3491 scilicet
510 3423 619 3508 uiginti
641 3432 789 3505 quattuor
809 3423 841 3484 iu
861 3422 943 3486 sesto
963 3424 1062 3486 Mario
1083 3424 1209 3505 Magda-

181 3538 269 3610 isne,
290 3547 322 3600 st
336 3538 465 3600 totidem
480 3545 512 3600 et
526 3533 644 3604 ibidem
658 3534 690 3597 iu
706 3533 787 3597 festo
802 3533 971 3598 natiuitatis
983 3544 1089 3598 sancte
1100 3535 1208 3598 diario.

181 3650 256 3713 item
271 3649 381 3732 uiginti
395 3658 459 3711 tres
474 3648 601 3709 infesto
617 3646 968 3709 omniumsanctorum.
998 3646 1055 3709 sed
1075 3666 1147 3709 cum
1162 3648 1207 3712 sis
1255 3707 1258 3715 .

159 3767 163 3776 '
181 3761 440 3834 concrederent,
461 3758 670 3841 prenominati
691 3757 927 3830 Numuoiohod‚
954 3758 1060 3832 Nuhu,
1080 3760 1208 3834 Mikuis,

182 3872 306 3946 Tenis,
326 3881 358 3935 st
371 3871 457 3936 idem
472 3872 579 3954 Sopou
599 3870 638 3933 de
661 3869 735 3932 uitls
756 3869 880 3952 Achya,
900 3870 1057 3935 Abraham
1079 3873 1119 3935 de
1133 3847 1208 3941 uilis

181 3979 361 4062 Kupaucisi,
379 3990 413 4046 st
432 3981 578 4045 Nondum
600 3980 840 4044 archidiaconus
866 4000 923 4062 pro
945 3981 1004 4046 illis
1022 3981 1086 4047 tide
1108 3983 1208 4047 iussu·

181 4097 266 4153 runt.
292 4097 404 4174 postea
416 4092 513 4157 iidem
527 4091 700 4158 aduersarii
719 4101 937 4157 conuenerunt
955 4092 1139 4157 satisfacere
1160 4091 1209 4152 iu·

183 4202 263 4278 diui,
283 4210 407 4287 poten
429 4222 508 4271 usro
528 4205 671 4290 priststdi
687 4203 833 4292 moiun
853 4212 888 4273 et
903 4204 1033 4287 Gyurlm
1061 4209 1208 4278 tenentur
