<?xml version="1.0" encoding="UTF-8"?>
<!DOCTYPE html PUBLIC "-//W3C//DTD XHTML 1.0 Transitional//EN"
    "http://www.w3.org/TR/xhtml1/DTD/xhtml1-transitional.dtd">
<html xmlns="http://www.w3.org/1999/xhtml" xml:lang="en" lang="en">
 <head>
  <title>
</title>
<meta http-equiv="Content-Type" content="text/html;charset=utf-8" />
  <meta name='ocr-system' content='tesseract 3.04.00' />
  <meta name='ocr-capabilities' content='ocr_page ocr_carea ocr_par ocr_line ocrx_word'/>
</head>
<body>
  <div class='ocr_page' id='page_1' title='image "./rerumhungaricar00endlgoog/rerumhungaricar00endlgoog_0385.png"; bbox 0 0 2798 4764; ppageno 0'>
   <div class='ocr_carea' id='block_1_1' title="bbox 177 346 964 415">
    <p class='ocr_par' dir='ltr' id='par_1_1' title="bbox 177 346 964 415">
     <span class='ocr_line' id='line_1_1' title="bbox 177 346 964 415; baseline 0 0"><span class='ocrx_word' id='word_1_1' title='bbox 177 346 241 415; x_wconf 75' lang='grc'><strong>171</strong></span> <span class='ocrx_word' id='word_1_2' title='bbox 417 364 553 415; x_wconf 76' lang='lat' dir='ltr'><strong>monce</strong></span> <span class='ocrx_word' id='word_1_3' title='bbox 573 366 802 415; x_wconf 82' lang='lat' dir='ltr'><strong>emcomnnert</strong></span> <span class='ocrx_word' id='word_1_4' title='bbox 829 367 964 415; x_wconf 73' lang='lat' dir='ltr'><strong>rernm.</strong></span> 
     </span>
    </p>
   </div>
   <div class='ocr_carea' id='block_1_2' title="bbox 176 518 1208 3070">
    <p class='ocr_par' dir='ltr' id='par_1_2' title="bbox 177 518 1208 923">
     <span class='ocr_line' id='line_1_2' title="bbox 261 518 1208 605; baseline 0.001 -21"><span class='ocrx_word' id='word_1_5' title='bbox 261 521 319 598; x_wconf 79' lang='grc'><strong>(9)</strong></span> <span class='ocrx_word' id='word_1_6' title='bbox 339 529 374 586; x_wconf 87' lang='lat' dir='ltr'><strong>nt</strong></span> <span class='ocrx_word' id='word_1_7' title='bbox 384 519 488 584; x_wconf 77' lang='lat' dir='ltr'><strong>nullus</strong></span> <span class='ocrx_word' id='word_1_8' title='bbox 498 520 666 605; x_wconf 78' lang='lat' dir='ltr'><strong>epiecopus</strong></span> <span class='ocrx_word' id='word_1_9' title='bbox 677 518 814 604; x_wconf 75' lang='lat' dir='ltr'><strong>ediquem</strong></span> <span class='ocrx_word' id='word_1_10' title='bbox 828 527 1012 605; x_wconf 77' lang='lat' dir='ltr'><strong>promouent</strong></span> <span class='ocrx_word' id='word_1_11' title='bbox 1022 518 1208 585; x_wconf 84' lang='lat' dir='ltr'><strong>ciericorum</strong></span> 
     </span>
     <span class='ocr_line' id='line_1_3' title="bbox 178 633 1208 718; baseline -0.002 -20"><span class='ocrx_word' id='word_1_12' title='bbox 178 634 219 698; x_wconf 76' lang='lat' dir='ltr'><strong>cd</strong></span> <span class='ocrx_word' id='word_1_13' title='bbox 234 633 434 698; x_wconf 76' lang='lat' dir='ltr'><strong>diaconatum</strong></span> <span class='ocrx_word' id='word_1_14' title='bbox 454 633 507 697; x_wconf 88' lang='lat' dir='ltr'><strong>nei</strong></span> <span class='ocrx_word' id='word_1_15' title='bbox 528 633 627 709; x_wconf 80' lang='lat' dir='ltr'><strong>ultra,</strong></span> <span class='ocrx_word' id='word_1_16' title='bbox 649 633 709 697; x_wconf 86' lang='lat' dir='ltr'><strong>nisi</strong></span> <span class='ocrx_word' id='word_1_17' title='bbox 724 633 810 718; x_wconf 85' lang='lat' dir='ltr'><strong>priue</strong></span> <span class='ocrx_word' id='word_1_18' title='bbox 825 634 1052 697; x_wconf 78' lang='lat' dir='ltr'><strong>continenciam</strong></span> <span class='ocrx_word' id='word_1_19' title='bbox 1070 635 1208 709; x_wconf 83' lang='lat' dir='ltr'><strong>nouerit,</strong></span> 
     </span>
     <span class='ocr_line' id='line_1_4' title="bbox 179 744 1208 828; baseline -0.001 -17"><span class='ocrx_word' id='word_1_20' title='bbox 179 754 212 811; x_wconf 88' lang='lat' dir='ltr'><strong>ct</strong></span> <span class='ocrx_word' id='word_1_21' title='bbox 228 745 256 810; x_wconf 83' lang='lat' dir='ltr'><strong>ei</strong></span> <span class='ocrx_word' id='word_1_22' title='bbox 277 765 407 809; x_wconf 85' lang='lat' dir='ltr'><strong>uxorem</strong></span> <span class='ocrx_word' id='word_1_23' title='bbox 421 745 581 821; x_wconf 80' lang='lat' dir='ltr'><strong>habuerit,</strong></span> <span class='ocrx_word' id='word_1_24' title='bbox 603 766 642 809; x_wconf 86' lang='lat' dir='ltr'><strong>ex</strong></span> <span class='ocrx_word' id='word_1_25' title='bbox 656 746 724 809; x_wconf 82' lang='lat' dir='ltr'><strong>eius</strong></span> <span class='ocrx_word' id='word_1_26' title='bbox 737 744 792 809; x_wconf 83' lang='lat' dir='ltr'><strong>fiet</strong></span> <span class='ocrx_word' id='word_1_27' title='bbox 806 765 963 809; x_wconf 74' lang='lat' dir='ltr'><strong>consensu</strong></span> <span class='ocrx_word' id='word_1_28' title='bbox 977 744 1060 808; x_wconf 91' lang='lat' dir='ltr'><strong>idem</strong></span> <span class='ocrx_word' id='word_1_29' title='bbox 1075 746 1208 828; x_wconf 85' lang='lat' dir='ltr'><strong>promit·</strong></span> 
     </span>
     <span class='ocr_line' id='line_1_5' title="bbox 177 858 282 923; baseline -0.019 0"><span class='ocrx_word' id='word_1_30' title='bbox 177 858 282 923; x_wconf 87' lang='lat' dir='ltr'><strong>tentis.</strong></span> 
     </span>
    </p>

    <p class='ocr_par' dir='ltr' id='par_1_3' title="bbox 177 969 1208 1503">
     <span class='ocr_line' id='line_1_6' title="bbox 261 969 1208 1055; baseline 0.001 -22"><span class='ocrx_word' id='word_1_31' title='bbox 261 971 339 1047; x_wconf 87' lang='grc'>(10)</span> <span class='ocrx_word' id='word_1_32' title='bbox 360 976 395 1035; x_wconf 88' lang='lat' dir='ltr'><strong>ut</strong></span> <span class='ocrx_word' id='word_1_33' title='bbox 415 969 519 1033; x_wconf 79' lang='lat' dir='ltr'><strong>nulius</strong></span> <span class='ocrx_word' id='word_1_34' title='bbox 540 971 724 1055; x_wconf 76' lang='lat' dir='ltr'><strong>coniugatus</strong></span> <span class='ocrx_word' id='word_1_35' title='bbox 743 969 898 1055; x_wconf 78' lang='lat' dir='ltr'><strong>presbiter</strong></span> <span class='ocrx_word' id='word_1_36' title='bbox 920 977 972 1033; x_wconf 81' lang='lat' dir='ltr'><strong>eut</strong></span> <span class='ocrx_word' id='word_1_37' title='bbox 991 970 1142 1033; x_wconf 75' lang='lat' dir='ltr'><strong>diaconus</strong></span> <span class='ocrx_word' id='word_1_38' title='bbox 1161 971 1208 1034; x_wconf 85' lang='lat' dir='ltr'><strong>ei·</strong></span> 
     </span>
     <span class='ocr_line' id='line_1_7' title="bbox 177 1082 1206 1166; baseline -0.002 -18"><span class='ocrx_word' id='word_1_39' title='bbox 177 1083 235 1149; x_wconf 82' lang='lat' dir='ltr'><strong>tnri</strong></span> <span class='ocrx_word' id='word_1_40' title='bbox 251 1082 426 1158; x_wconf 79' lang='lat' dir='ltr'><strong>deceruiat,</strong></span> <span class='ocrx_word' id='word_1_41' title='bbox 446 1082 507 1145; x_wconf 90' lang='lat' dir='ltr'><strong>nisi</strong></span> <span class='ocrx_word' id='word_1_42' title='bbox 522 1084 608 1166; x_wconf 86' lang='lat' dir='ltr'><strong>prius</strong></span> <span class='ocrx_word' id='word_1_43' title='bbox 622 1082 713 1147; x_wconf 82' lang='lat' dir='ltr'><strong>uxori</strong></span> <span class='ocrx_word' id='word_1_44' title='bbox 728 1082 912 1146; x_wconf 79' lang='lat' dir='ltr'><strong>concedenti</strong></span> <span class='ocrx_word' id='word_1_45' title='bbox 927 1089 960 1145; x_wconf 91' lang='lat' dir='ltr'><strong>ct</strong></span> <span class='ocrx_word' id='word_1_46' title='bbox 973 1082 1206 1146; x_wconf 75' lang='lat' dir='ltr'><strong>continenciam</strong></span> 
     </span>
     <span class='ocr_line' id='line_1_8' title="bbox 177 1176 1207 1279; baseline 0 -20"><span class='ocrx_word' id='word_1_47' title='bbox 177 1176 310 1259; x_wconf 70' lang='lat' dir='ltr'><strong>nocenti</strong></span> <span class='ocrx_word' id='word_1_48' title='bbox 334 1193 448 1259; x_wconf 89' lang='lat' dir='ltr'><strong>locnm.</strong></span> <span class='ocrx_word' id='word_1_49' title='bbox 463 1203 645 1279; x_wconf 72' lang='lat' dir='ltr'><strong>reparatum</strong></span> <span class='ocrx_word' id='word_1_50' title='bbox 668 1202 702 1260; x_wconf 92' lang='lat' dir='ltr'><strong>et</strong></span> <span class='ocrx_word' id='word_1_51' title='bbox 726 1192 909 1259; x_wconf 74' lang='lat' dir='ltr'><strong>necenarin</strong></span> <span class='ocrx_word' id='word_1_52' title='bbox 934 1193 1001 1258; x_wconf 88' lang='lat' dir='ltr'><strong>nite</strong></span> <span class='ocrx_word' id='word_1_53' title='bbox 1024 1192 1207 1279; x_wconf 76' lang='lat' dir='ltr'><strong>temporetis</strong></span> 
     </span>
     <span class='ocr_line' id='line_1_9' title="bbox 177 1302 1208 1391; baseline 0.001 -22"><span class='ocrx_word' id='word_1_54' title='bbox 177 1304 359 1389; x_wconf 81' lang='lat' dir='ltr'><strong>prouident‚</strong></span> <span class='ocrx_word' id='word_1_55' title='bbox 379 1315 412 1370; x_wconf 91' lang='lat' dir='ltr'><strong>et</strong></span> <span class='ocrx_word' id='word_1_56' title='bbox 430 1307 603 1370; x_wconf 75' lang='lat' dir='ltr'><strong>secundum</strong></span> <span class='ocrx_word' id='word_1_57' title='bbox 625 1302 803 1391; x_wconf 76' lang='lat' dir='ltr'><strong>apostolum</strong></span> <span class='ocrx_word' id='word_1_58' title='bbox 823 1303 945 1369; x_wconf 77' lang='lat' dir='ltr'><strong>habene</strong></span> <span class='ocrx_word' id='word_1_59' title='bbox 959 1306 1051 1391; x_wconf 81' lang='lat' dir='ltr'><strong>quasi</strong></span> <span class='ocrx_word' id='word_1_60' title='bbox 1071 1326 1135 1371; x_wconf 90' lang='lat' dir='ltr'><strong>non</strong></span> <span class='ocrx_word' id='word_1_61' title='bbox 1149 1305 1208 1370; x_wconf 76' lang='lat' dir='ltr'><strong>lra-</strong></span> 
     </span>
     <span class='ocr_line' id='line_1_10' title="bbox 177 1416 617 1503; baseline 0.005 -20"><span class='ocrx_word' id='word_1_62' title='bbox 177 1417 306 1483; x_wconf 81' lang='lat' dir='ltr'><strong>bcntem</strong></span> <span class='ocrx_word' id='word_1_63' title='bbox 320 1438 355 1483; x_wconf 84' lang='lat' dir='ltr'><strong>ee</strong></span> <span class='ocrx_word' id='word_1_64' title='bbox 370 1438 441 1483; x_wconf 80' lang='lat' dir='ltr'><strong>eece</strong></span> <span class='ocrx_word' id='word_1_65' title='bbox 455 1416 617 1503; x_wconf 74' lang='lat' dir='ltr'><strong>intelliget.</strong></span> 
     </span>
    </p>

    <p class='ocr_par' dir='ltr' id='par_1_4' title="bbox 261 1528 1109 1615">
     <span class='ocr_line' id='line_1_11' title="bbox 261 1528 1109 1615; baseline 0 -21"><span class='ocrx_word' id='word_1_66' title='bbox 261 1532 339 1607; x_wconf 92' lang='grc'>(11)</span> <span class='ocrx_word' id='word_1_67' title='bbox 361 1539 395 1595; x_wconf 88' lang='lat' dir='ltr'><strong>ut</strong></span> <span class='ocrx_word' id='word_1_68' title='bbox 408 1531 512 1594; x_wconf 84' lang='lat' dir='ltr'><strong>nuilus</strong></span> <span class='ocrx_word' id='word_1_69' title='bbox 525 1530 623 1595; x_wconf 79' lang='lat' dir='ltr'><strong>icicuc</strong></span> <span class='ocrx_word' id='word_1_70' title='bbox 635 1528 768 1595; x_wconf 79' lang='lat' dir='ltr'><strong>ecclesie</strong></span> <span class='ocrx_word' id='word_1_71' title='bbox 782 1536 970 1615; x_wconf 72' lang='lat' dir='ltr'><strong>potestatem</strong></span> <span class='ocrx_word' id='word_1_72' title='bbox 983 1528 1109 1595; x_wconf 77' lang='lat' dir='ltr'><strong>habeat</strong></span> 
     </span>
    </p>

    <p class='ocr_par' dir='ltr' id='par_1_5' title="bbox 176 1641 1207 2043">
     <span class='ocr_line' id='line_1_12' title="bbox 259 1641 1206 1725; baseline 0.003 -21"><span class='ocrx_word' id='word_1_73' title='bbox 259 1644 342 1719; x_wconf 75' lang='lat'>(12)</span> <span class='ocrx_word' id='word_1_74' title='bbox 363 1641 390 1704; x_wconf 90' lang='lat' dir='ltr'><strong>si</strong></span> <span class='ocrx_word' id='word_1_75' title='bbox 414 1642 569 1725; x_wconf 79' lang='lat' dir='ltr'><strong>presbiter</strong></span> <span class='ocrx_word' id='word_1_76' title='bbox 592 1642 682 1706; x_wconf 79' lang='lat' dir='ltr'><strong>nltnri</strong></span> <span class='ocrx_word' id='word_1_77' title='bbox 707 1642 890 1707; x_wconf 85' lang='lat' dir='ltr'><strong>deseruiens</strong></span> <span class='ocrx_word' id='word_1_78' title='bbox 918 1643 1124 1707; x_wconf 78' lang='lat' dir='ltr'><strong>concubinam</strong></span> <span class='ocrx_word' id='word_1_79' title='bbox 1149 1643 1206 1707; x_wconf 78' lang='lat' dir='ltr'><strong>hn-</strong></span> 
     </span>
     <span class='ocr_line' id='line_1_13' title="bbox 178 1752 1205 1839; baseline -0.001 -20"><span class='ocrx_word' id='word_1_80' title='bbox 178 1754 298 1830; x_wconf 79' lang='lat' dir='ltr'><strong>ltnerit,</strong></span> <span class='ocrx_word' id='word_1_81' title='bbox 317 1753 371 1817; x_wconf 76' lang='lat' dir='ltr'><strong>itta</strong></span> <span class='ocrx_word' id='word_1_82' title='bbox 392 1753 562 1828; x_wconf 78' lang='lat' dir='ltr'><strong>enterrtnr,</strong></span> <span class='ocrx_word' id='word_1_83' title='bbox 582 1752 636 1817; x_wconf 85' lang='lat' dir='ltr'><strong>iiie</strong></span> <span class='ocrx_word' id='word_1_84' title='bbox 654 1772 733 1817; x_wconf 88' lang='lat' dir='ltr'><strong>uero</strong></span> <span class='ocrx_word' id='word_1_85' title='bbox 754 1753 841 1817; x_wconf 68' lang='lat' dir='ltr'><strong>iuxta</strong></span> <span class='ocrx_word' id='word_1_86' title='bbox 862 1761 1045 1836; x_wconf 78' lang='lat' dir='ltr'><strong>preceptum</strong></span> <span class='ocrx_word' id='word_1_87' title='bbox 1065 1755 1205 1839; x_wconf 74' lang='lat' dir='ltr'><strong>episcopi</strong></span> 
     </span>
     <span class='ocr_line' id='line_1_14' title="bbox 177 1863 1207 1955; baseline 0.001 -26"><span class='ocrx_word' id='word_1_88' title='bbox 177 1865 282 1955; x_wconf 80' lang='grc' dir='ltr'>1ιιιιι1ιι</span> <span class='ocrx_word' id='word_1_89' title='bbox 301 1873 431 1948; x_wconf 72' lang='lat' dir='ltr'><strong>peracto</strong></span> <span class='ocrx_word' id='word_1_90' title='bbox 445 1863 623 1947; x_wconf 75' lang='lat' dir='ltr'><strong>penitencie</strong></span> <span class='ocrx_word' id='word_1_91' title='bbox 643 1864 938 1929; x_wconf 70' lang='lat' dir='ltr'><strong>administrandum</strong></span> <span class='ocrx_word' id='word_1_92' title='bbox 954 1863 1045 1929; x_wconf 75' lang='lat' dir='ltr'><strong>citeri</strong></span> <span class='ocrx_word' id='word_1_93' title='bbox 1058 1864 1207 1931; x_wconf 79' lang='lat' dir='ltr'><strong>restituc-</strong></span> 
     </span>
     <span class='ocr_line' id='line_1_15' title="bbox 176 1976 741 2043; baseline 0.002 -1"><span class='ocrx_word' id='word_1_94' title='bbox 176 1976 386 2042; x_wconf 84' lang='lat' dir='ltr'><strong>tnrecciesie.</strong></span> <span class='ocrx_word' id='word_1_95' title='bbox 738 2038 741 2043; x_wconf 89' lang='lat'>.</span> 
     </span>
    </p>

    <p class='ocr_par' dir='ltr' id='par_1_6' title="bbox 176 2087 1206 2379">
     <span class='ocr_line' id='line_1_16' title="bbox 261 2087 1206 2174; baseline 0.004 -22"><span class='ocrx_word' id='word_1_96' title='bbox 261 2089 346 2168; x_wconf 84' lang='grc'>(13)</span> <span class='ocrx_word' id='word_1_97' title='bbox 366 2097 402 2153; x_wconf 89' lang='lat' dir='ltr'><strong>ut</strong></span> <span class='ocrx_word' id='word_1_98' title='bbox 422 2087 497 2153; x_wconf 73' lang='lat' dir='ltr'><strong>uilla</strong></span> <span class='ocrx_word' id='word_1_99' title='bbox 517 2089 550 2152; x_wconf 94' lang='lat' dir='ltr'><strong>in</strong></span> <span class='ocrx_word' id='word_1_100' title='bbox 564 2108 628 2173; x_wconf 81' lang='lat' dir='ltr'><strong>qun</strong></span> <span class='ocrx_word' id='word_1_101' title='bbox 645 2096 693 2155; x_wconf 83' lang='lat' dir='ltr'><strong>ert</strong></span> <span class='ocrx_word' id='word_1_102' title='bbox 708 2088 858 2164; x_wconf 70' lang='lat' dir='ltr'><strong>ecclesia,</strong></span> <span class='ocrx_word' id='word_1_103' title='bbox 879 2091 919 2153; x_wconf 79' lang='lat' dir='ltr'><strong>ab</strong></span> <span class='ocrx_word' id='word_1_104' title='bbox 934 2088 1067 2153; x_wconf 76' lang='lat' dir='ltr'><strong>ecclesie</strong></span> <span class='ocrx_word' id='word_1_105' title='bbox 1080 2089 1206 2174; x_wconf 77' lang='lat' dir='ltr'><strong>longior</strong></span> 
     </span>
     <span class='ocr_line' id='line_1_17' title="bbox 176 2201 1206 2287; baseline 0.005 -22"><span class='ocrx_word' id='word_1_106' title='bbox 176 2220 243 2265; x_wconf 86' lang='lat' dir='ltr'><strong>non</strong></span> <span class='ocrx_word' id='word_1_107' title='bbox 266 2201 413 2276; x_wconf 77' lang='lat' dir='ltr'><strong>recedet,</strong></span> <span class='ocrx_word' id='word_1_108' title='bbox 441 2201 529 2286; x_wconf 81' lang='lat' dir='ltr'><strong>quod</strong></span> <span class='ocrx_word' id='word_1_109' title='bbox 552 2201 579 2265; x_wconf 86' lang='lat' dir='ltr'><strong>ei</strong></span> <span class='ocrx_word' id='word_1_110' title='bbox 605 2202 775 2268; x_wconf 75' lang='lat' dir='ltr'><strong>recesserit</strong></span> <span class='ocrx_word' id='word_1_111' title='bbox 796 2202 828 2264; x_wconf 83' lang='grc' dir='ltr'>Χ</span> <span class='ocrx_word' id='word_1_112' title='bbox 850 2222 964 2287; x_wconf 82' lang='lat' dir='ltr'><strong>penem</strong></span> <span class='ocrx_word' id='word_1_113' title='bbox 990 2202 1150 2287; x_wconf 81' lang='lat' dir='ltr'><strong>percolunt</strong></span> <span class='ocrx_word' id='word_1_114' title='bbox 1173 2211 1206 2271; x_wconf 86' lang='lat' dir='ltr'><strong>ct</strong></span> 
     </span>
     <span class='ocr_line' id='line_1_18' title="bbox 176 2314 298 2379; baseline 0 0"><span class='ocrx_word' id='word_1_115' title='bbox 176 2314 298 2379; x_wconf 79' lang='lat' dir='ltr'><strong>redeat.</strong></span> 
     </span>
    </p>

    <p class='ocr_par' dir='ltr' id='par_1_7' title="bbox 179 2425 1207 2623">
     <span class='ocr_line' id='line_1_19' title="bbox 260 2425 1207 2512; baseline 0.002 -22"><span class='ocrx_word' id='word_1_116' title='bbox 260 2427 340 2503; x_wconf 81' lang='lat' dir='ltr'><strong>(rt)</strong></span> <span class='ocrx_word' id='word_1_117' title='bbox 361 2427 473 2511; x_wconf 83' lang='lat' dir='ltr'><strong>riqnir</strong></span> <span class='ocrx_word' id='word_1_118' title='bbox 486 2427 568 2493; x_wconf 79' lang='lat' dir='ltr'><strong>sectr</strong></span> <span class='ocrx_word' id='word_1_119' title='bbox 588 2428 767 2493; x_wconf 75' lang='lat' dir='ltr'><strong>pendiderit</strong></span> <span class='ocrx_word' id='word_1_120' title='bbox 786 2425 925 2511; x_wconf 83' lang='lat' dir='ltr'><strong>precium</strong></span> <span class='ocrx_word' id='word_1_121' title='bbox 946 2434 1113 2510; x_wconf 78' lang='lat' dir='ltr'><strong>acceptum</strong></span> <span class='ocrx_word' id='word_1_122' title='bbox 1127 2445 1207 2512; x_wconf 81' lang='lat' dir='ltr'><strong>qur·</strong></span> 
     </span>
     <span class='ocr_line' id='line_1_20' title="bbox 179 2537 1023 2623; baseline 0 -21"><span class='ocrx_word' id='word_1_123' title='bbox 179 2537 292 2621; x_wconf 86' lang='lat' dir='ltr'><strong>drnplo</strong></span> <span class='ocrx_word' id='word_1_124' title='bbox 305 2538 464 2614; x_wconf 74' lang='lat' dir='ltr'><strong>restituet,</strong></span> <span class='ocrx_word' id='word_1_125' title='bbox 483 2539 553 2623; x_wconf 81' lang='lat' dir='ltr'><strong>ipse</strong></span> <span class='ocrx_word' id='word_1_126' title='bbox 565 2558 645 2603; x_wconf 89' lang='lat' dir='ltr'><strong>nero</strong></span> <span class='ocrx_word' id='word_1_127' title='bbox 659 2539 838 2623; x_wconf 89' lang='lat' dir='ltr'><strong>penitencie</strong></span> <span class='ocrx_word' id='word_1_128' title='bbox 851 2539 1023 2603; x_wconf 72' lang='lat' dir='ltr'><strong>subiaceat.</strong></span> 
     </span>
    </p>

    <p class='ocr_par' dir='ltr' id='par_1_8' title="bbox 176 2649 1206 2956">
     <span class='ocr_line' id='line_1_21' title="bbox 261 2649 1206 2736; baseline 0.003 -23"><span class='ocrx_word' id='word_1_129' title='bbox 261 2651 341 2725; x_wconf 76' lang='lat'>(15)</span> <span class='ocrx_word' id='word_1_130' title='bbox 360 2651 388 2714; x_wconf 82' lang='lat' dir='ltr'><strong>si</strong></span> <span class='ocrx_word' id='word_1_131' title='bbox 410 2650 481 2734; x_wconf 86' lang='lat' dir='ltr'><strong>quic</strong></span> <span class='ocrx_word' id='word_1_132' title='bbox 501 2649 675 2736; x_wconf 78' lang='lat' dir='ltr'><strong>descriptae</strong></span> <span class='ocrx_word' id='word_1_133' title='bbox 688 2652 877 2718; x_wconf 81' lang='lat' dir='ltr'><strong>iectiuitntce</strong></span> <span class='ocrx_word' id='word_1_134' title='bbox 897 2672 961 2716; x_wconf 93' lang='lat' dir='ltr'><strong>non</strong></span> <span class='ocrx_word' id='word_1_135' title='bbox 981 2652 1206 2729; x_wconf 80' lang='lat' dir='ltr'><strong>celebrauerit,</strong></span> 
     </span>
     <span class='ocr_line' id='line_1_22' title="bbox 176 2760 1206 2847; baseline 0.004 -22"><span class='ocrx_word' id='word_1_136' title='bbox 176 2761 222 2825; x_wconf 86' lang='lat' dir='ltr'><strong>eic</strong></span> <span class='ocrx_word' id='word_1_137' title='bbox 241 2760 419 2824; x_wconf 88' lang='lat' dir='ltr'><strong>uindicetur</strong></span> <span class='ocrx_word' id='word_1_138' title='bbox 432 2760 466 2824; x_wconf 93' lang='lat' dir='ltr'><strong>in</strong></span> <span class='ocrx_word' id='word_1_139' title='bbox 484 2782 572 2825; x_wconf 87' lang='lat' dir='ltr'><strong>eum:</strong></span> <span class='ocrx_word' id='word_1_140' title='bbox 593 2763 621 2827; x_wconf 84' lang='lat' dir='ltr'><strong>ci</strong></span> <span class='ocrx_word' id='word_1_141' title='bbox 642 2763 721 2827; x_wconf 84' lang='lat' dir='ltr'><strong>iiber</strong></span> <span class='ocrx_word' id='word_1_142' title='bbox 735 2771 783 2828; x_wconf 83' lang='lat' dir='ltr'><strong>est</strong></span> <span class='ocrx_word' id='word_1_143' title='bbox 803 2764 903 2828; x_wconf 69' lang='lat' dir='ltr'><strong>imbus</strong></span> <span class='ocrx_word' id='word_1_144' title='bbox 924 2763 1035 2827; x_wconf 77' lang='lat' dir='ltr'><strong>diebus</strong></span> <span class='ocrx_word' id='word_1_145' title='bbox 1049 2764 1206 2847; x_wconf 76' lang='lat' dir='ltr'><strong>peniteat,</strong></span> 
     </span>
     <span class='ocr_line' id='line_1_23' title="bbox 176 2871 753 2956; baseline 0.007 -21"><span class='ocrx_word' id='word_1_146' title='bbox 176 2871 204 2935; x_wconf 82' lang='lat' dir='ltr'><strong>ri</strong></span> <span class='ocrx_word' id='word_1_147' title='bbox 218 2890 330 2937; x_wconf 82' lang='lat' dir='ltr'><strong>cerum</strong></span> <span class='ocrx_word' id='word_1_148' title='bbox 344 2880 464 2954; x_wconf 80' lang='lat' dir='ltr'><strong>reptem</strong></span> <span class='ocrx_word' id='word_1_149' title='bbox 478 2872 580 2956; x_wconf 72' lang='lat' dir='ltr'><strong>pingis</strong></span> <span class='ocrx_word' id='word_1_150' title='bbox 592 2873 753 2940; x_wconf 87' lang='lat' dir='ltr'><strong>multetur.</strong></span> 
     </span>
    </p>

    <p class='ocr_par' dir='ltr' id='par_1_9' title="bbox 260 2981 1207 3070">
     <span class='ocr_line' id='line_1_24' title="bbox 260 2981 1207 3070; baseline 0.006 -24"><span class='ocrx_word' id='word_1_151' title='bbox 260 2981 340 3059; x_wconf 87' lang='grc'>(16)</span> <span class='ocrx_word' id='word_1_152' title='bbox 362 2982 477 3065; x_wconf 81' lang='lat' dir='ltr'><strong>placuit</strong></span> <span class='ocrx_word' id='word_1_153' title='bbox 496 2992 603 3047; x_wconf 80' lang='lat' dir='ltr'><strong>ennete</strong></span> <span class='ocrx_word' id='word_1_154' title='bbox 624 2986 764 3069; x_wconf 78' lang='lat' dir='ltr'><strong>synodo,</strong></span> <span class='ocrx_word' id='word_1_155' title='bbox 783 2992 821 3049; x_wconf 89' lang='lat' dir='ltr'><strong>nt</strong></span> <span class='ocrx_word' id='word_1_156' title='bbox 839 2985 941 3049; x_wconf 85' lang='lat' dir='ltr'><strong>omnic</strong></span> <span class='ocrx_word' id='word_1_157' title='bbox 958 2986 1132 3070; x_wconf 75' lang='lat' dir='ltr'><strong>coniugalis</strong></span> <span class='ocrx_word' id='word_1_158' title='bbox 1149 2987 1207 3052; x_wconf 87' lang='lat' dir='ltr'><strong>de-</strong></span> 
     </span>
    </p>
   </div>
   <div class='ocr_carea' id='block_1_3' title="bbox 176 3093 1206 3517">
    <p class='ocr_par' dir='ltr' id='par_1_10' title="bbox 176 3093 1206 3517">
     <span class='ocr_line' id='line_1_25' title="bbox 176 3093 1206 3181; baseline 0.002 -21"><span class='ocrx_word' id='word_1_159' title='bbox 176 3093 345 3178; x_wconf 76' lang='lat' dir='ltr'><strong>cponcncio</strong></span> <span class='ocrx_word' id='word_1_160' title='bbox 366 3093 399 3157; x_wconf 92' lang='lat' dir='ltr'><strong>in</strong></span> <span class='ocrx_word' id='word_1_161' title='bbox 420 3103 592 3176; x_wconf 75' lang='lat' dir='ltr'><strong>conspeetu</strong></span> <span class='ocrx_word' id='word_1_162' title='bbox 614 3096 764 3172; x_wconf 88' lang='lat' dir='ltr'><strong>eccierie,</strong></span> <span class='ocrx_word' id='word_1_163' title='bbox 785 3106 933 3181; x_wconf 76' lang='lat' dir='ltr'><strong>presente</strong></span> <span class='ocrx_word' id='word_1_164' title='bbox 947 3099 1129 3174; x_wconf 79' lang='lat' dir='ltr'><strong>secerdote,</strong></span> <span class='ocrx_word' id='word_1_165' title='bbox 1152 3118 1206 3162; x_wconf 88' lang='lat' dir='ltr'><strong>co·</strong></span> 
     </span>
     <span class='ocr_line' id='line_1_26' title="bbox 176 3205 1205 3294; baseline 0.004 -24"><span class='ocrx_word' id='word_1_166' title='bbox 176 3224 245 3271; x_wconf 76' lang='lat' dir='ltr'><strong>ram</strong></span> <span class='ocrx_word' id='word_1_167' title='bbox 264 3205 399 3290; x_wconf 72' lang='lat' dir='ltr'><strong>ydoneis</strong></span> <span class='ocrx_word' id='word_1_168' title='bbox 420 3207 553 3270; x_wconf 80' lang='lat' dir='ltr'><strong>tectibus</strong></span> <span class='ocrx_word' id='word_1_169' title='bbox 574 3206 680 3292; x_wconf 82' lang='lat' dir='ltr'><strong>eliqno</strong></span> <span class='ocrx_word' id='word_1_170' title='bbox 701 3209 793 3294; x_wconf 71' lang='lat' dir='ltr'><strong>cigno</strong></span> <span class='ocrx_word' id='word_1_171' title='bbox 814 3209 1044 3274; x_wconf 78' lang='lat' dir='ltr'><strong>submacionis</strong></span> <span class='ocrx_word' id='word_1_172' title='bbox 1067 3229 1107 3274; x_wconf 83' lang='lat' dir='ltr'><strong>ex</strong></span> <span class='ocrx_word' id='word_1_173' title='bbox 1128 3229 1205 3273; x_wconf 89' lang='lat' dir='ltr'><strong>con·</strong></span> 
     </span>
     <span class='ocr_line' id='line_1_27' title="bbox 176 3317 1204 3407; baseline 0.003 -23"><span class='ocrx_word' id='word_1_174' title='bbox 176 3339 273 3384; x_wconf 79' lang='lat' dir='ltr'><strong>renen</strong></span> <span class='ocrx_word' id='word_1_175' title='bbox 294 3317 460 3403; x_wconf 83' lang='lat' dir='ltr'><strong>utrimque</strong></span> <span class='ocrx_word' id='word_1_176' title='bbox 487 3317 594 3396; x_wconf 86' lang='lat' dir='ltr'><strong>tieret,</strong></span> <span class='ocrx_word' id='word_1_177' title='bbox 619 3318 712 3385; x_wconf 86' lang='lat' dir='ltr'><strong>cliter</strong></span> <span class='ocrx_word' id='word_1_178' title='bbox 730 3341 794 3386; x_wconf 91' lang='lat' dir='ltr'><strong>non</strong></span> <span class='ocrx_word' id='word_1_179' title='bbox 816 3322 1015 3405; x_wconf 68' lang='lat' dir='ltr'><strong>coniugium,</strong></span> <span class='ocrx_word' id='word_1_180' title='bbox 1041 3323 1100 3388; x_wconf 82' lang='lat' dir='ltr'><strong>ced</strong></span> <span class='ocrx_word' id='word_1_181' title='bbox 1124 3343 1204 3407; x_wconf 78' lang='lat' dir='ltr'><strong>opus</strong></span> 
     </span>
     <span class='ocr_line' id='line_1_28' title="bbox 177 3431 569 3517; baseline 0.003 -21"><span class='ocrx_word' id='word_1_182' title='bbox 177 3431 381 3498; x_wconf 71' lang='lat' dir='ltr'><strong>fornicarium</strong></span> <span class='ocrx_word' id='word_1_183' title='bbox 394 3440 569 3517; x_wconf 81' lang='lat' dir='ltr'><strong>reputetur.</strong></span> 
     </span>
    </p>
   </div>
   <div class='ocr_carea' id='block_1_4' title="bbox 0 0 1404 4764">
    <p class='ocr_par' dir='ltr' id='par_1_11' title="bbox 0 0 1404 4764">
     <span class='ocr_line' id='line_1_29' title="bbox 0 0 1404 4764; baseline 0 0"><span class='ocrx_word' id='word_1_184' title='bbox 0 0 1404 4764; x_wconf 95' lang='lat' dir='ltr'><strong> </strong></span> 
     </span>
    </p>
   </div>
  </div>
 </body>
</html>
