2798 4764
402 326 582 371 aninumr
603 325 694 370 arcis
715 324 881 370 oecnnrmr
901 324 947 370 ru.
1129 303 1189 367 :lod

156 490 252 547 testes
271 482 401 554 luerint,
429 480 545 542 iudicio
568 480 789 543 discuciantur.
822 479 848 540 si
872 479 1045 560 culpabiles
1069 478 1189 542 inuenti

156 594 288 667 suerint,
311 594 393 655 sicut
407 592 492 654 sures
509 593 552 655 ita
566 592 786 653 diiudicentur.

241 702 307 785 112)
330 706 373 765 De
386 709 452 784 suro
467 707 499 764 in
519 706 603 764 curio
624 705 765 764 nobilium
785 713 881 784 copto.
926 703 956 762 Si
972 703 1041 783 quis
1056 703 1087 763 in
1104 702 1191 764 curia

155 816 306 878 nobilium
327 815 442 877 lurtum
472 815 597 887 fecerit,
630 815 797 876 nuncietur
820 815 872 875 uel
896 814 1038 875 eiusdem
1063 814 1189 876 domino

157 927 253 988 curtis
269 926 319 987 uel
335 925 485 1008 pristaldo
498 926 575 987 eius.
599 934 630 987 et
645 927 671 986 si
687 927 768 987 forle
784 925 961 1007 contigerit,
977 926 1062 1006 quod
1079 932 1189 988 neuter

158 1039 240 1100 domi
256 1039 315 1111 sit,
338 1045 522 1118 expectetur
537 1057 594 1117 pcr
610 1038 719 1099 decern
735 1038 813 1099 dies.
845 1038 870 1097 si
886 1038 917 1097 in
933 1037 1098 1098 undecima
1112 1056 1191 1098 neu·

157 1158 204 1210 ter
226 1149 350 1210 illorum
373 1149 511 1221 uenerit,
534 1156 605 1210 ante
629 1150 765 1210 iudiccnr
787 1157 948 1221 statuatur,
970 1158 1000 1211 et
1015 1149 1190 1211 secuudum

157 1261 259 1343 legem
274 1269 433 1324 tractetur.

239 1370 306 1452 (13)
329 1374 372 1433 Dc
387 1375 581 1434 collectoribus
600 1375 796 1452 fugitiuorum
816 1393 926 1434 rerum.
969 1374 1085 1435 Rerum
1108 1370 1190 1454 lngi-

159 1486 292 1547 tiuarum
319 1483 481 1558 collector,
510 1505 604 1566 quern
634 1485 806 1566 uulgariter
824 1485 1037 1566 joccergdech
1064 1485 1188 1559 dicunt,

160 1596 312 1676 quidquid
335 1594 465 1676 colligit,
487 1597 526 1656 ad
542 1596 699 1659 ciuitatem
714 1596 855 1658 eiusdem
876 1597 1040 1677 prouincia
1056 1615 1190 1677 congre·

159 1715 221 1788 get,
243 1714 274 1769 et
288 1707 372 1787 regis
388 1727 483 1788 agaso
500 1716 531 1769 et
546 1709 666 1769 comitis
683 1709 825 1770 eiusdem
841 1708 973 1770 ciuitatis
991 1709 1023 1768 in
1037 1708 1188 1770 suburbio

159 1818 313 1879 stabulum
329 1818 439 1890 faciat,
461 1818 514 1879 ubi
530 1840 630 1900 usque
646 1820 685 1881 ad
700 1819 903 1882 lestiuitalem
918 1821 1015 1882 sancti
1028 1818 1189 1886 llichaeds

160 1930 338 2011 archangeli
355 1930 508 2012 quidquid
524 1951 673 2011 pecorum
689 1932 852 1993 collectum
869 1943 929 2004 est,
950 1941 1105 1994 seruatur.
1127 1932 1189 1995 due

160 2051 263 2123 partes
279 2040 481 2123 fugitiuorum
498 2042 660 2103 hominum
676 2044 834 2105 donentur
848 2044 931 2123 regis
948 2043 1109 2123 pristaldo‚
1127 2051 1190 2105 ter·

160 2156 207 2216 cia
224 2174 295 2235 pars
312 2154 430 2225 comiti,
449 2162 480 2215 et
495 2174 594 2235 usqne
610 2156 649 2215 ad
665 2157 901 2235 pronunciatum
916 2155 1119 2217 lestiuitatem
1134 2155 1189 2216 de-

159 2268 316 2328 tineantur
331 2273 361 2326 ct
376 2275 589 2327 reseruentnr.
612 2267 776 2347 dequibus
792 2275 864 2348 post
877 2266 1078 2329 lesliuitatem
1090 2266 1190 2329 sancti

159 2378 330 2451 Michaelis,
353 2377 479 2459 quando
501 2377 691 2449 diuiduntur,
722 2377 854 2437 nuncius
876 2377 1014 2457 episcopi
1035 2378 1189 2438 declinam

160 2499 280 2572 partem
296 2490 438 2569 accipiat.
460 2508 479 2549 a
499 2487 666 2549 lestiuitate
682 2488 780 2548 sancti
795 2485 918 2549 Martini
933 2507 1032 2569 usque
1048 2489 1088 2549 ad
1103 2487 1190 2550 sesti·

161 2603 289 2665 uitatem
310 2601 408 2662 sancti
424 2599 550 2680 Georgii
573 2606 805 2679 congregentur
820 2618 897 2659 oues
922 2606 953 2660 et
967 2599 1080 2672 bones,
1103 2608 1133 2662 ct
1147 2599 1189 2662 si·

160 2713 225 2774 mili
239 2713 333 2773 modo
349 2712 540 2774 diuiduntur.
570 2718 601 2771 et
616 2710 641 2771 si
655 2710 770 2772 iterum
785 2730 890 2772 rerum
907 2710 1107 2791 fugitiuorum
1124 2709 1188 2773 col-

159 2823 267 2897 lector,
289 2844 383 2906 quem
405 2823 486 2895 dixi,
509 2822 569 2883 hoc
592 2832 804 2904 transgressus
826 2822 937 2896 suerit,
958 2825 1097 2904 exceptis
1118 2823 1188 2889 filiis

161 2944 192 2997 et
212 2955 309 2996 uxore
331 2935 408 3007 eius,
437 2954 508 2994 cum
527 2934 612 2994 omni
631 2934 812 2997 substancia
835 2936 992 3015 perdatur.
1021 2937 1046 2997 si
1066 2937 1188 3001 comitis

161 3047 309 3111 collector
325 3047 529 3129 fugitiuorum
544 3045 623 3108 liber
638 3047 744 3120 luerit,
765 3047 857 3108 simili
871 3048 965 3110 modo
979 3048 1189 3129 disperdatur,

162 3161 188 3220 si
214 3180 337 3232 seruus,
358 3160 463 3220 comiti
482 3159 650 3223 auferatur.
674 3159 700 3220 si
715 3158 799 3239 regis
814 3158 1017 3240 fugitiuorum
1032 3159 1190 3232 collector,

162 3273 201 3334 de
216 3272 264 3334 his
279 3292 341 3353 que
358 3271 485 3351 collegit
500 3271 616 3351 aliquid
633 3269 847 3350 denegauerlt,
868 3270 960 3331 alicui
977 3270 1108 3342 dederit,
1126 3280 1188 3333 tam

161 3385 214 3463 qui
229 3385 355 3465 recipit,
378 3403 472 3463 quarn
489 3382 541 3463 qui
558 3382 696 3453 dederit,
718 3381 810 3442 ambo
825 3382 1004 3462 perdantur.
1033 3389 1064 3442 et
1079 3381 1104 3443 si
1119 3381 1189 3462 quis

162 3496 190 3557 ei
206 3497 377 3578 quidquam
393 3497 431 3557 de
447 3494 558 3556 talibus
574 3494 754 3574 negarent,
776 3501 925 3574 quantum
947 3493 1088 3574 negauit,
1110 3495 1189 3556 duo-

161 3610 265 3672 decies
280 3618 399 3670 tantum
414 3606 535 3668 reddat

244 3719 310 3802 (lt)
333 3722 376 3781 De
390 3723 436 3782 loir
450 3721 500 3800 qui
515 3739 599 3799 equor
613 3740 631 3781 a
647 3721 811 3780 cursoribus
831 3720 963 3781 dimissor
979 3723 1112 3783 retinent.
1156 3720 1189 3786 Si

162 3835 230 3915 quis
253 3854 362 3916 equos,
389 3853 467 3915 quos
488 3852 633 3894 cursores
655 3833 826 3906 dimittunt,
855 3832 1017 3908 habuerit,
1045 3855 1103 3917 per
1125 3845 1189 3899 tres

161 3948 352 4029 septimanas
378 3946 417 4007 ad
442 3944 607 4008 ecclesiam
632 3944 684 4007 uel
709 3945 750 4007 ad
772 3954 959 4020 mercatum,
986 3966 1080 4010 causa
1101 3967 1190 4012 mon·

162 4059 281 4122 strandi
297 4060 400 4120 ducat.
422 4065 454 4120 et
468 4057 494 4120 si
510 4057 655 4119 dominus
667 4058 734 4120 eius
750 4076 813 4119 non
828 4059 1001 4134 inuenerit,
1023 4060 1119 4122 donet
1132 4081 1188 4124 eos

161 4170 323 4238 collectori
342 4170 437 4254 regis.
464 4169 607 4252 similiter
629 4170 668 4234 de
692 4169 782 4255 equis
798 4170 854 4235 fiat
874 4171 1029 4234 alaribus
1044 4170 1189 4235 dimissis.

898 4270 938 4333 23
