2798 4764
218 372 281 442 m
548 390 621 439 vrrs
643 388 819 438 socessor
842 365 919 455 (ii).

217 557 382 632 portantes
397 567 526 612 sacrum
537 567 651 630 corpus
667 546 809 630 oppressi
824 552 912 619 sunt,
933 552 969 607 ut
986 544 1066 609 sicut
1081 545 1249 628 unusquis·

219 680 282 744 que
293 680 404 723 eorum
420 667 529 741 postea
542 658 713 731 referebat,
728 665 883 740 quaterno
897 656 924 718 si
939 656 985 718 eis
999 655 1060 719 boc
1075 674 1249 738 grouamen

218 770 252 833 in
267 771 318 833 uia
332 770 515 843 accidisset,
537 768 639 851 ipsum
655 787 768 849 corpus
783 766 992 849 reliquissent.
1024 767 1161 849 denique
1176 786 1249 829 cum

219 902 277 966 pre
299 879 497 944 multitudine
519 880 626 962 populi
645 880 745 963 ipsum
769 877 904 961 sepelire
926 898 988 940 non
1011 888 1158 961 possent,
1189 897 1249 940 nec

218 993 316 1055 eciam
337 993 477 1055 diuinum
492 991 628 1054 officium
649 1011 705 1072 per
719 990 840 1073 aliquas
855 989 1044 1070 septimanas
1065 989 1097 1050 in
1112 987 1249 1052 ecclesia

218 1101 344 1186 explere
359 1101 513 1176 ualerent,
527 1102 604 1165 inito
621 1102 751 1165 consilio
767 1101 912 1164 iecerunt
924 1100 1042 1181 populo
1056 1099 1248 1175 conuiuium,

218 1234 356 1298 cumque
370 1213 593 1276 conuenissent
613 1214 653 1275 ed
673 1212 947 1286 manducandum,
967 1212 1063 1275 abbas
1078 1231 1149 1275 cum
1164 1213 1249 1295 epis-

218 1346 300 1408 copo
321 1334 353 1389 et
368 1325 530 1389 monacbis
546 1324 661 1388 clausis
673 1325 774 1388 ianuis
789 1342 902 1407 corpus
916 1323 1098 1387 uenerabile
1113 1324 1249 1407 sepelie-

219 1446 291 1500 rnnt
313 1457 384 1500 curn
406 1437 511 1500 debita
532 1434 715 1500 reuerencia
740 1443 771 1499 et
793 1435 924 1498 bonore.
953 1435 1094 1498 habitum
1115 1453 1192 1497 uero
1214 1435 1249 1496 iu

220 1566 283 1630 quo
308 1546 411 1610 fuerat
438 1547 636 1622 interiectus,
666 1547 835 1610 habentem
862 1547 1044 1629 capucium,
1075 1545 1161 1628 quod
1186 1544 1247 1607 olio

219 1658 346 1720 nornine
367 1660 486 1721 floccus
508 1658 631 1732 dicitnr,
652 1657 779 1740 pallium
795 1659 834 1720 de
849 1634 918 1741 pilis
933 1657 1141 1730 camelorum,
1168 1655 1248 1738 lapi·

220 1767 292 1831 (lem
315 1788 379 1850 quo
401 1769 531 1832 obrutus
552 1777 616 1842 est,
637 1768 772 1832 cilicium
787 1778 818 1830 et
832 1769 1005 1852 flagellum,
1027 1768 1142 1850 quibus
1155 1767 1249 1829 costi·-

220 1879 313 1960 gabat
334 1899 460 1960 corpus,
489 1880 548 1942 bec
562 1880 667 1944 omnia
682 1900 778 1961 super
791 1880 971 1962 sepulcrum
987 1879 1055 1941 eius
1069 1877 1211 1941 collocau

219 1999 304 2052 runt.

301 2209 366 2296 (22)
397 2214 550 2277 Paruulus
574 2214 700 2297 quidam
726 2222 902 2278 contractos
928 2233 1000 2277 cum
1025 2213 1246 2296 aparentibus

218 2324 283 2387 suis
308 2325 429 2388 deletus
454 2326 566 2390 fuisset
587 2327 627 2389 sd
653 2336 777 2408 portum
803 2326 1012 2399 Pestiensem,
1043 2325 1112 2388 solo
1137 2324 1246 2386 osculo

217 2437 316 2498 sancti
337 2438 472 2500 martiris
497 2438 661 2500 sanitatem
677 2439 806 2521 recepit.
833 2437 923 2520 uirgo
938 2437 1073 2518 quedam
1088 2436 1246 2498 teutonica

217 2544 316 2607 oculis
330 2548 518 2629 caliginosis,
540 2528 623 2611 tactu
639 2569 786 2613 manuum
801 2549 880 2622 eius,
895 2546 1057 2610 oculorum
1072 2547 1246 2628 promeruit

217 2656 391 2718 sanitatem.
412 2658 496 2720 idem
507 2660 607 2720 eciam
623 2667 716 2722 nauta
727 2660 855 2741 quidam
867 2679 942 2721 casu
957 2658 1120 2722 accidente
1131 2657 1244 2739 digitos

217 2784 365 2828 manuum
388 2769 580 2831 contriuerut
598 2771 799 2852 remigando,
820 2780 910 2834 erant
925 2790 1052 2854 quoque
1068 2769 1156 2832 curui
1171 2767 1243 2830 lecti

218 2883 251 2938 et
270 2877 395 2951 retorti,
417 2878 557 2960 quicum
577 2898 692 2961 magno
706 2880 816 2944 dolore
831 2891 863 2944 et
876 2882 1012 2945 clamore
1028 2891 1059 2944 et
1073 2881 1188 2946 eiulatu
1203 2880 1243 2942 ad

218 2996 361 3050 sanctum
376 3008 492 3072 corpus
506 2992 607 3065 uenit,
629 2993 714 3074 quod
730 3011 800 3054 cum
815 2993 984 3074 tetigisset,
1006 2995 1073 3057 sine
1088 2992 1242 3056 dilacione

217 3111 344 3164 sanatus
359 3111 416 3165 est.
444 3103 579 3185 quedem
596 3103 685 3186 uirgo
702 3104 833 3186 pulchra
848 3106 974 3187 quidem
991 3106 1086 3180 facie,
1114 3106 1170 3168 sed
1185 3106 1243 3186 lip-

218 3213 264 3294 pis
284 3211 395 3286 oculis,
418 3234 475 3296 per
494 3213 605 3278 iratres
625 3236 700 3278 suos
721 3217 761 3279 ad
783 3235 898 3298 corpus
918 3219 1019 3281 sancti
1038 3219 1173 3280 martiris
1188 3217 1242 3278 ad-

216 3324 323 3398 ducta,
345 3344 416 3387 cum
438 3325 514 3389 illud
535 3327 679 3389 manibus
699 3327 867 3410 tetigisset,
887 3329 989 3392 stetim
1012 3330 1119 3392 lumen
1134 3326 1242 3390 oculo·

215 3455 284 3498 rum
299 3439 510 3519 recuperauit.
539 3439 571 3499 in
592 3439 670 3501 sede
692 3448 797 3503 autem
812 3441 986 3515 bloriseoa,
1007 3459 1077 3503 cum
1092 3440 1196 3503 adbuc
1211 3440 1242 3500 in

214 3544 333 3611 feretro
349 3550 479 3624 iaceret,
504 3552 626 3614 cuidam
642 3553 798 3615 secerdoti
813 3555 940 3616 nomine
956 3555 1083 3626 l'etrus,
1105 3552 1243 3633 quierat

214 3660 411 3734 monoculus,
426 3660 527 3724 uisum
542 3663 684 3726 restituit.
706 3665 780 3726 item
796 3663 924 3724 domina
938 3663 1082 3745 quedam,
1100 3678 1181 3720 rrxor
1195 3659 1241 3718 ui-

214 3764 330 3831 delicet
352 3773 473 3836 comitis
499 3775 601 3849 Beclr,
633 3795 694 3857 que
719 3776 821 3837 luerat
845 3773 1004 3856 quondam
1026 3772 1065 3834 de
1090 3770 1240 3831 uxoribus

213 3878 368 3957 Acbtum,
401 3894 467 3948 erat
491 3888 620 3967 paciens
643 3884 860 3969 grauissimam
887 3884 1022 3956 febrim,
1052 3900 1147 3964 quam
1172 3883 1240 3964 ipse

212 4001 341 4057 sanctus
363 3995 582 4077 baptizsuerat
610 4014 673 4078 que
695 3996 776 4059 laets
797 3993 959 4057 oblacione
981 3994 1113 4057 ueniens
1135 3996 1175 4056 ad
1190 4015 1241 4057 se·

212 4103 357 4186 pulcrum
381 4107 461 4177 eius,
483 4125 556 4168 mox
575 4114 610 4168 ut
630 4104 759 4188 pallium
773 4106 840 4169 eius
855 4106 966 4169 inisset
980 4106 1135 4183 osculata,
1157 4109 1240 4173 sani·

211 4222 309 4282 num
328 4224 377 4281 est
398 4216 524 4299 saepta.
551 4215 702 4300 moto·
718 4217 847 4301 quidam
868 4232 1037 4301 percussus
1058 4226 1239 4304 emporio
