2798 4764
394 368 526 415 umen
546 370 581 415 u.
600 368 693 417 mers
713 368 881 417 oncant!
899 370 937 417 ιι·
976 348 1080 425 Mt..
1181 350 1246 419 U

215 525 384 606 presertim
404 525 479 606 qnia
499 525 582 586 inter
600 544 658 586 nos
679 534 712 587 et
730 544 788 588 eos
801 526 967 588 occasione
987 524 1048 607 lae
1061 526 1125 588 iam
1137 524 1246 609 refluo

216 634 255 696 atl
280 635 506 697 amaritudines
535 657 597 695 oon
626 637 766 698 modicas
793 646 840 698 est
868 656 1068 718 processum,
1096 634 1184 718 quoti
1209 644 1247 701 u

215 748 302 829 regia
314 744 558 809 honorificentia
576 747 700 829 plenius
714 759 931 819 construetur,
951 750 1101 811 conuenit
1115 750 1246 825 enirn,

216 856 277 920 hoc
297 858 380 919 enim
401 877 459 939 per
472 857 575 919 nullos
591 859 669 919 alios
684 859 796 922 melius
810 858 845 923 lit
859 878 953 942 quem
969 880 1028 941 per
1040 880 1109 931 nos,
1129 878 1246 927 tom-

215 970 318 1031 (limus
340 978 404 1030 tam
428 970 475 1031 eis
500 988 594 1052 quem
619 971 688 1033 aliis
711 971 951 1054 iobbagionibns
974 991 1011 1034 ae
1034 969 1245 1037 sentientibus

214 1082 305 1163 regni
319 1079 418 1141 nostri
432 1080 607 1143 libertatern
622 1102 638 1141 a
654 1102 679 1144 s
691 1102 767 1165 rege
782 1102 983 1154 eoncessum,
1002 1084 1113 1145 atalia
1128 1084 1169 1147 arl
1181 1092 1246 1149 ou-

213 1200 280 1254 tum
294 1191 384 1274 regni
398 1191 496 1254 nostri
512 1193 722 1255 ordinandum
741 1194 950 1276 pertinencia,
970 1195 1003 1256 in
1016 1194 1101 1256 ltuno
1116 1194 1245 1258 rodun

215 1302 448 1365 confirmemus.

296 1417 320 1478 l.
361 1417 396 1478 ln
416 1416 499 1478 testo
518 1436 544 1477 s.
558 1408 654 1499 regis‘
663 1417 779 1489 nostri,
799 1417 860 1479 nisi
880 1418 981 1481 arduo
1000 1418 1133 1500 negorio
1154 1416 1246 1503 regni

215 1530 313 1591 nostri
333 1527 501 1612 ingruente
523 1528 573 1591 nel
595 1528 773 1591 infirmitate
797 1529 945 1610 prohibiti
967 1528 1137 1604 fuerimus,
1165 1526 1245 1593 Atto

215 1650 360 1704 tenemur
374 1641 597 1714 solemnizare,
618 1620 652 1703 ul
664 1641 708 1703 ini
721 1642 864 1724 oppressi
879 1642 947 1705 siue
961 1642 1075 1704 timore
1085 1638 1247 1723 querimo-

214 1753 282 1814 nias
304 1772 377 1813 snas
399 1751 521 1833 possint
539 1772 710 1834 exponere.
742 1753 798 1815 sed
818 1753 844 1816 si
864 1772 923 1814 nos
936 1772 1001 1815 non
1017 1750 1246 1835 monronis·

213 1852 350 1936 t'eresse,
371 1863 528 1944 palatinus
549 1863 703 1926 interesse
726 1872 859 1937 tenetur,
881 1872 914 1927 et
930 1864 999 1926 nice
1015 1873 1245 1927 nonnosum

214 1974 329 2048 erudiat,
343 1981 375 2035 et
389 1994 498 2036 omues
513 1976 688 2036 seruientes
704 1974 813 2046 nostri,
827 1981 857 2036 et
873 1972 924 2035 ulii
939 1974 993 2055 qui
1008 1976 1133 2049 uolunt,
1143 1972 1245 2037 libere

214 2097 246 2150 et
260 2087 327 2148 sine
343 2087 455 2148 timore
471 2086 544 2147 illue
559 2086 760 2148 conueniunt.

296 2199 332 2259 ll.
375 2197 488 2260 Preleti
502 2197 708 2259 ecclesiarum
722 2205 755 2259 et
765 2197 994 2279 archiepiscopi
1007 2205 1038 2259 et
1048 2196 1190 2280 episcopi
1203 2198 1244 2262 etl

214 2329 387 2391 pauperum
403 2309 631 2391 querimoniam
647 2307 846 2379 nrrdientlnm,
861 2317 892 2369 et
907 2306 1039 2368 inlrncte
1055 2306 1135 2369 lirrte
1150 2306 1245 2373 tiner-

213 2423 283 2485 tutis
305 2420 596 2492 confirmacionem,
624 2418 683 2481 nisi
709 2419 859 2483 canonice
881 2417 1107 2501 propedieione
1128 2416 1246 2483 luerint
1292 2454 1301 2469 ·

212 2532 370 2615 impediti,
392 2541 539 2596 tenentur
552 2532 716 2595 interesse.

296 2646 347 2707 lll.
390 2645 422 2707 Sl
435 2646 588 2727 palatinus
604 2644 727 2706 interitu
743 2644 823 2707 mule
835 2644 1100 2708 administratrerit
1112 2642 1245 2729 negocia

211 2760 297 2841 regis
317 2766 349 2821 et
372 2759 475 2841 regni,
503 2756 723 2839 supplicabunt
743 2757 833 2820 nobis
853 2765 887 2820 ut
907 2758 1064 2821 utiliorem
1085 2758 1157 2821 loco
1173 2756 1242 2821 elus

213 2869 457 2942 constituemus,
479 2888 574 2951 quem
593 2868 756 2941 uolumus,
778 2876 810 2932 et
828 2888 885 2931 nos
900 2868 1045 2951 precibus
1060 2888 1171 2934 eorum
1185 2884 1244 2933 mt-

214 3000 358 3043 nuemns.

297 3092 349 3154 ll'.
392 3092 539 3155 Uulumus
555 3094 639 3176 quod
655 3113 713 3156 neo
728 3114 786 3155 nos
801 3112 861 3156 nec
875 3092 994 3176 posteri
1010 3093 1105 3155 nostri
1120 3092 1243 3177 uliquos

214 3223 353 3286 unquam
370 3204 495 3286 capiunt
510 3204 560 3266 uel
575 3205 755 3278 destruunt,
776 3204 836 3266 uisi
853 3202 938 3285 prius
953 3205 1064 3266 ordino
1079 3202 1243 3267 iudiciario

215 3314 454 3378 conueniuntur.

299 3426 336 3489 V.
377 3428 502 3489 Etcum
525 3429 584 3491 istu
605 3434 803 3490 sacramento
817 3435 928 3491 nostro
943 3434 974 3489 et
995 3425 1173 3508 principum
1186 3440 1245 3489 no·

215 3548 349 3602 strorum
374 3539 491 3601 luerint
509 3538 709 3613 confirmatu,
738 3539 837 3619 siqui
860 3558 916 3619 per
939 3557 996 3599 nos
1019 3534 1070 3600 uel
1094 3536 1245 3619 petillius

215 3661 357 3724 nostros,
383 3649 433 3712 uel
455 3671 512 3732 per
534 3668 740 3731 quoscunque
763 3658 833 3730 post
853 3648 937 3711 illem
961 3656 1100 3730 tempus,
1125 3644 1245 3713 ortttret

215 3760 311 3823 xvlt.
333 3781 449 3823 annum
471 3761 560 3844 regni
577 3760 676 3823 nostri
689 3760 758 3823 sine
771 3758 887 3823 iudicio
902 3768 974 3823 sunt
988 3758 1129 3843 spoliati,
1150 3756 1243 3845 plene

213 3873 429 3936 restituuntur.
1167 3894 1170 3901 ·

296 3984 349 4045 Vl.
389 3984 467 4047 ltem
488 3982 606 4046 nullum
630 3981 808 4056 collectum,
829 3981 947 4045 nullum
968 3982 1166 4046 exactionem
1183 3996 1244 4045 neo

214 4096 335 4160 lucrum
353 4114 494 4171 comere,
515 4114 705 4178 quoeunque
726 4113 859 4158 numero
877 4094 977 4177 possit
990 4093 1131 4166 censeri,
1151 4106 1246 4155 osea-

214 4209 304 4273 rione
324 4206 431 4293 alique
443 4226 541 4295 super
551 4206 698 4273 honines
714 4207 930 4293 ouimounqne
942 4203 1086 4271 nantonis
1098 4202 1153 4269 nsl
1166 4216 1243 4267 oea·
