2798 4764
220 317 261 383 ΒΩ
438 332 579 379 suomi
598 330 697 377 essm
719 329 929 377 senonicensi
949 312 1030 395 (36),

220 496 319 562 ccrst,
341 496 373 551 et
386 495 460 551 tuuc
475 496 617 567 tempore
633 503 690 565 per
705 482 841 567 greciam
857 483 946 547 ducis
955 483 1164 560 Boemorum,
1186 484 1251 553 dux

220 600 384 665 Nitriensis
399 599 499 661 sactus
514 594 567 661 est'
576 597 689 659 Zubur.

216 794 222 803 ⁹
301 823 371 899 (36)
399 823 442 883 Bc
460 823 683 903 mandatoribus
707 822 802 883 missis
826 840 846 882 c
866 821 996 883 ducibus.
1041 819 1118 883 Cum
1144 829 1250 886 eutem

219 933 433 1016 speculatores
449 933 507 1008 itii,
533 933 586 1015 qni
600 933 725 996 fuerant
737 931 823 995 missi
839 933 973 995 nznsrd
988 931 1173 1007 etcaduca,
1203 931 1250 995 ni·

219 1046 338 1111 dissent
352 1045 480 1109 Seianus
501 1053 532 1109 et
546 1046 680 1108 Boemos
702 1046 749 1107 eis
763 1045 916 1109 obsistere
932 1064 996 1107 non
1009 1044 1170 1119 ualentes,
1192 1045 1250 1107 mi-

217 1169 326 1223 serunt
348 1158 474 1240 sagittis
496 1157 594 1221 trihus
616 1157 736 1219 uicibus
754 1177 851 1239 snper
873 1176 947 1229 eos,
978 1165 1010 1220 et
1033 1157 1188 1237 quosdam
1209 1175 1250 1220 ex

217 1271 293 1355 ipsis
314 1270 427 1333 ictibus
448 1270 629 1351 sagittarum
651 1268 888 1333 iuterfecerunt.
921 1268 983 1331 hoc
1005 1287 1076 1329 cnm
1096 1267 1250 1331 uidissent

217 1379 321 1443 Seiani
341 1390 374 1444 et
392 1379 531 1452 Boemii‚
553 1400 632 1462 qnos
655 1381 695 1442 nd
718 1379 892 1443 custodiam
916 1379 1121 1443 constitueret
1134 1378 1249 1451 Znhun

217 1492 303 1575 quod
318 1490 367 1553 isti
383 1492 436 1572 qni
452 1490 597 1555 dicuutur
610 1491 814 1573 Hetnmogcr,
839 1489 951 1554 tutibus
964 1497 1128 1553 uterentur
1143 1489 1248 1563 umis.

216 1602 389 1667 timuerunt
410 1601 518 1674 nside,
545 1602 618 1693 quin
644 1602 713 1664 tntis
736 1611 893 1664 armatum
918 1621 1078 1685 nunquam
1099 1601 1169 1667 nise
1191 1600 1250 1666 tuit

217 1712 275 1784 sis,
295 1712 397 1776 statim
412 1712 642 1775 nutrciuuerunt
653 1713 788 1774 Zubnrio
802 1713 930 1774 domino
946 1733 1057 1776 eornm
1071 1712 1248 1798 ceterisque

217 1823 411 1907 principibus
426 1824 567 1887 eiusdem
582 1824 754 1907 prouincie.

300 2050 369 2123 (37)
399 2050 443 2110 Dc
460 2069 563 2130 poppa
578 2050 682 2111 ducum
698 2047 836 2131 drpcdii.
880 2051 968 2111 Tunc
986 2049 1092 2112 anur
1112 2049 1174 2113 hoc
1193 2069 1248 2113 su·

219 2160 294 2233 dito,
309 2179 389 2223 -cnm
404 2161 560 2224 adiutorio
575 2162 763 2224 Boemorum
779 2171 895 2226 nrmsts
909 2162 1106 2225 multitudine
1122 2161 1247 2225 obnism

216 2273 262 2339 eis
277 2273 365 2338 uenit
378 2283 583 2356 pugnaturus.
609 2284 640 2338 et
655 2275 729 2338 dnm
744 2283 878 2357 uterque
893 2275 1048 2338 exercitus
1062 2274 1104 2337 sd
1116 2272 1247 2337 fluuium

206 2383 302 2453 ,ntus
312 2386 540 2468 peruenissent,
553 2388 676 2450 Zumdu
691 2387 814 2451 Cadusis
829 2394 860 2450 et
874 2386 966 2449 Huius
981 2385 1132 2451 nolebant
1146 2395 1246 2450 tmus-

215 2495 261 2559 ire
283 2496 422 2557 tlunium.
450 2498 507 2558 sed
522 2498 627 2559 Zubur
642 2499 705 2560 dux
720 2498 882 2563 Nitriensis
898 2508 929 2561 et
943 2498 990 2560 sni
1006 2498 1120 2562 milites
1138 2507 1247 2562 contra

215 2624 271 2668 eos
291 2607 463 2669 diutissime
483 2617 658 2682 certantes,
678 2606 861 2670 nullomodo
883 2608 929 2668 eis
952 2608 1117 2671 transitum
1132 2627 1247 2669 conce·

215 2715 291 2779 dere
308 2715 466 2779 uolebant.
493 2726 610 2779 etcum
626 2717 679 2779 din
693 2717 775 2779 inter
789 2737 824 2780 se
839 2725 1028 2788 certassent,
1047 2716 1191 2798 flungsri
1206 2736 1246 2778 ex

214 2826 340 2891 Boemis
355 2839 386 2892 et
400 2826 519 2891 Selenis
539 2827 650 2890 ictibus
665 2827 845 2909 sagittarum
867 2826 981 2890 multos
1005 2825 1245 2893 interficiebant.

165 2992 170 3000 .
214 2942 272 3005 sed
286 2960 344 3022 per
359 2949 422 3002 tres
438 2939 505 3002 dies
520 2936 606 3000 nulio
622 2939 716 3001 modo
732 2939 889 3021 Hunguri,
914 2946 1044 3021 propter
1060 2940 1245 3004 inundacio-

214 3072 288 3116 nem
313 3071 465 3134 equarum
486 3052 651 3115 transitum
675 3050 875 3127 habuissent,
907 3053 1033 3117 tandem
1058 3061 1169 3137 quarte
1192 3053 1243 3118 die

214 3162 323 3227 Boemi
336 3173 367 3228 et
383 3182 491 3226 omnes
502 3163 672 3227 Nitrienses
684 3162 803 3236 Seiani,
819 3163 965 3228 uidentes
978 3165 1142 3229 eudociam
1155 3164 1242 3229 Hun-

191 3264 196 3274 ’
213 3296 377 3361 gerorum,
399 3283 430 3339 et
444 3275 664 3357 percussiones
678 3275 862 3359 sagittarum
877 3297 941 3341 non
956 3279 1153 3351 sufferentes,
1170 3277 1250 3361 inps·

214 3386 292 3470 lapsi
313 3398 401 3462 sunt,
423 3395 454 3450 et
469 3384 668 3451 uelocissimo
684 3406 777 3450 cursu
800 3407 857 3468 pro
872 3388 1058 3451 defensione
1074 3388 1137 3451 uite
1152 3388 1183 3451 in
1199 3389 1243 3450 ci·

214 3499 342 3563 uitotem
357 3500 486 3562 Nitriam
507 3497 618 3562 inclusi
632 3508 706 3562 sunt
720 3520 790 3562 cum
807 3520 921 3585 msgno
937 3501 1058 3564 timore.
1088 3520 1169 3583 quos
1183 3501 1241 3564 Zn·
1361 3550 1373 3572 .

214 3609 424 3673 seductuosa
439 3610 591 3685 etllubs,
613 3631 671 3673 nec
687 3631 750 3673 nou
764 3611 861 3673 ceteri
877 3609 1000 3685 milites,
1015 3619 1241 3693 persequentes

214 3736 270 3783 eos
291 3740 391 3803 nsque
413 3722 451 3783 sd
475 3722 651 3797 ciuitatem,
674 3731 705 3785 et
728 3743 767 3785 ex
789 3722 834 3783 cis
849 3722 1002 3803 quosdam
1016 3721 1243 3785 interfecerunt

214 3839 247 3895 et
264 3831 416 3913 quosdam
438 3833 700 3907 uulnerauerunt,
722 3841 753 3896 ct
767 3831 843 3895 siios
857 3843 1018 3914 ceperunt.
1045 3833 1149 3895 Zubnr
1164 3853 1241 3896 nem

214 3943 278 4007 dux
293 3963 418 4018 eorum,
440 3945 515 4007 dum
530 3944 681 4027 fugiendo
696 3955 805 4010 contra
819 3963 875 4007 eos
889 3962 1031 4026 pugnare
1052 3943 1163 4018 uellet,
1184 3965 1241 4027 per

213 4051 354 4117 lanceam
369 4053 493 4118 Ceduse
518 4053 648 4127 cecidit,
680 4065 712 4118 ct
734 4061 843 4137 coptus
864 4055 896 4116 iu
918 4055 1090 4119 cundiam
1111 4056 1241 4123 orditus

140 4204 149 4216 ·
213 4174 275 4242 est,
297 4165 393 4229 ceteri
407 4184 483 4229 uero
502 4165 535 4228 in
557 4165 717 4230 ciuitatem
737 4167 866 4244 inclusi,
886 4168 976 4250 qussi
990 4168 1066 4233 muti
1080 4189 1241 4237 remense·
