2798 4764
221 318 295 403 mbo
315 331 1146 403 smmxraoisauxuuouaooaasraaugrsean·
1167 313 1261 381 tart.

234 493 299 563 tais
320 492 527 575 possidendis,
546 492 579 555 io
601 493 729 557 decimis
749 492 889 557 dicendis
911 501 942 555 et
961 490 1134 573 exigendis,
1154 491 1187 552 in
1208 489 1264 552 tri-

233 605 317 669 butis
339 604 418 668 detis
440 613 472 669 et
493 605 627 677 donatis,
648 612 681 668 et
702 604 840 668 breuiter
856 604 889 666 in
904 601 1095 686 quibuslibet
1108 601 1263 665 fructibus

235 725 268 780 et
280 715 463 781 utilitatibus
474 716 575 780 eidem
587 716 721 778 ecclesie
735 715 1009 799 prouenientibos:
1025 714 1101 776 item
1112 721 1144 775 et
1155 732 1264 775 exem-

210 828 326 892 'cione
359 827 512 891 nobilium
540 849 685 902 suorum,
718 827 907 890 uasallorum
940 824 1264 896 condicionariorum,

235 942 351 1004 ciuium
367 950 398 1004 et
412 935 586 1004 ceterorum
602 940 790 1002 rusticorum
804 959 860 1002 seu
877 937 1082 1008 uillanorom,
1104 945 1263 1016 tamquam

234 1053 377 1125 domina,
405 1052 437 1113 in
458 1050 537 1113 solio
562 1071 618 1113 sue
644 1049 813 1112 maiestatis
835 1049 1023 1123 resedisset,
1046 1056 1166 1110 remota
1188 1065 1265 1107 con·

236 1158 421 1230 tradictione
443 1162 623 1236 cuiuslibet,
651 1161 770 1225 munita
790 1159 934 1225 libertate
958 1169 989 1222 et
1010 1159 1142 1233 uallata,
1165 1179 1263 1242 quum

237 1276 348 1341 eadem
370 1275 504 1338 ecclesia
525 1284 667 1356 tempore
689 1272 885 1336 necessitatis
909 1273 978 1334 loco
1001 1274 1129 1335 nutricis
1151 1292 1263 1354 regum

235 1385 307 1450 iuliis
327 1385 544 1449 conseruatrix
568 1385 607 1448 sit
628 1394 659 1448 et
682 1384 842 1467 magistra.
871 1386 927 1448 sed
948 1383 1030 1466 prob
1052 1383 1158 1447 dulorl
1188 1385 1265 1466 quia

237 1498 310 1562 licet
328 1499 440 1561 eadem
462 1496 594 1560 ecclesia
615 1497 646 1558 in
662 1496 782 1561 eisdem
796 1496 1002 1569 libertatibus,
1023 1495 1138 1578 quibus
1152 1495 1265 1558 suisset

237 1631 295 1693 per
307 1618 432 1673 sanctos
447 1629 539 1690 reges
554 1609 718 1681 decorata,
740 1616 771 1671 et
793 1628 875 1670 nuuc
897 1607 1085 1689 gratulatur:
1108 1606 1265 1669 nibilomi-

237 1742 297 1785 nus
309 1730 414 1784 tamen
426 1719 588 1802 priuilegia
602 1727 780 1782 sanctorum
795 1739 916 1802 regum,
931 1720 1154 1802 supereisdem
1170 1719 1265 1782 liber-

237 1832 350 1897 tatibus
365 1838 508 1903 emanata
523 1851 578 1911 per
593 1832 792 1894 'tartarorum
808 1830 939 1894 insultus
955 1833 985 1893 in
1002 1832 1113 1895 eadem
1129 1832 1266 1895 ecclesia

237 1942 381 2026 Agrieusi
395 1942 528 2004 luissent
542 1942 666 2023 penitus
681 1941 782 2007 ablata
797 1944 1010 2018 etcombusta,
1025 1945 1150 2007 demum
1165 1966 1265 2026 quum

239 2053 345 2125 cletus
365 2052 544 2136 episcopus,
566 2054 771 2135 predecessor
793 2055 935 2118 eiusdem
955 2052 1033 2117 curn¹
1048 2057 1154 2119 inclito
1168 2057 1266 2121 caris-

237 2165 318 2235 simo
332 2173 422 2248 patre
437 2171 545 2227 nostro
561 2163 636 2226 Bela
649 2184 740 2247 rege,
762 2165 932 2231 maritimas
946 2166 1020 2249 luge
1036 2168 1172 2249 presidio
1191 2188 1267 2250 par-

237 2285 302 2353 tes,
323 2277 459 2340 Tartaris
479 2275 643 2340 uictoriam
667 2277 894 2352 obtinentibus,
922 2280 1090 2361 attigisset,
1111 2290 1142 2344 et
1164 2281 1266 2343 tribus

229 2390 328 2455 aunis
349 2409 420 2452 cum
440 2389 554 2453 eodem
573 2389 648 2452 llela
669 2410 745 2473 rege
766 2391 973 2454 residenciam
988 2392 1158 2456 insularem
1175 2412 1269 2474 pere·

236 2502 350 2586 gisset,
379 2501 549 2583 posthoc,
579 2501 716 2565 Tartaris
741 2502 959 2566 recedentibus
988 2523 1060 2566 curn
1084 2525 1160 2586 rege
1189 2504 1266 2567 Belo

236 2613 427 2694 ilungariam
442 2621 622 2686 remeasset,
641 2622 674 2675 et
687 2613 771 2675 idem
786 2634 842 2676 rex
855 2614 931 2677 Bela
946 2622 1156 2694 paternoster
1171 2616 1267 2678 caris·

233 2725 331 2789 simus
351 2723 519 2804 unicuique
536 2733 685 2804 quantum
708 2724 874 2806 potuisset,
897 2727 1034 2806 perditas
1055 2727 1215 2791 libertates
1233 2736 1266 2790 et
1314 2726 1315 2729 ’

236 2834 403 2918 priuilegia
431 2842 650 2908 restaurasset,
683 2844 715 2897 et
741 2836 917 2916 specialiter
946 2837 1078 2900 ecclesie
1103 2840 1265 2921 signiensi,

238 2956 393 3028 nmquam
408 2967 464 3009 sue
480 2947 607 3027 proprie
626 2965 819 3029 suorumque
834 2967 1050 3012 suceessorum
1066 2951 1179 3013 nutrici
1192 2972 1266 3033 spe-

239 3056 325 3130 ciali,
338 3059 465 3120 tandem
481 3066 603 3121 mortno
619 3057 706 3120 Cleto
723 3058 883 3140 episcopo,
898 3059 1146 3123 condicionarius
1162 3063 1265 3125 ecele-

237 3168 283 3233 sie
300 3167 453 3249 predicte,
475 3167 624 3231 uidelicet
638 3168 763 3231 Samuel
779 3168 862 3231 filius
876 3170 991 3243 Sibini,
1012 3172 1148 3234 collectis
1164 3174 1266 3235 ornni-
1294 3198 1298 3207 ·

237 3281 296 3345 bus
310 3281 386 3363 ipsis
402 3280 582 3364 priuilegiis,
605 3302 667 3362 que
686 3302 743 3362 per
756 3281 863 3343 belam
877 3303 983 3363 regem
998 3284 1130 3346 luissent
1143 3294 1266 3349 restau-

239 3402 319 3465 rata,
341 3391 579 3464 combussisset,
601 3391 682 3453 etin
706 3393 820 3455 cineris
840 3393 978 3456 fauillam
1002 3396 1188 3476 redegisset,
1210 3398 1265 3477 qui

239 3501 367 3584 quidem
388 3502 640 3564 condiciunarius
661 3511 789 3583 propter
803 3524 965 3568 excessum
987 3506 1188 3579 infidelitatis,
1209 3508 1267 3570 de-

239 3614 319 3677 iecta
339 3614 513 3686 nobilitate,
535 3634 597 3695 qua
618 3635 688 3676 eum
713 3614 796 3677 idem
812 3615 917 3680 Cletus
937 3618 1104 3699 episcopus
1122 3621 1267 3683 nobilita-

239 3732 341 3796 uerat,
368 3745 425 3805 per
440 3725 576 3788 cundem
596 3726 742 3790 redactus
766 3727 797 3790 iu
819 3730 1001 3793 seruitutem
1024 3732 1206 3804 exstitisset,
1230 3742 1267 3795 ut

239 3843 393 3908 asserunt,
415 3840 447 3896 et
459 3835 533 3897 iude
547 3835 579 3897 iu
595 3837 782 3902 liutbeniam
800 3841 983 3922 auffugisset
997 3852 1027 3905 et
1041 3842 1087 3905 sie
1102 3845 1267 3919 euasisset,

239 3954 430 4030 quapropter
447 3966 505 4009 nos
525 3946 684 4013 humiliter
703 3953 889 4033 postulauit,
910 3962 944 4018 ut
965 3975 1074 4018 omnes
1096 3956 1267 4033 libertates,

239 4059 352 4142 quibus
367 4077 386 4122 a
400 4066 541 4141 tempore
562 4070 742 4127 sanctorum
762 4085 873 4148 regum
890 4074 1068 4131 nostrorum
1085 4069 1267 4151 progenito-

237 4190 310 4243 rum
328 4171 397 4257 ipse
411 4171 544 4239 ecelesia
556 4174 716 4264 bgriews
738 4177 980 4266 dignoscebatur
993 4179 1114 4260 fulciri,
1136 4189 1168 4248 et
1180 4201 1267 4251 auos
