2798 4764
227 306 291 387 Μ
547 325 732 379 murana
751 326 793 375 na
813 322 930 377 rana&

311 487 388 563 (75)
402 483 597 551 ‘Ambrosius
626 483 753 549 curialis
779 503 888 548 comes
916 482 1048 548 ecclesis
1076 479 1262 549 iiacaiensia

228 595 368 680 innecii!
381 596 542 661 Snnaduna
564 597 605 659 de
629 595 704 659 uilia
717 596 825 659 Sunad
848 614 905 676 pro
920 594 1085 658 duodecim
1107 593 1211 658 bobus
1225 604 1265 659 at

229 708 438 791 menagius
461 707 576 771 ouibus
597 706 752 772 uiolenter
776 706 904 780 ablatis,
932 706 1140 770 aBenedicto
1160 725 1264 771 seruo

229 819 372 889 eiusdem
389 817 534 883 ecclesie.
564 818 668 882 indice
690 817 789 901 Gyula
812 816 920 880 curiali
943 818 1074 891 comite,
1104 815 1264 899 pristsidn

228 929 374 1010 Pentheia
389 930 429 993 de
443 928 519 993 uitis
531 927 644 993 liatoit.
671 930 725 1011 qni
740 929 903 993 uenientes
918 927 1107 992 Uaradinuns
1122 927 1161 990 ad
1175 927 1266 991 iudi·

230 1043 314 1107 ciam
336 1043 427 1116 terri,
449 1042 551 1111 taliter
564 1049 799 1114 conuenerunt,
820 1048 855 1103 nt
869 1040 1026 1122 predictus
1040 1040 1146 1103 Sunsd
1169 1040 1268 1106 daret

140 1129 145 1137 ¹
231 1171 327 1217 naam
345 1171 482 1216 marcam
495 1150 679 1225 Ambrosio,
700 1159 731 1213 et
752 1150 836 1213 idern
849 1150 944 1213 iudici
958 1149 1163 1213 satisfaceret.
1195 1149 1268 1231 pri-

232 1261 333 1328 staido
348 1283 426 1326 uero
441 1261 622 1324 Ambrosius
636 1260 817 1324 satisfacere
833 1260 991 1325 conuenit.

231 1414 236 1423 ·
315 1373 393 1449 (76)
416 1371 508 1435 Pisce
523 1373 563 1435 de
579 1371 652 1436 uitia
667 1373 799 1447 Scecen‚
811 1370 952 1453 impeciit
965 1371 1160 1435 connitianos
1174 1390 1269 1444 suos,

232 1484 365 1555 scilicet:
379 1485 547 1559 Lndornec,
559 1485 697 1559 Beroen,
711 1484 808 1558 Odns,
822 1485 988 1558 loannem,
1002 1485 1128 1557 Furces,
1147 1484 1269 1561 dibon,

234 1595 329 1677 Utus,
350 1615 408 1677 pro
422 1596 562 1679 qunque
576 1595 690 1658 marcis
703 1595 831 1658 dimidia
845 1596 958 1669 minus,
977 1595 1081 1665 iudice
1093 1596 1270 1664 Ambrosio

234 1705 343 1770 curisti
358 1706 470 1769 comite
484 1705 621 1770 Ladisiai
636 1704 785 1788 magistri,
798 1705 951 1788 pristaldo
964 1706 1116 1776 Damione
1130 1705 1170 1769 de
1186 1704 1271 1769 uitia

234 1813 343 1897 Orscy,
364 1815 419 1897 qui
432 1812 518 1876 missi
530 1816 574 1878 ad
589 1814 737 1877 iudicium
752 1813 828 1878 terri
839 1814 1045 1890 Uarsdinun,
1067 1813 1171 1879 taliter
1185 1835 1271 1880 con·

234 1933 407 2000 uenerunt,
427 1934 462 1989 ut
481 1924 613 2008 impetiti
629 1926 690 1989 iam
705 1925 780 1990 dicti
793 1927 905 1990 duent
918 1937 981 1990 tres
997 1926 1135 1991 fertones
1149 1948 1272 2010 supra·

233 2037 317 2107 dicto
337 2037 440 2112 Pisco,
461 2045 493 2100 et
510 2036 727 2102 satisfacerent
747 2036 859 2112 indici,
881 2036 1033 2121 pristnido
1053 2038 1153 2102 eciam
1175 2059 1272 2105 cona-

234 2148 370 2211 nruniter
383 2147 612 2213 satisfacerent

318 2263 398 2338 (77)
419 2259 534 2327 Michai
546 2261 588 2324 de
602 2259 676 2324 uitia
692 2261 799 2325 Sunad
818 2259 957 2341 inneciit
969 2259 1112 2325 homines
1126 2259 1271 2326 ecclesie

234 2370 392 2446 itacensis,
405 2371 540 2434 sciliceta
560 2369 736 2445 Fischiaan,
750 2369 890 2435 Boinaoit
904 2370 944 2433 de
959 2369 1034 2434 uitia
1047 2358 1188 2454 Pispukii
1204 2391 1272 2454 pro

233 2481 329 2556 furto,
355 2482 461 2545 iudice
486 2481 586 2566 Gynia
611 2482 721 2546 curiali
745 2482 859 2546 comite
884 2482 971 2566 regie
996 2481 1082 2557 anie,
1109 2482 1271 2565 pristaldn

233 2592 355 2655 Pentek
370 2593 409 2654 de
424 2591 499 2657 uilia
514 2593 629 2656 Ratoit.
645 2593 698 2676 qui
713 2593 800 2656 sures
813 2592 957 2655 Uaradini
971 2614 1043 2658 cum
1058 2592 1162 2656 leuato
1177 2593 1270 2659 terro

235 2702 276 2764 sd
290 2701 482 2765 solucionem
500 2712 697 2785 cogerentur,
719 2704 917 2786 supradictus
930 2703 1045 2768 Michai
1066 2705 1273 2771 rennncianit

235 2808 351 2873 iudicio
367 2811 459 2884 ferri,
474 2811 581 2874 dicens
597 2832 630 2874 se
646 2813 803 2894 predictos
818 2814 904 2878 iures
919 2814 999 2877 saiso
1013 2815 1192 2895 impcciisse
1207 2836 1273 2898 pro

235 2917 337 2993 insto}
357 2938 415 3002 pro
430 2921 514 2983 bono
530 2929 633 2984 tamen
651 2923 735 3002 pacis
749 2925 932 2987 Ambrosius
954 2924 1077 2989 curialis
1090 2944 1197 2989 comes
1215 2944 1273 2989 eo-

235 3027 330 3095 oiesie
347 3028 520 3093 Unczieusis
539 3030 635 3094 iudici
650 3042 681 3096 et
694 3033 848 3117 pristaido
861 3035 1065 3100 satisfaceret.

318 3142 398 3218 (78)
421 3141 500 3205 Peth
524 3142 563 3205 de
585 3142 660 3207 uitia
681 3145 785 3227 Bagya
809 3145 948 3229 impeciit
968 3149 1103 3211 Pousann
1127 3147 1168 3210 de
1191 3147 1275 3212 nilla

236 3254 379 3340 Sceguen
403 3275 458 3336 pro
479 3253 574 3330 t'nrto,
595 3254 750 3320 iudicibus
763 3256 860 3319 Paulo
881 3257 991 3320 curiali
1012 3258 1142 3331 comite,
1164 3267 1197 3322 et
1212 3259 1274 3323 Pet

236 3375 268 3439 ct
281 3367 377 3431 Bulsn
392 3365 498 3431 Bilotis
515 3367 554 3429 de
569 3367 686 3441 lienes,
707 3368 860 3451 pristaldo
870 3369 993 3432 Scenisa
1008 3369 1048 3432 de
1063 3368 1134 3432 uilla
1149 3369 1274 3435 Chazii.

234 3479 394 3563 predictos
409 3477 459 3540 fur
474 3477 619 3540 Uaradini
639 3487 760 3560 portato
780 3479 866 3543 ferro
886 3481 1068 3544 combustus
1087 3488 1146 3543 est
1176 3483 1273 3547 cuius

236 3588 282 3650 rei
294 3589 382 3652 exitu
397 3589 439 3651 ita
452 3598 646 3661 consumato,
664 3590 831 3669 pristaidua
845 3590 928 3652 idern
943 3591 1037 3664 dixit,
1051 3591 1137 3673 quod
1150 3590 1272 3658 trauca

235 3694 313 3758 iuris
324 3698 494 3774 combusti,
508 3700 562 3781 qni
576 3698 681 3762 fratris
697 3719 805 3763 eorum
821 3709 941 3781 partem
957 3709 1137 3776 tenuerant,
1152 3720 1171 3763 a
1187 3722 1274 3767 uen-

237 3803 359 3869 dicione
381 3816 443 3869 um
463 3807 542 3890 ipsi,
564 3829 658 3893 quarn
680 3812 781 3875 omnia
800 3830 909 3876 eornm
930 3813 1100 3894 possessio,
1121 3832 1179 3894 per
1192 3834 1274 3879 sen·

235 3915 369 3980 tenciam
384 3916 496 3982 iudicis
509 3919 625 4004 inipso
640 3942 714 3986 casn
729 3922 833 3987 fratris
846 3924 896 3986 sni
910 3923 972 3987 iarn
986 3922 1175 4007 excepisset.

318 4029 397 4107 (79)
420 4028 536 4094 Ciuiles
550 4032 644 4095 castri
657 4032 797 4107 durand,
810 4033 945 4099 scilicet:
965 4035 1145 4107 Mauricius,
1158 4036 1275 4116 Petnr,

237 4138 338 4230 cnyut
361 4141 402 4209 de
426 4139 500 4207 uilia
522 4141 619 4229 OJnr,
644 4154 677 4209 ct
695 4143 848 4212 Martinus
870 4145 1016 4234 hodnog,
1036 4147 1171 4212 Sanctus
1189 4168 1275 4221 een·
