2798 4764
426 932 645 1022 susumus
671 939 978 1032 monsacutus

679 1149 720 1193 Dii

223 1291 678 1387 convnnsroun
716 1305 1173 1437 nunonnonuu

447 1478 501 1538 AD
522 1479 780 1546 BENEDICTUM
795 1485 860 1548 VII.
882 1487 940 1549 PP.

620 1641 767 1686 cituxxw.

353 1787 484 1856 (hudinig
500 1794 596 1860 script.
615 1810 667 1848 rer.
685 1797 771 1850 Germ.
789 1800 824 1851 ΙΙ.
841 1802 889 1856 365
905 1828 936 1840 -
949 1801 1028 1869 too.)

482 1946 894 1973 Q„

179 2057 298 2122 Ordieis
317 2071 344 2123 et
364 2064 492 2124 nominis
512 2066 677 2127 carismatis
695 2080 852 2147 preropcto
866 2080 963 2132 sancte
976 2071 1110 2135 Romans
1129 2075 1204 2137 sedis

214 2174 389 2236 uniuersalis
412 2174 567 2237 Benedicto
589 2179 739 2257 pontifici,
772 2180 920 2258 Piipriaus
946 2192 1044 2244 sancte
1068 2184 1202 2246 Lrssrsc·
1310 2179 1312 2183 ’

214 2286 303 2347 censis
322 2288 434 2348 ecclesie
450 2289 569 2350 humitis
582 2291 718 2362 seruitor,
740 2291 906 2368 fidelitatem
917 2311 1037 2372 precum
1053 2295 1202 2356 deuotum·

213 2419 266 2478 qus
278 2400 446 2461 seruicium.

170 2645 302 2734 Notum
324 2670 393 2733 fieri
418 2670 564 2753 dignetur
587 2670 677 2734 uobis
705 2689 825 2733 summe
854 2674 1052 2738 sacerdotum
1074 2675 1198 2759 presul,

168 2782 254 2864 qood
272 2800 369 2862 super
384 2799 477 2842 omne
499 2778 594 2843 animi
613 2780 674 2843 mei
691 2779 882 2843 desiderium
903 2801 987 2845 nunc
1009 2781 1196 2861 delectarer,

167 2901 199 2956 st
210 2890 424 2974 apostolorum
439 2890 568 2952 uisitare
589 2888 712 2964 limina,
740 2898 910 2972 uestraque
925 2892 1056 2973 optabili
1074 2892 1196 2975 perfrui

164 3004 309 3077 licencia,
331 3010 415 3067 etea
429 3021 447 3064 a
462 3002 542 3064 facie
557 3001 743 3076 adfaciem,
763 3021 825 3086 quo
846 3000 956 3067 litteris
979 3013 1011 3067 et
1031 2988 1193 3069 internun-

163 3117 284 3179 ciorum
302 3116 429 3178 comitto
444 3114 583 3188 indiciis,
603 3115 796 3178 sanctissimo
817 3116 994 3197 paternitati
1016 3120 1192 3193 uestroco·
1215 3098 1220 3102 ⁵

163 3247 230 3291 ram
251 3226 451 3300 raciocinari,
471 3226 532 3289 nisi
553 3228 637 3308 quod
659 3246 678 3289 a
699 3226 858 3311 neophyta
879 3227 1076 3311 Ungarorum
1097 3236 1192 3311 genta

162 3340 224 3401 huc
238 3338 283 3401 ire
298 3337 477 3420 prohibeor,
499 3337 583 3419 apud
597 3357 692 3420 quam
706 3337 815 3400 t'edere
836 3346 928 3419 pacto
950 3337 1010 3400 sub
1024 3335 1191 3401 occasione

159 3450 265 3532 pacis,
284 3448 432 3513 fiduciam
447 3449 615 3512 sumsimus
631 3467 761 3529 operam
780 3465 932 3510 exercere
951 3445 1189 3528 predicacionis.

161 3561 250 3645 cuius
268 3561 353 3646 enim
375 3570 476 3623 terror
490 3560 591 3643 gentis
613 3579 653 3621 ex
672 3558 767 3642 longo
784 3565 925 3638 temporo
940 3556 1040 3620 eciam
1059 3555 1189 3622 aliarum

160 3672 393 3755 prouinciarum
408 3670 655 3754 predicatoribus
669 3690 740 3733 mco
755 3668 889 3733 diocesis
903 3669 1055 3733 hacteuus
1069 3670 1188 3734 aditum

159 3783 279 3859 clausit,
293 3785 335 3847 ad
349 3802 426 3867 quas
440 3781 644 3847 nihilominus
658 3781 813 3865 presentis
829 3781 1022 3863 oportunitas
1036 3779 1187 3863 temporis

156 3893 203 3959 irs
221 3915 273 3961 mo
294 3894 429 3959 uocauit
459 3893 572 3980 quibus
595 3894 672 3960 deus
693 3892 901 3976 omnipotens,
922 3891 1071 3978 quoniam
1096 3890 1188 3969 solita

156 4024 214 4072 sua
235 4006 351 4089 pietate
371 4026 499 4089 semper
518 4006 661 4089 dispersa
680 4012 867 4091 congregat,
895 4005 1019 4089 aperire
1040 4001 1185 4087 dignutus

156 4129 205 4187 est
223 4121 350 4209 hunam
372 4120 476 4186 cordis
495 4119 543 4207 sui
565 4118 619 4183 diu
638 4117 797 4194 clausam,
818 4127 852 4185 ut
871 4116 1003 4183 discisso
1025 4111 1184 4179 uelamine
