<?xml version="1.0" encoding="UTF-8"?>
<!DOCTYPE html PUBLIC "-//W3C//DTD XHTML 1.0 Transitional//EN"
    "http://www.w3.org/TR/xhtml1/DTD/xhtml1-transitional.dtd">
<html xmlns="http://www.w3.org/1999/xhtml" xml:lang="en" lang="en">
 <head>
  <title>
</title>
<meta http-equiv="Content-Type" content="text/html;charset=utf-8" />
  <meta name='ocr-system' content='tesseract 3.04.00' />
  <meta name='ocr-capabilities' content='ocr_page ocr_carea ocr_par ocr_line ocrx_word'/>
</head>
<body>
  <div class='ocr_page' id='page_1' title='image "./rerumhungaricar00endlgoog/rerumhungaricar00endlgoog_0681.png"; bbox 0 0 2798 4764; ppageno 0'>
   <div class='ocr_carea' id='block_1_1' title="bbox 179 319 886 387">
    <p class='ocr_par' dir='ltr' id='par_1_1' title="bbox 179 319 886 387">
     <span class='ocr_line' id='line_1_1' title="bbox 179 319 886 387; baseline -0.006 0"><span class='ocrx_word' id='word_1_1' title='bbox 179 319 242 387; x_wconf 73' lang='lat' dir='ltr'>m</span> <span class='ocrx_word' id='word_1_2' title='bbox 502 334 687 385; x_wconf 69' lang='lat' dir='ltr'>manarant</span> <span class='ocrx_word' id='word_1_3' title='bbox 713 336 755 384; x_wconf 80' lang='lat' dir='ltr'>nn</span> <span class='ocrx_word' id='word_1_4' title='bbox 775 335 886 385; x_wconf 73' lang='lat' dir='ltr'>rann.</span> 
     </span>
    </p>
   </div>
   <div class='ocr_carea' id='block_1_2' title="bbox 136 458 1229 4236">
    <p class='ocr_par' dir='ltr' id='par_1_2' title="bbox 136 458 1228 1905">
     <span class='ocr_line' id='line_1_2' title="bbox 136 458 1220 555; baseline -0.005 0"><span class='ocrx_word' id='word_1_5' title='bbox 136 458 144 481; x_wconf 31' lang='grc' dir='ltr'><strong>ι</strong></span> <span class='ocrx_word' id='word_1_6' title='bbox 179 489 307 555; x_wconf 87' lang='lat' dir='ltr'>nemine</span> <span class='ocrx_word' id='word_1_7' title='bbox 323 487 500 553; x_wconf 76' lang='lat' dir='ltr'>Gabrielem</span> <span class='ocrx_word' id='word_1_8' title='bbox 522 491 561 554; x_wconf 90' lang='lat' dir='ltr'>de</span> <span class='ocrx_word' id='word_1_9' title='bbox 583 488 657 553; x_wconf 90' lang='lat' dir='ltr'>uilla</span> <span class='ocrx_word' id='word_1_10' title='bbox 672 489 807 554; x_wconf 90' lang='lat' dir='ltr'>Oztanca</span> <span class='ocrx_word' id='word_1_11' title='bbox 828 487 913 553; x_wconf 87' lang='lat' dir='ltr'>misit</span> <span class='ocrx_word' id='word_1_12' title='bbox 927 489 966 553; x_wconf 92' lang='lat' dir='ltr'>ad</span> <span class='ocrx_word' id='word_1_13' title='bbox 980 507 1116 553; x_wconf 77' lang='lat' dir='ltr'>examen</span> <span class='ocrx_word' id='word_1_14' title='bbox 1131 485 1220 552; x_wconf 83' lang='lat' dir='ltr'>l&#39;erri</span> 
     </span>
     <span class='ocr_line' id='line_1_3' title="bbox 180 599 1224 683; baseline -0.003 -18"><span class='ocrx_word' id='word_1_15' title='bbox 180 601 344 665; x_wconf 79' lang='lat' dir='ltr'>candentis</span> <span class='ocrx_word' id='word_1_16' title='bbox 365 601 572 676; x_wconf 79' lang='lat' dir='ltr'>Ueradinum,</span> <span class='ocrx_word' id='word_1_17' title='bbox 599 602 651 666; x_wconf 91' lang='lat' dir='ltr'>ubi</span> <span class='ocrx_word' id='word_1_18' title='bbox 673 621 755 664; x_wconf 89' lang='lat' dir='ltr'>unus</span> <span class='ocrx_word' id='word_1_19' title='bbox 775 603 814 664; x_wconf 90' lang='lat' dir='ltr'>dc</span> <span class='ocrx_word' id='word_1_20' title='bbox 836 601 975 683; x_wconf 89' lang='lat' dir='ltr'>predicto</span> <span class='ocrx_word' id='word_1_21' title='bbox 996 599 1134 683; x_wconf 83' lang='lat' dir='ltr'>popule,</span> <span class='ocrx_word' id='word_1_22' title='bbox 1157 619 1224 663; x_wconf 86' lang='lat' dir='ltr'>nn·</span> 
     </span>
     <span class='ocr_line' id='line_1_4' title="bbox 179 709 1222 795; baseline -0.001 -21"><span class='ocrx_word' id='word_1_23' title='bbox 179 712 265 775; x_wconf 86' lang='lat' dir='ltr'>mine</span> <span class='ocrx_word' id='word_1_24' title='bbox 283 712 432 787; x_wconf 86' lang='lat' dir='ltr'>Buhcud,</span> <span class='ocrx_word' id='word_1_25' title='bbox 453 720 577 795; x_wconf 86' lang='lat' dir='ltr'>portato</span> <span class='ocrx_word' id='word_1_26' title='bbox 591 733 650 795; x_wconf 91' lang='lat' dir='ltr'>pro</span> <span class='ocrx_word' id='word_1_27' title='bbox 663 732 699 776; x_wconf 85' lang='lat' dir='ltr'>se</span> <span class='ocrx_word' id='word_1_28' title='bbox 714 722 746 775; x_wconf 87' lang='lat' dir='ltr'>et</span> <span class='ocrx_word' id='word_1_29' title='bbox 761 731 817 793; x_wconf 91' lang='lat' dir='ltr'>pro</span> <span class='ocrx_word' id='word_1_30' title='bbox 833 711 1017 774; x_wconf 89' lang='lat' dir='ltr'>conuillanis</span> <span class='ocrx_word' id='word_1_31' title='bbox 1038 710 1104 772; x_wconf 87' lang='lat' dir='ltr'>suis</span> <span class='ocrx_word' id='word_1_32' title='bbox 1124 709 1222 773; x_wconf 85' lang='lat' dir='ltr'>l&#39;errc</span> 
     </span>
     <span class='ocr_line' id='line_1_5' title="bbox 179 819 1222 904; baseline -0.002 -20"><span class='ocrx_word' id='word_1_33' title='bbox 179 821 363 887; x_wconf 79' lang='lat' dir='ltr'>laetificatus</span> <span class='ocrx_word' id='word_1_34' title='bbox 375 831 432 886; x_wconf 88' lang='lat' dir='ltr'>est.</span> <span class='ocrx_word' id='word_1_35' title='bbox 453 824 485 886; x_wconf 91' lang='lat' dir='ltr'>in</span> <span class='ocrx_word' id='word_1_36' title='bbox 496 824 608 886; x_wconf 89' lang='lat' dir='ltr'>eadem</span> <span class='ocrx_word' id='word_1_37' title='bbox 625 831 730 886; x_wconf 67' lang='lat' dir='ltr'>umen</span> <span class='ocrx_word' id='word_1_38' title='bbox 740 821 915 904; x_wconf 87' lang='lat' dir='ltr'>septimana</span> <span class='ocrx_word' id='word_1_39' title='bbox 926 822 1022 885; x_wconf 87' lang='lat' dir='ltr'>abbas</span> <span class='ocrx_word' id='word_1_40' title='bbox 1032 819 1222 883; x_wconf 78' lang='lat' dir='ltr'>histriensis</span> 
     </span>
     <span class='ocr_line' id='line_1_6' title="bbox 180 932 1224 1008; baseline -0.003 -11"><span class='ocrx_word' id='word_1_41' title='bbox 180 953 251 997; x_wconf 86' lang='lat' dir='ltr'>curn</span> <span class='ocrx_word' id='word_1_42' title='bbox 265 934 397 998; x_wconf 86' lang='lat' dir='ltr'>deberet</span> <span class='ocrx_word' id='word_1_43' title='bbox 409 935 529 1008; x_wconf 88' lang='lat' dir='ltr'>iurare,</span> <span class='ocrx_word' id='word_1_44' title='bbox 551 944 584 998; x_wconf 88' lang='lat' dir='ltr'>et</span> <span class='ocrx_word' id='word_1_45' title='bbox 596 934 725 997; x_wconf 90' lang='lat' dir='ltr'>soluere</span> <span class='ocrx_word' id='word_1_46' title='bbox 741 932 892 995; x_wconf 91' lang='lat' dir='ltr'>iudicium</span> <span class='ocrx_word' id='word_1_47' title='bbox 908 941 1080 996; x_wconf 88' lang='lat' dir='ltr'>memorato</span> <span class='ocrx_word' id='word_1_48' title='bbox 1094 932 1224 995; x_wconf 87' lang='lat' dir='ltr'>aduer-</span> 
     </span>
     <span class='ocr_line' id='line_1_7' title="bbox 180 1043 1225 1129; baseline -0.004 -19"><span class='ocrx_word' id='word_1_49' title='bbox 180 1047 264 1110; x_wconf 76' lang='lat' dir='ltr'>sario</span> <span class='ocrx_word' id='word_1_50' title='bbox 284 1046 392 1129; x_wconf 90' lang='lat' dir='ltr'>populi</span> <span class='ocrx_word' id='word_1_51' title='bbox 413 1048 475 1122; x_wconf 89' lang='lat' dir='ltr'>sui,</span> <span class='ocrx_word' id='word_1_52' title='bbox 497 1067 561 1111; x_wconf 89' lang='lat' dir='ltr'>non</span> <span class='ocrx_word' id='word_1_53' title='bbox 583 1047 641 1108; x_wconf 85' lang='lat' dir='ltr'>luit</span> <span class='ocrx_word' id='word_1_54' title='bbox 658 1045 803 1108; x_wconf 85' lang='lat' dir='ltr'>Uaradini</span> <span class='ocrx_word' id='word_1_55' title='bbox 823 1064 882 1107; x_wconf 89' lang='lat' dir='ltr'>nec</span> <span class='ocrx_word' id='word_1_56' title='bbox 903 1045 1033 1118; x_wconf 90' lang='lat' dir='ltr'>iurauit,</span> <span class='ocrx_word' id='word_1_57' title='bbox 1055 1062 1116 1105; x_wconf 94' lang='lat' dir='ltr'>nec</span> <span class='ocrx_word' id='word_1_58' title='bbox 1132 1043 1225 1106; x_wconf 90' lang='lat' dir='ltr'>iudi·</span> 
     </span>
     <span class='ocr_line' id='line_1_8' title="bbox 179 1155 1225 1241; baseline -0.004 -19"><span class='ocrx_word' id='word_1_59' title='bbox 179 1158 265 1222; x_wconf 88' lang='lat' dir='ltr'>cium</span> <span class='ocrx_word' id='word_1_60' title='bbox 280 1178 343 1240; x_wconf 81' lang='lat' dir='ltr'>quo</span> <span class='ocrx_word' id='word_1_61' title='bbox 363 1161 527 1222; x_wconf 90' lang='lat' dir='ltr'>tenebatur</span> <span class='ocrx_word' id='word_1_62' title='bbox 541 1157 702 1241; x_wconf 86' lang='lat' dir='ltr'>perscluit.</span> <span class='ocrx_word' id='word_1_63' title='bbox 725 1177 820 1238; x_wconf 86' lang='lat' dir='ltr'>porro</span> <span class='ocrx_word' id='word_1_64' title='bbox 835 1157 1013 1220; x_wconf 82' lang='lat' dir='ltr'>nominatus</span> <span class='ocrx_word' id='word_1_65' title='bbox 1028 1155 1108 1229; x_wconf 89' lang='lat' dir='ltr'>Tub,</span> <span class='ocrx_word' id='word_1_66' title='bbox 1132 1155 1225 1218; x_wconf 85' lang='lat' dir='ltr'>iudi-</span> 
     </span>
     <span class='ocr_line' id='line_1_9' title="bbox 180 1268 1226 1351; baseline 0 -18"><span class='ocrx_word' id='word_1_67' title='bbox 180 1270 278 1344; x_wconf 88' lang='lat' dir='ltr'>cium,</span> <span class='ocrx_word' id='word_1_68' title='bbox 297 1270 470 1335; x_wconf 86' lang='lat' dir='ltr'>secundum</span> <span class='ocrx_word' id='word_1_69' title='bbox 485 1269 676 1335; x_wconf 75' lang='lat' dir='ltr'><strong>sentenciam</strong></span> <span class='ocrx_word' id='word_1_70' title='bbox 701 1268 833 1351; x_wconf 75' lang='lat' dir='ltr'>predicti</span> <span class='ocrx_word' id='word_1_71' title='bbox 847 1268 975 1341; x_wconf 84' lang='lat' dir='ltr'>iudicis,</span> <span class='ocrx_word' id='word_1_72' title='bbox 996 1268 1107 1350; x_wconf 81' lang='lat' dir='ltr'>inquo</span> <span class='ocrx_word' id='word_1_73' title='bbox 1124 1277 1226 1333; x_wconf 81' lang='lat' dir='ltr'>tene-</span> 
     </span>
     <span class='ocr_line' id='line_1_10' title="bbox 179 1378 1226 1462; baseline -0.001 -17"><span class='ocrx_word' id='word_1_74' title='bbox 179 1378 273 1445; x_wconf 78' lang='lat' dir='ltr'>betur</span> <span class='ocrx_word' id='word_1_75' title='bbox 285 1381 512 1444; x_wconf 85' lang='lat' dir='ltr'>condemnatus</span> <span class='ocrx_word' id='word_1_76' title='bbox 533 1389 581 1444; x_wconf 86' lang='lat' dir='ltr'>est</span> <span class='ocrx_word' id='word_1_77' title='bbox 602 1400 677 1462; x_wconf 74' lang='lat' dir='ltr'>erpa</span> <span class='ocrx_word' id='word_1_78' title='bbox 692 1378 843 1461; x_wconf 88' lang='lat' dir='ltr'>populum</span> <span class='ocrx_word' id='word_1_79' title='bbox 858 1379 1075 1453; x_wconf 78' lang='lat' dir='ltr'>histriensem,</span> <span class='ocrx_word' id='word_1_80' title='bbox 1096 1379 1226 1444; x_wconf 83' lang='lat' dir='ltr'>uideli-</span> 
     </span>
     <span class='ocr_line' id='line_1_11' title="bbox 171 1489 1227 1574; baseline -0.002 -18"><span class='ocrx_word' id='word_1_81' title='bbox 171 1499 232 1556; x_wconf 73' lang='lat' dir='ltr'>cet</span> <span class='ocrx_word' id='word_1_82' title='bbox 244 1502 315 1556; x_wconf 85' lang='lat' dir='ltr'>octo</span> <span class='ocrx_word' id='word_1_83' title='bbox 330 1511 450 1557; x_wconf 82' lang='lat' dir='ltr'>marcas</span> <span class='ocrx_word' id='word_1_84' title='bbox 464 1501 497 1556; x_wconf 86' lang='lat' dir='ltr'>et</span> <span class='ocrx_word' id='word_1_85' title='bbox 511 1494 622 1557; x_wconf 89' lang='lat' dir='ltr'>decem</span> <span class='ocrx_word' id='word_1_86' title='bbox 636 1511 762 1574; x_wconf 87' lang='lat' dir='ltr'>pensas,</span> <span class='ocrx_word' id='word_1_87' title='bbox 783 1489 918 1554; x_wconf 87' lang='lat' dir='ltr'>totaliter</span> <span class='ocrx_word' id='word_1_88' title='bbox 933 1490 1097 1572; x_wconf 86' lang='lat' dir='ltr'>persolait,</span> <span class='ocrx_word' id='word_1_89' title='bbox 1120 1493 1227 1559; x_wconf 74' lang='lat' dir='ltr'>nobis</span> 
     </span>
     <span class='ocr_line' id='line_1_12' title="bbox 180 1604 1227 1688; baseline 0.003 -22"><span class='ocrx_word' id='word_1_90' title='bbox 180 1605 378 1688; x_wconf 83' lang='lat' dir='ltr'>presentibus</span> <span class='ocrx_word' id='word_1_91' title='bbox 392 1605 424 1667; x_wconf 89' lang='lat' dir='ltr'>in</span> <span class='ocrx_word' id='word_1_92' title='bbox 441 1625 552 1667; x_wconf 84' lang='lat' dir='ltr'>manus</span> <span class='ocrx_word' id='word_1_93' title='bbox 566 1605 685 1686; x_wconf 79' lang='lat' dir='ltr'>Lyther</span> <span class='ocrx_word' id='word_1_94' title='bbox 700 1613 732 1668; x_wconf 82' lang='lat' dir='ltr'>et</span> <span class='ocrx_word' id='word_1_95' title='bbox 745 1604 828 1688; x_wconf 78' lang='lat' dir='ltr'>Pqus</span> <span class='ocrx_word' id='word_1_96' title='bbox 840 1613 1086 1682; x_wconf 77' lang='lat' dir='ltr'>‘procuratorum</span> <span class='ocrx_word' id='word_1_97' title='bbox 1104 1604 1150 1668; x_wconf 90' lang='lat' dir='ltr'>de</span> <span class='ocrx_word' id='word_1_98' title='bbox 1165 1605 1227 1669; x_wconf 81' lang='lat' dir='ltr'>ni-</span> 
     </span>
     <span class='ocr_line' id='line_1_13' title="bbox 180 1712 1228 1796; baseline 0.002 -18"><span class='ocrx_word' id='word_1_99' title='bbox 180 1714 274 1788; x_wconf 79' lang='lat' dir='ltr'>stria,</span> <span class='ocrx_word' id='word_1_100' title='bbox 295 1734 376 1796; x_wconf 86' lang='lat' dir='ltr'>quos</span> <span class='ocrx_word' id='word_1_101' title='bbox 389 1715 448 1794; x_wconf 90' lang='lat' dir='ltr'>ipsi</span> <span class='ocrx_word' id='word_1_102' title='bbox 464 1716 688 1796; x_wconf 77' lang='lat' dir='ltr'>cognocimus,</span> <span class='ocrx_word' id='word_1_103' title='bbox 708 1715 751 1778; x_wconf 85' lang='lat' dir='ltr'>ita</span> <span class='ocrx_word' id='word_1_104' title='bbox 765 1715 852 1795; x_wconf 84' lang='lat' dir='ltr'>quod</span> <span class='ocrx_word' id='word_1_105' title='bbox 866 1714 958 1776; x_wconf 87' lang='lat' dir='ltr'>ambo</span> <span class='ocrx_word' id='word_1_106' title='bbox 974 1713 1007 1776; x_wconf 92' lang='lat' dir='ltr'>in</span> <span class='ocrx_word' id='word_1_107' title='bbox 1021 1712 1111 1777; x_wconf 93' lang='lat' dir='ltr'>nullo</span> <span class='ocrx_word' id='word_1_108' title='bbox 1125 1723 1228 1780; x_wconf 75' lang='lat' dir='ltr'>tene·</span> 
     </span>
     <span class='ocr_line' id='line_1_14' title="bbox 179 1824 553 1905; baseline -0.003 -18"><span class='ocrx_word' id='word_1_109' title='bbox 179 1834 289 1889; x_wconf 90' lang='lat' dir='ltr'>rentur</span> <span class='ocrx_word' id='word_1_110' title='bbox 302 1845 360 1905; x_wconf 89' lang='lat' dir='ltr'>pro</span> <span class='ocrx_word' id='word_1_111' title='bbox 374 1824 434 1887; x_wconf 91' lang='lat' dir='ltr'>bac</span> <span class='ocrx_word' id='word_1_112' title='bbox 448 1827 553 1887; x_wconf 78' lang='lat' dir='ltr'>causa.</span> 
     </span>
    </p>

    <p class='ocr_par' dir='ltr' id='par_1_3' title="bbox 177 1932 1229 2796">
     <span class='ocr_line' id='line_1_15' title="bbox 264 1932 1229 2019; baseline 0.011 -22"><span class='ocrx_word' id='word_1_113' title='bbox 264 1932 350 2016; x_wconf 71' lang='lat'>(128)</span> <span class='ocrx_word' id='word_1_114' title='bbox 378 1937 484 2019; x_wconf 79' lang='lat' dir='ltr'>Bagba</span> <span class='ocrx_word' id='word_1_115' title='bbox 507 1935 589 1999; x_wconf 88' lang='lat' dir='ltr'>lilius</span> <span class='ocrx_word' id='word_1_116' title='bbox 611 1936 821 2018; x_wconf 82' lang='lat' dir='ltr'>hodnogionis</span> <span class='ocrx_word' id='word_1_117' title='bbox 842 1934 945 2010; x_wconf 87' lang='lat' dir='ltr'>Luce,</span> <span class='ocrx_word' id='word_1_118' title='bbox 983 1956 1055 1999; x_wconf 93' lang='lat' dir='ltr'>cum</span> <span class='ocrx_word' id='word_1_119' title='bbox 1077 1937 1229 2008; x_wconf 76' lang='lat' dir='ltr'>baberet</span> 
     </span>
     <span class='ocr_line' id='line_1_16' title="bbox 179 2047 1227 2131; baseline 0.006 -21"><span class='ocrx_word' id='word_1_120' title='bbox 179 2065 309 2110; x_wconf 85' lang='lat' dir='ltr'>seruum</span> <span class='ocrx_word' id='word_1_121' title='bbox 329 2047 456 2110; x_wconf 87' lang='lat' dir='ltr'>nomine</span> <span class='ocrx_word' id='word_1_122' title='bbox 471 2047 683 2129; x_wconf 79' lang='lat' dir='ltr'>Stephanum,</span> <span class='ocrx_word' id='word_1_123' title='bbox 706 2048 848 2130; x_wconf 76' lang='lat' dir='ltr'>permisit</span> <span class='ocrx_word' id='word_1_124' title='bbox 863 2068 936 2110; x_wconf 91' lang='lat' dir='ltr'>cum</span> <span class='ocrx_word' id='word_1_125' title='bbox 954 2048 1066 2111; x_wconf 85' lang='lat' dir='ltr'>redimi</span> <span class='ocrx_word' id='word_1_126' title='bbox 1081 2071 1145 2131; x_wconf 88' lang='lat' dir='ltr'>pro</span> <span class='ocrx_word' id='word_1_127' title='bbox 1159 2072 1227 2116; x_wconf 83' lang='lat' dir='ltr'>sex</span> 
     </span>
     <span class='ocr_line' id='line_1_17' title="bbox 180 2157 1228 2243; baseline 0.007 -22"><span class='ocrx_word' id='word_1_128' title='bbox 180 2157 293 2222; x_wconf 84' lang='lat' dir='ltr'>marcis</span> <span class='ocrx_word' id='word_1_129' title='bbox 308 2168 340 2221; x_wconf 87' lang='lat' dir='ltr'>et</span> <span class='ocrx_word' id='word_1_130' title='bbox 352 2159 494 2234; x_wconf 78' lang='lat' dir='ltr'>fertone,</span> <span class='ocrx_word' id='word_1_131' title='bbox 515 2160 685 2243; x_wconf 87' lang='lat' dir='ltr'>aquodam</span> <span class='ocrx_word' id='word_1_132' title='bbox 699 2160 866 2242; x_wconf 74' lang='lat' dir='ltr'>iobagione</span> <span class='ocrx_word' id='word_1_133' title='bbox 882 2181 950 2233; x_wconf 87' lang='lat' dir='ltr'>suo,</span> <span class='ocrx_word' id='word_1_134' title='bbox 972 2180 1083 2224; x_wconf 84' lang='lat' dir='ltr'>socero</span> <span class='ocrx_word' id='word_1_135' title='bbox 1099 2163 1228 2228; x_wconf 82' lang='lat' dir='ltr'>uideli-</span> 
     </span>
     <span class='ocr_line' id='line_1_18' title="bbox 180 2270 1228 2344; baseline 0.008 -12"><span class='ocrx_word' id='word_1_136' title='bbox 180 2277 232 2333; x_wconf 85' lang='lat' dir='ltr'>cet</span> <span class='ocrx_word' id='word_1_137' title='bbox 245 2270 386 2333; x_wconf 84' lang='lat' dir='ltr'>eiusdem</span> <span class='ocrx_word' id='word_1_138' title='bbox 408 2271 493 2334; x_wconf 90' lang='lat' dir='ltr'>serui</span> <span class='ocrx_word' id='word_1_139' title='bbox 514 2270 641 2334; x_wconf 87' lang='lat' dir='ltr'>nomine</span> <span class='ocrx_word' id='word_1_140' title='bbox 663 2271 771 2344; x_wconf 85' lang='lat' dir='ltr'>Crust,</span> <span class='ocrx_word' id='word_1_141' title='bbox 792 2291 863 2333; x_wconf 90' lang='lat' dir='ltr'>cum</span> <span class='ocrx_word' id='word_1_142' title='bbox 879 2292 978 2335; x_wconf 85' lang='lat' dir='ltr'>uxore</span> <span class='ocrx_word' id='word_1_143' title='bbox 994 2292 1051 2334; x_wconf 91' lang='lat' dir='ltr'>sua</span> <span class='ocrx_word' id='word_1_144' title='bbox 1065 2273 1167 2337; x_wconf 74' lang='lat' dir='ltr'>btoxa</span> <span class='ocrx_word' id='word_1_145' title='bbox 1190 2284 1228 2340; x_wconf 78' lang='lat' dir='ltr'>et</span> 
     </span>
     <span class='ocr_line' id='line_1_19' title="bbox 178 2378 1227 2465; baseline 0.007 -22"><span class='ocrx_word' id='word_1_146' title='bbox 178 2378 244 2444; x_wconf 87' lang='lat' dir='ltr'>lilio</span> <span class='ocrx_word' id='word_1_147' title='bbox 259 2381 392 2463; x_wconf 78' lang='lat' dir='ltr'>Chegza.</span> <span class='ocrx_word' id='word_1_148' title='bbox 420 2382 459 2446; x_wconf 88' lang='lat' dir='ltr'>de</span> <span class='ocrx_word' id='word_1_149' title='bbox 481 2383 593 2462; x_wconf 83' lang='lat' dir='ltr'>quihus</span> <span class='ocrx_word' id='word_1_150' title='bbox 614 2383 737 2445; x_wconf 88' lang='lat' dir='ltr'>duobus</span> <span class='ocrx_word' id='word_1_151' title='bbox 758 2382 893 2446; x_wconf 86' lang='lat' dir='ltr'>babetur</span> <span class='ocrx_word' id='word_1_152' title='bbox 915 2383 947 2445; x_wconf 91' lang='lat' dir='ltr'>in</span> <span class='ocrx_word' id='word_1_153' title='bbox 968 2384 1227 2465; x_wconf 78' lang='lat' dir='ltr'>precedentibus</span> 
     </span>
     <span class='ocr_line' id='line_1_20' title="bbox 179 2491 1226 2578; baseline 0.011 -26"><span class='ocrx_word' id='word_1_154' title='bbox 179 2491 313 2572; x_wconf 87' lang='lat' dir='ltr'>scriptis.</span> <span class='ocrx_word' id='word_1_155' title='bbox 347 2493 380 2555; x_wconf 93' lang='lat' dir='ltr'>in</span> <span class='ocrx_word' id='word_1_156' title='bbox 397 2501 512 2556; x_wconf 89' lang='lat' dir='ltr'>tantam</span> <span class='ocrx_word' id='word_1_157' title='bbox 527 2501 632 2556; x_wconf 88' lang='lat' dir='ltr'>autem</span> <span class='ocrx_word' id='word_1_158' title='bbox 646 2492 822 2556; x_wconf 88' lang='lat' dir='ltr'>libertatem</span> <span class='ocrx_word' id='word_1_159' title='bbox 843 2503 916 2557; x_wconf 86' lang='lat' dir='ltr'>sunl</span> <span class='ocrx_word' id='word_1_160' title='bbox 929 2495 1102 2576; x_wconf 78' lang='lat' dir='ltr'>redempti,</span> <span class='ocrx_word' id='word_1_161' title='bbox 1126 2500 1226 2578; x_wconf 78' lang='lat' dir='ltr'>quod</span> 
     </span>
     <span class='ocr_line' id='line_1_21' title="bbox 177 2598 1227 2687; baseline 0.007 -20"><span class='ocrx_word' id='word_1_162' title='bbox 177 2598 241 2667; x_wconf 80' lang='lat' dir='ltr'>tam</span> <span class='ocrx_word' id='word_1_163' title='bbox 256 2604 315 2684; x_wconf 90' lang='lat' dir='ltr'>ipsi</span> <span class='ocrx_word' id='word_1_164' title='bbox 331 2623 424 2686; x_wconf 85' lang='lat' dir='ltr'>quarn</span> <span class='ocrx_word' id='word_1_165' title='bbox 441 2604 542 2667; x_wconf 84' lang='lat' dir='ltr'>omnis</span> <span class='ocrx_word' id='word_1_166' title='bbox 558 2606 725 2687; x_wconf 81' lang='lat' dir='ltr'>generacio</span> <span class='ocrx_word' id='word_1_167' title='bbox 747 2607 786 2668; x_wconf 92' lang='lat' dir='ltr'>ab</span> <span class='ocrx_word' id='word_1_168' title='bbox 806 2607 927 2670; x_wconf 87' lang='lat' dir='ltr'>eisdem</span> <span class='ocrx_word' id='word_1_169' title='bbox 942 2627 1131 2672; x_wconf 88' lang='lat' dir='ltr'>successura</span> <span class='ocrx_word' id='word_1_170' title='bbox 1145 2612 1227 2674; x_wconf 90' lang='lat' dir='ltr'>ubi·</span> 
     </span>
     <span class='ocr_line' id='line_1_22' title="bbox 177 2715 817 2796; baseline 0.008 -23"><span class='ocrx_word' id='word_1_171' title='bbox 177 2732 301 2796; x_wconf 90' lang='lat' dir='ltr'>cunque</span> <span class='ocrx_word' id='word_1_172' title='bbox 317 2715 434 2778; x_wconf 91' lang='lat' dir='ltr'>uellent</span> <span class='ocrx_word' id='word_1_173' title='bbox 448 2715 595 2777; x_wconf 91' lang='lat' dir='ltr'>manendi</span> <span class='ocrx_word' id='word_1_174' title='bbox 610 2716 657 2777; x_wconf 91' lang='lat' dir='ltr'>las</span> <span class='ocrx_word' id='word_1_175' title='bbox 671 2716 817 2778; x_wconf 76' lang='lat' dir='ltr'>habeant.</span> 
     </span>
    </p>

    <p class='ocr_par' dir='ltr' id='par_1_4' title="bbox 177 2821 1224 3900">
     <span class='ocr_line' id='line_1_23' title="bbox 260 2821 1224 2913; baseline 0.011 -31"><span class='ocrx_word' id='word_1_176' title='bbox 260 2821 350 2902; x_wconf 75' lang='lat'><strong>(129)</strong></span> <span class='ocrx_word' id='word_1_177' title='bbox 373 2823 534 2886; x_wconf 90' lang='lat' dir='ltr'>Ladislaus</span> <span class='ocrx_word' id='word_1_178' title='bbox 556 2845 661 2887; x_wconf 88' lang='lat' dir='ltr'>comes</span> <span class='ocrx_word' id='word_1_179' title='bbox 684 2826 722 2888; x_wconf 89' lang='lat' dir='ltr'>de</span> <span class='ocrx_word' id='word_1_180' title='bbox 745 2827 849 2888; x_wconf 79' lang='lat' dir='ltr'>llaach</span> <span class='ocrx_word' id='word_1_181' title='bbox 872 2838 902 2891; x_wconf 88' lang='lat' dir='ltr'>et</span> <span class='ocrx_word' id='word_1_182' title='bbox 925 2829 1018 2890; x_wconf 81' lang='lat' dir='ltr'>iudex</span> <span class='ocrx_word' id='word_1_183' title='bbox 1040 2829 1129 2892; x_wconf 85' lang='lat' dir='ltr'>curie</span> <span class='ocrx_word' id='word_1_184' title='bbox 1158 2853 1224 2913; x_wconf 80' lang='lat' dir='ltr'>per</span> 
     </span>
     <span class='ocr_line' id='line_1_24' title="bbox 177 2931 1224 3018; baseline 0.011 -25"><span class='ocrx_word' id='word_1_185' title='bbox 177 2951 250 2994; x_wconf 87' lang='lat' dir='ltr'>suas</span> <span class='ocrx_word' id='word_1_186' title='bbox 272 2932 364 2994; x_wconf 87' lang='lat' dir='ltr'>nobis</span> <span class='ocrx_word' id='word_1_187' title='bbox 384 2931 488 2995; x_wconf 84' lang='lat' dir='ltr'>literas</span> <span class='ocrx_word' id='word_1_188' title='bbox 509 2934 677 3009; x_wconf 87' lang='lat' dir='ltr'>intimauit,</span> <span class='ocrx_word' id='word_1_189' title='bbox 697 2938 783 3018; x_wconf 86' lang='lat' dir='ltr'>quod</span> <span class='ocrx_word' id='word_1_190' title='bbox 798 2940 899 2999; x_wconf 85' lang='lat' dir='ltr'>Lucas</span> <span class='ocrx_word' id='word_1_191' title='bbox 921 2938 1136 3002; x_wconf 80' lang='lat' dir='ltr'>ministerialis</span> <span class='ocrx_word' id='word_1_192' title='bbox 1162 2961 1224 3005; x_wconf 87' lang='lat' dir='ltr'>ec·</span> 
     </span>
     <span class='ocr_line' id='line_1_25' title="bbox 178 3043 1221 3130; baseline 0.01 -24"><span class='ocrx_word' id='word_1_193' title='bbox 178 3043 275 3107; x_wconf 85' lang='lat' dir='ltr'>clesie</span> <span class='ocrx_word' id='word_1_194' title='bbox 299 3044 338 3106; x_wconf 90' lang='lat' dir='ltr'>de</span> <span class='ocrx_word' id='word_1_195' title='bbox 364 3044 486 3107; x_wconf 90' lang='lat' dir='ltr'>Currud</span> <span class='ocrx_word' id='word_1_196' title='bbox 516 3054 677 3108; x_wconf 88' lang='lat' dir='ltr'>teneretur</span> <span class='ocrx_word' id='word_1_197' title='bbox 701 3068 758 3127; x_wconf 88' lang='lat' dir='ltr'>pro</span> <span class='ocrx_word' id='word_1_198' title='bbox 786 3050 924 3129; x_wconf 88' lang='lat' dir='ltr'>quodam</span> <span class='ocrx_word' id='word_1_199' title='bbox 950 3051 1056 3130; x_wconf 77' lang='lat' dir='ltr'>Deguz</span> <span class='ocrx_word' id='word_1_200' title='bbox 1080 3053 1221 3116; x_wconf 79' lang='lat' dir='ltr'>nornine</span> 
     </span>
     <span class='ocr_line' id='line_1_26' title="bbox 178 3156 1222 3246; baseline 0.013 -30"><span class='ocrx_word' id='word_1_201' title='bbox 178 3156 303 3219; x_wconf 86' lang='lat' dir='ltr'>soluere</span> <span class='ocrx_word' id='word_1_202' title='bbox 320 3156 464 3217; x_wconf 84' lang='lat' dir='ltr'>Uaradini</span> <span class='ocrx_word' id='word_1_203' title='bbox 480 3156 511 3218; x_wconf 92' lang='lat' dir='ltr'>in</span> <span class='ocrx_word' id='word_1_204' title='bbox 527 3156 610 3219; x_wconf 82' lang='lat' dir='ltr'>sesto</span> <span class='ocrx_word' id='word_1_205' title='bbox 624 3179 648 3220; x_wconf 91' lang='lat' dir='ltr'>s.</span> <span class='ocrx_word' id='word_1_206' title='bbox 660 3158 822 3221; x_wconf 80' lang='lat' dir='ltr'>Michaelis</span> <span class='ocrx_word' id='word_1_207' title='bbox 837 3160 930 3230; x_wconf 86' lang='lat' dir='ltr'>lacau</span> <span class='ocrx_word' id='word_1_208' title='bbox 947 3170 978 3224; x_wconf 87' lang='lat' dir='ltr'>et</span> <span class='ocrx_word' id='word_1_209' title='bbox 991 3162 1101 3224; x_wconf 86' lang='lat' dir='ltr'>loanni</span> <span class='ocrx_word' id='word_1_210' title='bbox 1117 3175 1222 3246; x_wconf 84' lang='lat' dir='ltr'>quat·</span> 
     </span>
     <span class='ocr_line' id='line_1_27' title="bbox 178 3269 1220 3357; baseline 0.009 -27"><span class='ocrx_word' id='word_1_211' title='bbox 178 3269 352 3331; x_wconf 88' lang='lat' dir='ltr'>tuordecim</span> <span class='ocrx_word' id='word_1_212' title='bbox 369 3287 491 3330; x_wconf 89' lang='lat' dir='ltr'>marcas</span> <span class='ocrx_word' id='word_1_213' title='bbox 506 3278 537 3331; x_wconf 89' lang='lat' dir='ltr'>et</span> <span class='ocrx_word' id='word_1_214' title='bbox 552 3269 661 3332; x_wconf 87' lang='lat' dir='ltr'>decern</span> <span class='ocrx_word' id='word_1_215' title='bbox 678 3278 709 3331; x_wconf 89' lang='lat' dir='ltr'>et</span> <span class='ocrx_word' id='word_1_216' title='bbox 723 3279 844 3351; x_wconf 88' lang='lat' dir='ltr'>septem</span> <span class='ocrx_word' id='word_1_217' title='bbox 860 3271 1009 3352; x_wconf 87' lang='lat' dir='ltr'>pondera,</span> <span class='ocrx_word' id='word_1_218' title='bbox 1025 3281 1056 3335; x_wconf 92' lang='lat' dir='ltr'>et</span> <span class='ocrx_word' id='word_1_219' title='bbox 1070 3278 1220 3357; x_wconf 84' lang='lat' dir='ltr'>acceptis</span> 
     </span>
     <span class='ocr_line' id='line_1_28' title="bbox 177 3379 1221 3468; baseline 0.01 -27"><span class='ocrx_word' id='word_1_220' title='bbox 177 3380 304 3442; x_wconf 87' lang='lat' dir='ltr'>tandem</span> <span class='ocrx_word' id='word_1_221' title='bbox 328 3379 400 3453; x_wconf 89' lang='lat' dir='ltr'>illis,</span> <span class='ocrx_word' id='word_1_222' title='bbox 420 3380 505 3443; x_wconf 91' lang='lat' dir='ltr'>idem</span> <span class='ocrx_word' id='word_1_223' title='bbox 528 3380 620 3442; x_wconf 90' lang='lat' dir='ltr'>lacon</span> <span class='ocrx_word' id='word_1_224' title='bbox 647 3388 678 3442; x_wconf 88' lang='lat' dir='ltr'>et</span> <span class='ocrx_word' id='word_1_225' title='bbox 699 3381 831 3443; x_wconf 86' lang='lat' dir='ltr'>loannes</span> <span class='ocrx_word' id='word_1_226' title='bbox 854 3381 1007 3445; x_wconf 87' lang='lat' dir='ltr'>baberent</span> <span class='ocrx_word' id='word_1_227' title='bbox 1032 3383 1079 3443; x_wconf 91' lang='lat' dir='ltr'>ius</span> <span class='ocrx_word' id='word_1_228' title='bbox 1102 3389 1221 3468; x_wconf 86' lang='lat' dir='ltr'>requi·</span> 
     </span>
     <span class='ocr_line' id='line_1_29' title="bbox 177 3491 1216 3575; baseline 0.011 -24"><span class='ocrx_word' id='word_1_229' title='bbox 177 3491 268 3552; x_wconf 85' lang='lat' dir='ltr'>rendi</span> <span class='ocrx_word' id='word_1_230' title='bbox 283 3509 393 3552; x_wconf 87' lang='lat' dir='ltr'>seruos</span> <span class='ocrx_word' id='word_1_231' title='bbox 407 3511 491 3552; x_wconf 88' lang='lat' dir='ltr'>suos.</span> <span class='ocrx_word' id='word_1_232' title='bbox 512 3492 673 3572; x_wconf 87' lang='lat' dir='ltr'>predictus</span> <span class='ocrx_word' id='word_1_233' title='bbox 688 3493 793 3571; x_wconf 86' lang='lat' dir='ltr'>itaque</span> <span class='ocrx_word' id='word_1_234' title='bbox 809 3493 908 3555; x_wconf 86' lang='lat' dir='ltr'>Lucas</span> <span class='ocrx_word' id='word_1_235' title='bbox 923 3493 954 3554; x_wconf 92' lang='lat' dir='ltr'>in</span> <span class='ocrx_word' id='word_1_236' title='bbox 968 3495 1108 3575; x_wconf 87' lang='lat' dir='ltr'>predicto</span> <span class='ocrx_word' id='word_1_237' title='bbox 1126 3496 1216 3561; x_wconf 78' lang='lat' dir='ltr'>festo</span> 
     </span>
     <span class='ocr_line' id='line_1_30' title="bbox 178 3600 1219 3690; baseline 0.011 -30"><span class='ocrx_word' id='word_1_238' title='bbox 178 3608 211 3661; x_wconf 88' lang='lat' dir='ltr'>et</span> <span class='ocrx_word' id='word_1_239' title='bbox 230 3600 297 3661; x_wconf 90' lang='lat' dir='ltr'>loco</span> <span class='ocrx_word' id='word_1_240' title='bbox 322 3602 475 3683; x_wconf 89' lang='lat' dir='ltr'>persoluit</span> <span class='ocrx_word' id='word_1_241' title='bbox 496 3603 643 3684; x_wconf 88' lang='lat' dir='ltr'>predictis</span> <span class='ocrx_word' id='word_1_242' title='bbox 664 3604 758 3666; x_wconf 84' lang='lat' dir='ltr'>lacau</span> <span class='ocrx_word' id='word_1_243' title='bbox 780 3613 811 3666; x_wconf 89' lang='lat' dir='ltr'>et</span> <span class='ocrx_word' id='word_1_244' title='bbox 829 3604 941 3666; x_wconf 89' lang='lat' dir='ltr'>loanni</span> <span class='ocrx_word' id='word_1_245' title='bbox 959 3625 1113 3668; x_wconf 86' lang='lat' dir='ltr'>summam</span> <span class='ocrx_word' id='word_1_246' title='bbox 1138 3629 1219 3690; x_wconf 83' lang='lat' dir='ltr'>pre·</span> 
     </span>
     <span class='ocr_line' id='line_1_31' title="bbox 177 3709 1215 3793; baseline 0.013 -23"><span class='ocrx_word' id='word_1_247' title='bbox 177 3709 260 3772; x_wconf 89' lang='lat' dir='ltr'>dicte</span> <span class='ocrx_word' id='word_1_248' title='bbox 285 3713 417 3791; x_wconf 88' lang='lat' dir='ltr'>pecunie</span> <span class='ocrx_word' id='word_1_249' title='bbox 441 3713 533 3775; x_wconf 84' lang='lat' dir='ltr'>nohis</span> <span class='ocrx_word' id='word_1_250' title='bbox 559 3715 776 3793; x_wconf 83' lang='lat' dir='ltr'>presentibus,</span> <span class='ocrx_word' id='word_1_251' title='bbox 807 3723 837 3777; x_wconf 87' lang='lat' dir='ltr'>et</span> <span class='ocrx_word' id='word_1_252' title='bbox 859 3715 1045 3778; x_wconf 86' lang='lat' dir='ltr'>Sebastiano</span> <span class='ocrx_word' id='word_1_253' title='bbox 1067 3718 1107 3780; x_wconf 81' lang='lat' dir='ltr'>de</span> <span class='ocrx_word' id='word_1_254' title='bbox 1133 3721 1215 3784; x_wconf 77' lang='lat' dir='ltr'>uilla</span> 
     </span>
     <span class='ocr_line' id='line_1_32' title="bbox 177 3818 678 3900; baseline 0.012 -22"><span class='ocrx_word' id='word_1_255' title='bbox 177 3818 279 3891; x_wconf 84' lang='lat' dir='ltr'>Baba,</span> <span class='ocrx_word' id='word_1_256' title='bbox 300 3819 449 3900; x_wconf 87' lang='lat' dir='ltr'>pristaldo</span> <span class='ocrx_word' id='word_1_257' title='bbox 463 3822 558 3889; x_wconf 83' lang='lat' dir='ltr'>huius</span> <span class='ocrx_word' id='word_1_258' title='bbox 572 3843 678 3886; x_wconf 89' lang='lat' dir='ltr'>cause.</span> 
     </span>
    </p>

    <p class='ocr_par' dir='ltr' id='par_1_5' title="bbox 177 3925 1218 4236">
     <span class='ocr_line' id='line_1_33' title="bbox 259 3925 1218 4020; baseline 0.022 -33"><span class='ocrx_word' id='word_1_259' title='bbox 259 3925 345 4007; x_wconf 82' lang='lat'>(130)</span> <span class='ocrx_word' id='word_1_260' title='bbox 366 3931 498 3994; x_wconf 84' lang='lat' dir='ltr'>Domina</span> <span class='ocrx_word' id='word_1_261' title='bbox 522 3935 721 4016; x_wconf 79' lang='lat' dir='ltr'>Margaretba</span> <span class='ocrx_word' id='word_1_262' title='bbox 752 3958 834 4000; x_wconf 84' lang='lat' dir='ltr'>uxor</span> <span class='ocrx_word' id='word_1_263' title='bbox 857 3938 1015 4020; x_wconf 86' lang='lat' dir='ltr'>quondam</span> <span class='ocrx_word' id='word_1_264' title='bbox 1042 3939 1218 4008; x_wconf 75' lang='lat' dir='ltr'>Torcunca</span> 
     </span>
     <span class='ocr_line' id='line_1_34' title="bbox 177 4040 1217 4117; baseline 0.014 -15"><span class='ocrx_word' id='word_1_265' title='bbox 177 4041 317 4115; x_wconf 86' lang='lat' dir='ltr'>comitis,</span> <span class='ocrx_word' id='word_1_266' title='bbox 337 4040 457 4103; x_wconf 86' lang='lat' dir='ltr'>hahens</span> <span class='ocrx_word' id='word_1_267' title='bbox 479 4050 592 4107; x_wconf 88' lang='lat' dir='ltr'>terram</span> <span class='ocrx_word' id='word_1_268' title='bbox 616 4046 837 4110; x_wconf 87' lang='lat' dir='ltr'>hereditariam</span> <span class='ocrx_word' id='word_1_269' title='bbox 862 4049 987 4111; x_wconf 89' lang='lat' dir='ltr'>nomine</span> <span class='ocrx_word' id='word_1_270' title='bbox 1002 4047 1145 4112; x_wconf 88' lang='lat' dir='ltr'>Gilianus</span> <span class='ocrx_word' id='word_1_271' title='bbox 1170 4073 1217 4117; x_wconf 79' lang='lat' dir='ltr'>ex</span> 
     </span>
     <span class='ocr_line' id='line_1_35' title="bbox 177 4153 1218 4236; baseline 0.005 -15"><span class='ocrx_word' id='word_1_272' title='bbox 177 4153 355 4221; x_wconf 73' lang='lat' dir='ltr'>donaciones</span> <span class='ocrx_word' id='word_1_273' title='bbox 364 4153 462 4236; x_wconf 86' lang='lat' dir='ltr'>patris</span> <span class='ocrx_word' id='word_1_274' title='bbox 476 4155 554 4231; x_wconf 88' lang='lat' dir='ltr'>eius,</span> <span class='ocrx_word' id='word_1_275' title='bbox 565 4156 714 4223; x_wconf 89' lang='lat' dir='ltr'>uidelicet</span> <span class='ocrx_word' id='word_1_276' title='bbox 723 4159 870 4236; x_wconf 79' lang='lat' dir='ltr'>Forcerii,</span> <span class='ocrx_word' id='word_1_277' title='bbox 884 4167 915 4222; x_wconf 91' lang='lat' dir='ltr'>et</span> <span class='ocrx_word' id='word_1_278' title='bbox 929 4159 1059 4224; x_wconf 77' lang='lat' dir='ltr'>fratrum</span> <span class='ocrx_word' id='word_1_279' title='bbox 1073 4181 1218 4235; x_wconf 77' lang='lat' dir='ltr'>suornm</span> 
     </span>
    </p>
   </div>
   <div class='ocr_carea' id='block_1_3' title="bbox 0 0 1404 4764">
    <p class='ocr_par' dir='ltr' id='par_1_6' title="bbox 0 0 1404 4764">
     <span class='ocr_line' id='line_1_36' title="bbox 0 0 1404 4764; baseline 0 0"><span class='ocrx_word' id='word_1_280' title='bbox 0 0 1404 4764; x_wconf 95' lang='lat' dir='ltr'> </span> 
     </span>
    </p>
   </div>
  </div>
 </body>
</html>
