2798 4764
210 351 273 419 m
543 368 616 415 vrri
639 366 664 413 s.
679 364 816 414 cruror
833 343 911 433 (ts).

212 530 296 587 runt.
323 522 534 604 confluxitque
557 522 598 585 ad
619 541 673 583 eos
693 521 843 584 uniuersa
863 519 1027 585 multitudo
1046 520 1243 604 Ungarorum

212 636 247 698 in
261 634 386 697 ciuitate
404 636 485 696 Pest.
507 634 561 716 qui
574 633 721 696 instinctu
737 633 892 695 diabolico
904 632 1105 706 inflammati,
1126 634 1245 716 suppli·

214 753 365 810 oauerunt
378 753 412 806 ut
425 744 644 825 permitterent
658 744 840 805 uniuersum
857 743 1008 825 populum
1028 745 1090 806 ritu
1105 764 1245 826 pagano-

212 876 283 921 rum
304 856 432 928 uiuere,
453 855 619 936 episcopos
641 861 673 916 ct
693 851 824 915 clericos
839 855 1001 927 occidere,
1024 856 1174 918 ecclesias
1189 856 1245 917 de-

213 976 357 1040 uastare,
378 966 474 1028 fidem
489 965 738 1028 Christianorum
754 966 889 1027 abiicere
906 976 938 1029 et
951 965 1036 1030 idola
1052 967 1167 1029 colere.
1191 968 1246 1049 qui

214 1077 427 1163 permiserunt
452 1096 507 1138 eos
533 1077 707 1138 secundum
734 1077 890 1139 desideria
919 1078 1024 1140 cordis
1049 1097 1177 1154 eorum,
1211 1089 1247 1142 ut

212 1191 296 1254 irent
320 1197 352 1253 et
375 1189 515 1272 perirent
538 1189 570 1250 in
594 1189 875 1252 adinueucionibus
899 1183 1107 1271 antiquorum*
1123 1200 1245 1272 patrum

214 1321 361 1374 suorum,
384 1301 473 1364 aliter
487 1301 572 1362 enim
586 1308 693 1363 contra
707 1321 814 1383 regem
829 1302 956 1363 Petrum
977 1321 1040 1362 non
1055 1304 1246 1383 pugnabant.

215 1413 335 1497 primus
359 1411 443 1475 enim
462 1412 544 1473 inter
558 1421 684 1474 renatos
700 1412 825 1474 nomine
840 1412 945 1474 Bacha
966 1413 1123 1475 dedicauit
1137 1414 1245 1476 demo·

215 1524 288 1597 niis,
308 1524 447 1604 rasitque
471 1531 567 1603 caput
587 1542 678 1584 suum
700 1524 762 1586 ritu
781 1542 992 1604 paganorum,
1013 1523 1121 1606 sicque
1136 1544 1247 1587 omnes

215 1633 361 1698 fecerunt
383 1643 414 1696 et
433 1633 618 1695 demonibus
641 1632 834 1707 libauerunt,
856 1643 888 1695 ct
909 1643 1062 1715 ceperunt
1077 1635 1246 1698 comedere

218 1745 349 1827 equinas
364 1764 489 1818 carnes,
512 1753 543 1806 et
558 1744 662 1806 omnia
676 1745 812 1826 pessima
826 1753 858 1806 et
872 1745 1013 1806 enormia
1027 1763 1127 1826 opere
1140 1744 1246 1808 iacere

218 1865 251 1922 et
265 1876 432 1930 exercere,
453 1856 585 1919 clericos
600 1864 631 1919 ct
645 1876 754 1918 omnes
769 1856 964 1918 Christianos
981 1856 1174 1931 interlicere,
1195 1876 1248 1920 ec·

218 1969 329 2033 clesias
353 1970 530 2041 destruere,
560 1976 592 2030 ct
604 1986 759 2050 precones
774 1966 967 2048 proclamare
989 1968 1125 2029 edictum
1140 1967 1247 2030 Endre

217 2088 249 2144 et
263 2079 442 2154 Leuentbe‚
463 2088 497 2141 ut
511 2080 651 2161 episcopi
668 2099 738 2141 cum
754 2078 877 2142 clericis
891 2088 923 2141 et
937 2077 1100 2141 monacbis
1116 2087 1147 2140 et
1159 2077 1249 2140 Chri·

218 2191 326 2256 sb'anis
340 2190 574 2265 interficiantur,
589 2200 621 2253 et
635 2191 785 2253 memoria
800 2209 910 2252 eorum
926 2197 1035 2270 pereat
1047 2189 1079 2250 in
1095 2197 1247 2261 eternum,

219 2304 348 2368 stritus
370 2311 493 2385 petrum
515 2311 693 2364 nostrorum
714 2311 935 2365 reassumatur.
957 2320 1021 2382 quo
1036 2300 1142 2362 audito
1156 2318 1249 2362 sanc·

217 2425 268 2479 tus
284 2415 482 2489 Gerhardus,
505 2415 681 2489 Beztridus,
703 2415 798 2487 Budi,
820 2415 938 2476 Beneta
953 2420 984 2475 ct
997 2415 1108 2493 Zonug
1128 2430 1248 2485 comes,

219 2527 272 2609 qui
288 2534 503 2587 conuenerant
524 2525 564 2586 ad
579 2526 689 2586 Albam
704 2525 844 2606 regalem
858 2544 929 2586 curn
944 2523 1142 2585 multitudine
1159 2521 1248 2583 Chri-

218 2636 402 2709 stianorum,
431 2637 551 2718 egressi
565 2646 639 2698 suut
653 2637 692 2698 de
708 2636 786 2698 Alba
801 2656 912 2698 uersus
927 2636 1063 2708 Budam,
1092 2642 1126 2696 ut
1140 2634 1246 2695 Endre

219 2755 252 2811 et
264 2747 428 2809 Leuentbe
443 2746 618 2808 honorilice
635 2747 839 2828 susciperent.
869 2766 1004 2829 eumque
1020 2746 1149 2827 predicti
1164 2745 1248 2826 epis-

219 2859 289 2939 copi
309 2856 493 2919 festinanter
515 2858 678 2919 uenissent
699 2859 739 2920 ad
758 2858 861 2920 locum
882 2861 936 2940 qui
957 2858 1072 2920 dicitur
1086 2858 1194 2940 hyon,
1215 2857 1248 2918 in

219 2967 353 3031 ecclesia
368 2976 473 3030 sancte
490 2965 605 3029 Sabine
625 2974 751 3030 sanctus
765 2968 947 3031 Gerhardus
965 2971 1093 3032 missam
1108 2968 1250 3032 celebra·

220 3079 281 3153 uit,
310 3088 341 3143 et
362 3078 593 3142 exhortacionis
614 3079 718 3162 gracia
742 3079 865 3143 deiide
887 3080 1041 3144 catholica
1062 3082 1248 3163 premioque

220 3193 285 3257 uite
305 3200 413 3255 eterne
434 3192 628 3273 solempnem
649 3210 829 3254 sermonem
850 3191 968 3274 populo
988 3192 1145 3255 assistenti
1164 3191 1250 3262 iecit,

219 3301 253 3366 in
276 3302 338 3366 tine
363 3311 467 3366 autem
489 3302 643 3366 sermonis
664 3301 695 3363 in
717 3301 861 3366 lacrimas
885 3323 1096 3386 prorumpens
1120 3303 1167 3364 sic
1189 3302 1247 3364 ait:

220 3413 333 3478 iratres
347 3423 380 3478 et
392 3415 572 3496 coepiscopi
586 3413 661 3486 mei,
683 3423 715 3476 et
729 3433 839 3476 omnes
860 3414 912 3476 alii
931 3413 1042 3477 fideles
1057 3412 1110 3495 qui
1124 3413 1250 3484 adestis,

220 3527 331 3589 scitote
356 3546 414 3588 nos
438 3526 534 3589 bodie
558 3527 598 3589 ad
620 3526 782 3589 dominum
807 3534 950 3590 nostrum
974 3527 1078 3588 lesum
1093 3524 1249 3587 Christum

176 3634 180 3640 ’
221 3653 292 3696 cum
318 3655 436 3698 corona
459 3636 590 3699 martirii
614 3637 647 3698 in
672 3646 782 3699 eterna
801 3635 916 3716 gaudia
937 3642 1157 3716 peruenturus.
1189 3651 1248 3711 ego

221 3743 305 3805 enim
325 3752 434 3806 notum
455 3745 537 3807 lucio
560 3747 648 3809 uobis
670 3748 842 3810 archanum
865 3746 933 3818 dei,
954 3744 1039 3827 quod
1054 3742 1129 3804 mihi
1144 3742 1175 3803 in
1191 3741 1249 3802 hac

219 3862 312 3916 nocte
333 3854 505 3918 reuelatum
528 3864 585 3919 est
612 3858 678 3922 uidi
700 3859 784 3922 enim
806 3855 967 3920 (lominum
988 3862 1129 3917 nostrum
1143 3854 1249 3917 lesum

220 3963 378 4029 Christum
399 3965 433 4026 in
452 3967 572 4048 gremio
587 3969 783 4033 sanctissime
796 3968 903 4032 matris
918 3987 975 4030 sue
989 3966 1119 4048 uirginis
1135 3969 1249 4030 seden-

218 4083 298 4152 tem,
319 4075 474 4160 nobisque
498 4077 539 4140 ad
562 4097 598 4141 se
622 4081 758 4155 uocatis,
787 4080 827 4144 (le
851 4097 1028 4143 munusue
1054 4080 1193 4162 corporis
1219 4087 1251 4142 et

220 4189 380 4280 sanguinis
393 4189 443 4256 sui
457 4189 667 4257 erkanstiam
680 4191 836 4277 porrexit,
856 4191 975 4259 boneta
989 4211 1067 4258 uero
1081 4193 1250 4279 episcopus
