2798 4764
404 353 430 397 s.
442 352 586 397 1111111111
608 353 697 397 neers
720 353 950 398 nccnsruuur.
1131 333 1192 397 3l3

165 509 306 572 similiter
327 517 358 571 et
379 509 466 570 ducis
489 509 635 580 comites,
657 508 711 590 qui
727 527 822 588 super
844 507 921 569 alios
936 527 1028 588 quam
1050 526 1124 569 suos
1145 507 1193 569 iu-

167 620 359 693 dicauerint,
382 621 489 682 cadem
507 620 665 681 sentencia
681 621 885 699 corrigantur.

247 731 294 812 (11)
318 734 361 794 De
377 734 498 811 quolibet
511 735 576 810 [ure
592 733 631 791 ad
646 734 791 792 ecclesium
804 733 941 811 saeuiente.
986 731 1016 792 Si
1032 732 1101 811 quis
1116 731 1196 793 liber

164 846 283 907 iuratus
307 844 415 917 luerit,
439 853 469 905 et
487 843 525 903 ad
542 842 706 904 ecclesiam
727 843 856 924 sugerit,
879 844 966 903 cuius
989 842 1121 903 ecclesie
1145 863 1196 904 re-

164 957 284 1038 fugium
301 955 446 1035 quesiuit.
464 954 545 1015 illius
561 975 672 1016 seruus
688 956 735 1016 sit.
758 955 808 1017 ille
825 963 928 1016 autem
947 955 1033 1015 cuius
1048 953 1196 1016 suasione

170 1068 284 1140 euasit,
306 1075 393 1148 parte
415 1085 471 1128 sua
493 1075 608 1129 careat.
638 1069 662 1127 si
679 1067 832 1147 presbiter
848 1075 956 1146 postea
972 1086 1043 1127 euru
1060 1064 1197 1127 emanci-

167 1180 304 1262 pauerit,
327 1186 357 1240 11
373 1178 440 1259 ipse
456 1178 524 1238 uice
541 1177 681 1239 eiusdem
698 1197 808 1238 seruus
824 1178 863 1238 sit
878 1176 1019 1238 ecclesie.
1052 1176 1103 1237 ille
1119 1194 1197 1236 11111

168 1293 221 1373 qui
245 1291 366 1352 furatus
392 1291 510 1362 suerat,
541 1290 749 1351 uenumdetur
770 1290 801 1349 in
823 1289 914 1349 aliam
940 1291 1085 1370 patriam,
1114 1300 1144 1350 et
1170 1287 1197 1349 si

166 1403 366 1485 postmodum
381 1401 443 1462 huc
459 1420 607 1463 reuersus
623 1400 732 1474 suerit,
755 1400 903 1463 tollantur
918 1401 946 1462 11
963 1401 1053 1462 oculi.

249 1511 295 1593 (5)
316 1515 360 1573 111
375 1533 457 1574 seruo
481 1516 527 1574 uel
548 1515 636 1573 libero
656 1515 688 1573 iu
712 1514 811 1573 eadem
831 1517 915 1594 culpa
935 1516 974 1575 acl
989 1516 1135 1574 ecclesiam
1149 1517 1197 1594 sc·

167 1628 268 1706 aiente.
313 1626 429 1687 Seruus
445 1626 497 1706 qui
513 1625 633 1687 furatus
649 1625 757 1698 luerit,
777 1626 860 1686 etad
877 1625 1043 1688 ecclesiam
1060 1625 1197 1707 lugierit,

170 1739 296 1799 dominu
317 1759 373 1799 suo
396 1738 554 1809 reddatur,
578 1746 609 1799 et
623 1739 711 1799 cuins
727 1737 856 1798 consilio
872 1738 966 1819 fugit,
989 1740 1042 1800 det
1062 1738 1196 1801 ecclesie

170 1851 247 1911 duas
263 1869 386 1930 pensas.
427 1857 457 1910 ct
471 1849 497 1910 si
512 1849 591 1910 liber
606 1849 721 1910 lurtum
738 1849 863 1922 lecerit,
885 1850 941 1911 secl
957 1869 1060 1931 neque
1076 1856 1197 1930 captus,

170 1980 273 2041 neque
297 1961 408 2041 ligatus
431 1960 469 2020 ad
492 1959 656 2021 ecclesiam
681 1960 809 2041 lugu-it,
831 1960 898 2041 ipse
918 1961 1059 2023 similiter
1073 1962 1113 2022 sit
1130 1981 1198 2023 ser-

171 2093 229 2133 uus
252 2071 401 2143 ecclesie,
423 2080 454 2132 et
476 2072 562 2131 cuius
585 2072 731 2144 1111111,
761 2080 847 2152 parte
863 2092 920 2132 sua
935 2091 997 2132 non
1013 2081 1129 2134 careat.
1159 2093 1198 2135 eo

170 2182 264 2243 modu
286 2183 311 2243 si
331 2202 441 2243 seruus
464 2183 503 2243 ad
521 2182 682 2243 ecclesiam
706 2183 837 2263 sugerit,
860 2202 922 2243 una
938 2203 1036 2263 pensa
1052 2183 1199 2245 dominus

171 2296 238 2357 eius
254 2316 324 2356 euru
341 2296 486 2365 redimat,
512 2294 662 2374 cuiusque.
687 2314 737 2355 res
760 2294 878 2356 furatus
898 2294 1014 2366 suerat,
1037 2295 1080 2355 illi
1096 2302 1197 2355 toturn

169 2416 332 2469 restauret.
360 2408 433 2468 itern
455 2407 479 2467 si
496 2427 606 2466 seruus
623 2425 767 2486 magnum
784 2407 875 2486 quid,
898 2415 929 2468 et
944 2414 1061 2468 tantum
1078 2407 1198 2468 furatus

170 2518 274 2591 luerit,
289 2529 436 2600 quantum
454 2518 598 2579 dominus
614 2517 681 2578 eius
698 2524 875 2577 restaurare
891 2537 954 2577 nou
970 2518 1094 2596 poterit,
1108 2516 1199 2578 cuius

170 2639 253 2704 erat,
277 2650 368 2691 unaru
385 2649 513 2710 pensam
531 2627 661 2690 ecclesie
678 2629 746 2701 det,
770 2636 799 2689 et
815 2648 925 2689 seruus
941 2628 979 2690 sit
995 2629 1072 2689 eius.

250 2740 297 2821 (a)
320 2743 363 2802 De
378 2744 496 2802 muliere
511 2743 542 2801 iu
556 2745 635 2820 furto
649 2742 780 2800 inserita.
825 2740 856 2800 Si
870 2760 931 2820 que
949 2740 1060 2802 rnulier
1074 2741 1198 2804 habens

171 2855 313 2916 maritum
338 2854 453 2916 lurtum
477 2854 601 2925 lecerit,
624 2873 735 2914 nasum
751 2853 862 2934 perdat
883 2861 914 2914 et
934 2854 1145 2926 uenundetur,
1168 2859 1200 2917 et

170 2987 238 3027 curu
263 2975 326 3028 tota
348 2965 525 3026 substancia
547 2985 621 3037 sua,
644 2985 714 3025 curn
737 2983 799 3045 qua
822 2971 893 3045 post
913 2964 971 3025 uiri
995 2964 1043 3025 sui
1064 2972 1199 3027 mortem

171 3080 306 3140 maritari
324 3078 373 3139 alii
390 3086 511 3158 posset,
534 3087 651 3157 pereat.
674 3086 704 3138 et
720 3077 746 3137 si
761 3077 857 3137 uidua
871 3077 955 3137 idern
976 3076 1101 3148 1111111,
1123 3078 1199 3139 1111-

171 3211 238 3251 rum
262 3191 373 3270 perdat
389 3190 527 3260 oculum,
550 3197 581 3250 11
596 3189 735 3269 exceptis
751 3189 889 3269 partibus
910 3187 1045 3248 filiorum
1059 3206 1199 3260 suorum,

172 3321 239 3362 cum
258 3310 413 3382 partesue
429 3294 646 3363 annicbiletur.

253 3412 297 3494 (7)
329 3415 371 3474 De
390 3417 487 3494 puella
508 3417 620 3492 furtum
642 3415 776 3491 faciente.
822 3411 855 3471 Si
870 3431 930 3491 que
950 3410 1079 3489 innupta
1096 3407 1201 3491 puella

172 3526 288 3586 lurtum
311 3525 437 3598 lecerit,
460 3525 658 3585 uenundetur
673 3532 704 3585 et
720 3542 879 3603 nunquam
895 3521 934 3582 ad
954 3520 1129 3581 libertatern
1152 3540 1202 3584 re·

172 3638 253 3698 deat.
286 3637 363 3700 etsi
386 3637 456 3718 quis
479 3635 741 3716 emancipauerit‚
771 3634 877 3715 precio
902 3642 1021 3706 careat,
1044 3643 1075 3697 et
1096 3633 1148 3695 illa
1168 3635 1200 3697 iu

171 3750 288 3809 11111111
305 3750 387 3830 regis
404 3750 546 3809 ducatur.

254 3857 299 3940 (8)
322 3861 366 3920 De
378 3862 492 3940 furibus
506 3860 600 3920 decem
613 3862 724 3922 111111
738 3860 939 3921 denariorum.
974 3859 1006 3922 Si
1021 3859 1102 3923 liber
1115 3860 1201 3943 quod

172 3972 281 4033 decern
297 3973 441 4033 denarios
457 3971 560 4034 ualeat
574 3972 695 4034 furatus
710 3972 820 4045 luerit,
842 3991 913 4033 curn
925 3973 1010 4033 omni
1026 3970 1205 4035 substancia

171 4092 289 4165 pereat.
319 4084 343 4145 si
367 4084 467 4146 minus
491 4084 569 4147 alter
584 4084 694 4145 oculus
709 4093 845 4158 eruatur,
867 4093 899 4147 et
913 4085 1086 4146 seeundum
1101 4083 1200 4147 saneti

172 4195 321 4280 Stephani
334 4197 416 4280 regis
428 4196 556 4262 decreta
569 4195 767 4262 diiudicetur.
788 4197 862 4260 item
878 4196 904 4261 si
916 4214 1027 4258 seruus
1039 4213 1094 4255 sex
1106 4194 1204 4255 clena·
