2798 4764
496 342 671 394 uunoucou
691 340 890 390 insonum.
1167 314 1209 387 tu

512 503 672 586 Regnante
692 500 915 585 gloriosissimo
929 499 1016 583 Regu
1029 497 1132 582 Guyua
1152 496 1208 562 de-

513 614 648 679 dicatum
671 621 719 676 est
738 611 962 675 monasterium
983 610 1083 695 cipiuu
1103 611 1136 674 in
1149 609 1210 674 ho·

511 747 588 791 nure
601 727 633 789 S.
642 726 741 790 Murie
752 745 771 790 u
781 722 955 788 ueneruhiii
967 722 1116 807 episcopo
1125 740 1209 787 mur·

513 841 604 927 tyrio.

512 951 678 1036 Geyzurex
686 952 937 1017 theutonicorum
949 959 1062 1014 terram
1071 950 1207 1015 intrauit.

514 1074 545 1131 et
558 1065 751 1151 expugnauit
761 1064 888 1148 herzog.
912 1072 944 1129 et
958 1062 1128 1127 exercitum
1144 1063 1210 1125 eius

515 1179 647 1263 fugauit.

515 1280 623 1376 (iepzu¹
637 1311 693 1355 rex
713 1294 872 1375 appositus
895 1299 942 1355 est
963 1292 1002 1354 ud
1018 1300 1123 1374 patres
1138 1307 1212 1353 suun

516 1411 548 1468 et
566 1401 650 1466 filius
671 1402 739 1466 eius
755 1402 931 1486 Stephanus
940 1412 1070 1466 ‘corona
1084 1401 1213 1485 insigni·

517 1523 578 1579 tur.
594 1514 757 1579 Ladiziuus
768 1523 800 1578 et
808 1513 984 1598 Stephanus
992 1511 1102 1577 fratres
1110 1513 1212 1598 Guyzu

514 1628 597 1711 repis
612 1628 651 1690 de
663 1627 768 1711 precia
782 1636 976 1691 reuertentes
984 1626 1149 1711 Uuparium
1165 1628 1213 1689 in·

515 1749 677 1804 traueuunt
690 1750 722 1805 et
734 1740 910 1825 supradicto
923 1738 1081 1824 Stephano
1097 1758 1213 1804 corona

514 1852 637 1937 priuato
661 1852 823 1918 ladizlaus
858 1855 891 1916 in
920 1873 1029 1937 regem
1059 1852 1211 1930 eluuntur.

516 1964 577 2040 Qui
599 1963 776 2048 Stephanus
797 1967 829 2028 in
851 1986 951 2048 puson
975 1966 1064 2050 sugit.
1087 1966 1211 2030 Mortuo

518 2077 622 2161 itaque
648 2077 792 2141 Lndizlao
821 2077 997 2160 Stephanus
1026 2077 1122 2141 frater
1146 2079 1213 2142 uiui

518 2190 606 2273 regni
628 2189 841 2273 gubernacula
863 2190 1014 2272 suscepit.
1049 2189 1127 2253 Item
1145 2193 1214 2254 Ste-

519 2302 641 2385 phanus
655 2301 736 2366 filius
751 2302 853 2385 Geyzu
868 2302 906 2364 de
921 2321 1022 2383 puson
1038 2302 1145 2364 exiens
1166 2321 1216 2364 ar·

521 2423 603 2477 muta
620 2433 713 2476 mauu
729 2413 920 2495 expugnauit
938 2411 1131 2494 Stephanum
1152 2409 1215 2475 sru-

517 2530 596 2587 trem
610 2522 760 2588 Ludizlui.

515 2636 589 2699 Boiu
604 2636 699 2701 irater
712 2637 779 2700 eius
796 2636 835 2700 de
850 2637 954 2719 grecia
969 2637 1099 2701 eductus
1115 2638 1148 2700 in
1165 2658 1216 2701 re·

518 2770 588 2832 pum
604 2751 758 2814 eieuutnr.

520 2861 604 2927 Obiit
617 2863 840 2946 cumpurdinus
855 2883 973 2929 comes.
995 2864 1117 2928 Eodem
1131 2885 1215 2930 annu

519 2975 812 3059 duxGeyzuexiens
824 2977 1067 3060 ungariumcum
1077 2979 1217 3044 Lauren·

520 3086 568 3149 cio
578 3089 691 3152 comite
707 3097 739 3152 et
752 3087 855 3151 multis
870 3086 937 3151 uliis
947 3088 1074 3153 intrauit
1084 3072 1226 3153 haustui·¹

523 3217 585 3261 um.
601 3199 811 3263 etsororuius
822 3201 928 3282 nupsit
939 3201 971 3263 in
983 3202 1096 3284 grecia.
1117 3210 1218 3267 mater

524 3331 600 3375 uero
615 3312 681 3375 eius
696 3319 821 3376 tenetur
835 3313 958 3395 captiua
972 3313 1003 3374 in
1018 3313 1127 3376 hronz.

522 3423 593 3486 Dux
607 3422 709 3506 Geyza
723 3424 866 3487 truusiuit
880 3424 919 3487 du
939 3423 1079 3489 hunstriu
1097 3424 1129 3486 in
1141 3424 1219 3490 hou·

525 3537 629 3598 mium.
651 3536 734 3599 unde
754 3557 772 3600 u
794 3555 869 3621 rege
890 3535 984 3599 srutre
1000 3556 1059 3599 suu
1072 3538 1219 3605 reduetus

524 3656 572 3713 est
593 3648 624 3711 in
646 3649 819 3733 ungarium.
846 3648 939 3713 Watu
957 3668 1063 3714 comes
1084 3659 1218 3723 cecatur.

528 3759 705 3843 Stephanus
721 3756 913 3824 coloniensis
933 3761 1099 3845 episcopus
1121 3763 1220 3848 depu-

523 3872 619 3936 nitur.
657 3872 778 3936 Eodem
799 3881 943 3956 tempore
963 3882 1063 3938 muter
1083 3873 1167 3960 repis
1186 3875 1221 3938 in

524 3984 650 4049 exilium
664 3985 696 4048 iu
711 3985 848 4070 greciam
862 3986 1001 4051 mittitur.

192 4096 443 4164 MCLXXXXV.
524 4098 705 4163 Desiderius
719 4101 793 4164 anas
808 4098 968 4183 depositus
983 4108 1042 4167 ost.

193 4209 500 4277 uctxxxxvmt.
524 4209 613 4279 nuta
628 4211 775 4283 namon
789 4210 878 4291 obiit.
1066 4210 1071 4219 '
