2798 4764
240 299 310 381 *ibi
400 318 412 349 -·
429 314 574 371 ussum
595 315 621 361 s.
635 313 792 361 sincerar—
807 311 899 371 nnors
918 310 1018 375 noros
1035 288 1102 378 (61,

241 473 274 539 ei
286 472 476 536 bdalbertus
490 470 681 535 boemiensis
701 467 836 533 ecclesie
857 467 999 550 pontifex
1015 467 1056 531 ed
1068 486 1104 530 se
1119 473 1274 533 uenturus

241 594 370 667 propter
385 583 626 646 conuersionem
645 581 745 660 ipsius
766 587 798 643 et
816 577 892 642 fidei
911 597 976 641 non
992 576 1064 642 liele
1078 576 1274 660 proiectum,

243 698 371 762 domim
395 696 456 759 deo
477 695 612 758 hostiurn
633 692 734 756 laudis
753 690 923 754 oblaturus.
952 690 1051 755 oritur
1063 690 1167 755 leticie
1182 690 1274 754 nouis

243 809 356 873 Christi
377 806 525 871 militibus
545 804 765 879 insuar-abilis,
795 803 858 866 dux
887 803 1014 867 obuiam
1034 802 1136 884 tyroni
1158 802 1274 869 Christi

243 942 315 986 cum
328 918 473 984 fidelibus
495 919 673 1000 quibusque
695 915 854 998 procedit,
874 913 1103 978 honorabiliter
1119 915 1274 996 suscepit,

244 1041 276 1095 et
289 1040 323 1094 ut
338 1050 396 1112 per
411 1030 512 1092 nisum
527 1027 662 1090 monitus
682 1036 745 1100 est,
768 1035 899 1107 propter
913 1027 1057 1089 timorem
1079 1033 1111 1090 et
1133 1046 1273 1090 amorem

244 1143 295 1206 dei
310 1141 412 1203 modis
427 1139 570 1202 omnibus
586 1137 772 1201 obediencie
786 1137 885 1200 lilium
900 1138 977 1199 eise
993 1137 1060 1201 lore
1076 1137 1274 1201 demonstra·

243 1256 300 1320 uit.
327 1254 421 1336 igitur
441 1251 570 1315 iubente
591 1250 734 1333 principe
754 1250 790 1312 lit
809 1250 924 1331 ubique
946 1249 1154 1332 congregacio
1171 1249 1273 1332 gentis

240 1365 411 1438 indomite,
433 1369 642 1445 personatum
657 1359 1273 1442 episcopumfinotexbortacionescon·

165 1451 170 1457 ι
242 1476 342 1550 tinus,
364 1481 591 1538 conuertuntur
604 1481 635 1534 ct
649 1472 843 1553 baptizantur
858 1470 976 1535 alumni
990 1472 1107 1553 patrie,
1128 1480 1272 1547 statuun-

179 1561 192 1583 ‘
242 1595 293 1650 tur
313 1583 417 1648 multis
436 1585 469 1646 in
491 1584 568 1646 locis
591 1582 735 1646 ecclesie.
762 1583 816 1646 lux
829 1583 946 1665 quippe
960 1604 1024 1665 que
1037 1583 1191 1649 illuminet
1204 1603 1273 1649 om·

242 1716 317 1761 nem
331 1695 508 1768 hominem,
529 1695 668 1757 tenebris
689 1695 826 1776 expulsis
848 1697 931 1777 cepit
950 1696 983 1759 in
997 1696 1135 1778 Ungaria
1155 1697 1273 1769 enites

243 1827 334 1882 cere,
356 1817 389 1871 et
408 1807 537 1887 impleta
557 1814 631 1870 sunt
651 1807 751 1870 uerba
764 1807 935 1889 prophecie
955 1808 1104 1873 dicentis:
1125 1810 1273 1891 gencium

243 1920 377 2002 populus
399 1920 453 2002 qui
474 1919 653 1982 ambulabat
672 1918 705 1981 in
729 1920 867 1987 tenebris
890 1920 969 1983 uidit
990 1920 1093 1984 lucem
1114 1941 1271 2004 magnam.

241 2032 297 2097 lux
310 2030 390 2100 lucis
402 2031 567 2096 inuisibilis
582 2031 724 2095 Christus
744 2039 808 2104 est,
838 2052 933 2114 quem
948 2041 1022 2096 tunc
1036 2042 1146 2115 gentes
1161 2034 1272 2100 uidere

241 2150 442 2216 mernerunt,
463 2143 590 2224 quarmo
604 2142 747 2207 reuocati
763 2142 803 2206 de
817 2142 955 2207 tenebris
974 2143 1078 2225 ipsum
1098 2164 1209 2213 uerum
1224 2144 1271 2210 ln-

243 2275 334 2329 men,
354 2255 449 2319 deum
463 2263 495 2319 et
508 2254 668 2319 hominem
687 2273 800 2320 uerum
823 2274 893 2319 esse
915 2254 1048 2336 perfecti
1062 2257 1272 2327 crediderunt.

328 2476 373 2560 (5)
388 2480 533 2544 Nascitur
544 2479 664 2543 interes
680 2478 838 2560 predictus
853 2477 1009 2543 adomino
1019 2480 1167 2563 principis
1180 2480 1273 2555 filiu,

243 2610 338 2672 quem
358 2591 529 2653 secundum
551 2590 737 2672 prophetam
753 2598 922 2672 antequam
936 2590 969 2654 in
984 2601 1074 2654 utero
1089 2593 1273 2674 concipere·

243 2710 295 2764 tur
313 2702 458 2765 dominus
479 2703 578 2765 nouit,
606 2702 691 2766 hunc
712 2702 772 2766 deo
794 2703 927 2766 dilectus
941 2703 1127 2767 Adalbertus
1150 2705 1273 2786 episco-

243 2833 302 2894 pus
315 2811 452 2876 crismati
465 2813 653 2894 baptismate
673 2813 848 2877 secundum
869 2813 1063 2878 credulitatis
1085 2833 1142 2877 sue
1156 2815 1272 2880 uerita-

243 2932 306 2987 tem
320 2922 459 2996 intinxit,
482 2931 514 2986 et
528 2933 692 3005 susceptor
707 2924 775 2987 eius
790 2924 858 2987 fuit.
888 2945 1005 2989 nomen
1019 2926 1078 2991 sibi
1093 2925 1272 3007 impositum

242 3042 294 3098 est
306 3032 499 3114 Stephanus,
520 3035 607 3115 quod
623 3034 759 3101 alienum
774 3055 792 3100 n
806 3035 936 3102 consilio
956 3037 1009 3100 dei
1028 3057 1093 3102 non
1106 3039 1274 3106 oredimus·

243 3146 421 3228 Stephanus
445 3147 565 3228 quippe
589 3166 700 3229 grece,
732 3157 901 3214 coronatus
920 3159 1011 3213 sonat
1031 3149 1137 3215 latine.
1168 3153 1271 3234 ipsum

242 3257 361 3340 quippe
375 3257 408 3320 in
420 3256 483 3321 hoc
496 3257 605 3321 seculo
618 3260 697 3323 deus
714 3261 817 3327 uoluit
829 3261 869 3325 ad
883 3262 973 3344 regni
988 3263 1173 3344 potenciam,
1194 3273 1227 3328 et
1239 3264 1272 3328 in

243 3369 348 3432 iuturo
370 3389 486 3431 corona
511 3369 710 3432 beatitudinis
734 3392 862 3454 semper
883 3373 1093 3453 permanentis
1114 3373 1271 3443 redimere

244 3477 385 3542 decreuit
413 3479 453 3542 ad
476 3481 712 3562 percipiendum
742 3484 806 3546 uite
835 3484 917 3566 iugis
944 3461 1177 3547 indeficientem
1205 3484 1272 3568 qlo-

238 3588 332 3651 rinm.
362 3592 463 3661 creuit
482 3593 585 3656 iniens
604 3595 702 3677 regali
722 3596 857 3659 nutritus
880 3597 1032 3671 educatu,
1054 3598 1108 3679 qni
1130 3605 1272 3660 uansua-

243 3700 317 3763 data
343 3703 502 3784 puericia,
536 3715 704 3788 postquam
730 3706 867 3788 primum
894 3706 1114 3773 adolescencie
1139 3710 1272 3791 gradum

242 3814 450 3889 transcendit,
480 3819 663 3882 conuocatis
687 3824 779 3901 pater
799 3837 874 3881 suus
892 3816 1053 3899 llungnrie
1077 3820 1274 3901 primatibus,

243 3943 317 3989 cum
340 3928 451 3992 ordine
477 3930 625 4012 sequenti
651 3948 710 4010 per
733 3929 908 3994 communis
932 3928 1099 3993 consilium
1123 3930 1275 4018 colloquii

241 4034 341 4101 filium
354 4037 549 4121 Stephanum
569 4056 662 4105 suurn
684 4047 755 4120 post
767 4061 804 4107 se
817 4047 1021 4123 regnaturum
1035 4040 1152 4125 populo
1167 4045 1273 4129 prele-

241 4148 298 4226 rit,
314 4149 401 4223 cisti
413 4148 759 4223 boccorrobsrnntnn
777 4170 800 4217 a
818 4149 950 4234 appulis
963 4162 1193 4223 sacramentum
1216 4176 1271 4223 ex·
