2798 4764
220 341 281 408 36t
439 364 561 411 scurror
581 365 749 412 onerarem
771 366 946 413 commum
970 364 1071 412 neore.

303 520 382 596 (28)
404 521 436 582 Si
451 521 619 603 pristaldus
639 521 750 583 iudicis
768 541 827 604 pro
843 542 938 584 causa
953 522 1119 585 diiudicata
1140 523 1179 585 ab
1194 523 1252 585 ali·

222 651 285 715 quo
306 632 533 707 uerberabitur,
555 635 595 697 ad
615 634 698 695 huuc
719 657 736 697 a
757 633 870 695 comite
893 634 1027 696 ciuitatis
1048 633 1198 708 mittatur,
1220 643 1252 698 ct

222 746 374 828 quidquid
389 746 595 808 deliberatum
611 757 657 809 est
671 755 768 810 totum
784 748 964 809 aufferatur.

303 857 385 932 (29)
408 858 521 919 indicis
542 857 709 939 pristaldos
729 859 807 921 tales
829 878 897 920 esse
920 858 1120 940 precipimus,
1142 859 1251 941 quales

221 966 354 1030 idoneos
371 977 466 1031 testes
481 969 550 1030 sreri
566 970 758 1031 iusseraruus
774 990 878 1051 supra.

304 1083 384 1156 (30)
406 1081 437 1142 Si
463 1080 633 1163 pristaldus
658 1083 768 1144 iudicis
796 1083 827 1143 in
855 1082 1016 1163 legacione
1046 1083 1112 1145 eius
1138 1083 1251 1145 iniuste

223 1193 299 1278 quid
315 1195 430 1275 egerit,
453 1195 640 1276 dampnetur
653 1215 725 1256 curn
740 1196 843 1258 iudice
859 1214 897 1257 ex
913 1196 1021 1276 iniquo
1037 1197 1196 1257 mandato.

305 1307 382 1381 (31)
403 1306 557 1368 Damnum
581 1328 599 1369 a
620 1309 723 1370 iudice
746 1328 802 1389 per
820 1307 1003 1390 pristaldum
1026 1307 1116 1368 alicui
1138 1308 1251 1369 iniuste

222 1416 359 1491 illatum,
382 1420 531 1482 derebus
549 1419 661 1481 iudicis
676 1421 867 1482 restituatur.

305 1531 382 1604 (32)
404 1531 435 1591 Si
450 1530 520 1613 quis
542 1539 657 1593 terram
680 1531 806 1593 alterius
822 1532 861 1593 ad
876 1531 1103 1612 possidendum
1123 1531 1182 1593 sibi
1204 1532 1252 1593 iu·

222 1639 303 1703 iuste
318 1645 535 1723 usurpaverit,
558 1664 628 1704 cum
651 1644 682 1704 in
704 1643 820 1704 iudicio
842 1664 914 1707 reus
938 1643 1048 1716 luerit,
1068 1645 1251 1706 tantundem

224 1753 263 1814 dc
279 1754 405 1834 propria
421 1761 504 1816 terra
519 1755 646 1835 perdat,
669 1755 798 1836 iusuper
814 1756 924 1816 decem
947 1774 1060 1834 pensas
1084 1754 1252 1836 persoluat.

306 1865 382 1940 (33)
404 1867 605 1939 Mercatores,
627 1867 666 1928 ob
684 1866 716 1927 id
738 1867 838 1928 solum
865 1875 898 1929 ut
918 1867 1072 1929 ditescant
1094 1868 1252 1929 uenalium

222 1996 327 2040 rerum
350 1978 445 2040 dediti
460 1978 589 2052 'studiis
612 1979 742 2059 pristina
765 1978 925 2060 duplicent
947 1978 1071 2041 tributa.
1098 2000 1252 2062 pauperes

222 2108 301 2151 uero
315 2090 368 2172 qui
384 2090 423 2152 de
440 2099 578 2154 mercato
595 2091 722 2164 uiuunt,
744 2090 901 2172 persoluta
923 2092 1039 2152 tributa
1061 2092 1254 2172 per-saluam.

306 2204 388 2279 (Sl)
410 2205 441 2266 Si
458 2204 527 2287 quis
549 2205 588 2266 de
608 2205 745 2285 propriis
768 2212 799 2265 et
815 2203 994 2265 domesticis
1014 2204 1107 2265 rebus
1123 2204 1197 2286 quid
1220 2205 1253 2265 in

223 2315 294 2379 loro
309 2317 504 2389 uendiderit,
526 2316 596 2398 lege
613 2317 711 2378 sancti
727 2315 876 2396 Stephani
893 2315 1040 2376 tributum
1055 2316 1176 2377 reddat.

306 2430 386 2503 (35)
408 2429 439 2490 Si
461 2429 530 2512 quis
552 2428 712 2509 hospitum
735 2427 841 2489 accola
857 2435 970 2488 terram
993 2426 1109 2488 ciuium
1124 2428 1253 2488 cohabi-

224 2546 282 2613 tat,
305 2548 359 2601 aut
378 2541 464 2604 iuxta
487 2541 685 2603 medietatem
708 2540 887 2602 substancie
911 2538 1048 2601 ciuilium
1072 2540 1251 2621 expedicio-

223 2671 296 2713 ncm
311 2652 419 2726 saciat,
443 2662 495 2715 aut
510 2662 581 2715 octo
597 2653 744 2715 denarios
758 2653 870 2714 soluat.

308 2764 388 2839 (36)
410 2764 545 2837 Quando
567 2785 622 2827 rex
645 2765 695 2827 uel
720 2767 781 2826 dux
804 2764 1031 2827 incomitatum
1055 2764 1189 2846 aliquem
1205 2765 1252 2825 iu-

224 2873 370 2946 trauerit,
391 2884 464 2937 tunc
483 2875 593 2957 legalis
617 2896 717 2957 equus
739 2875 936 2939 exercitualis
960 2884 1127 2957 prestetur.
1157 2876 1251 2958 quisi

225 3006 288 3069 quo
305 3005 379 3048 casu
394 2996 536 3049 mortuus
551 2988 654 3060 suerit,
672 2989 729 3049 XV
741 3008 839 3070 pense
855 2991 981 3050 domino
997 2990 1070 3070 equi
1086 2990 1250 3051 donentur.

224 3098 251 3160 si
265 3119 343 3161 uero
359 3099 569 3181 aliquomodo,
584 3101 718 3162 sednon
735 3102 886 3182 usquead
902 3109 1032 3162 mortem
1047 3099 1130 3163 lesus
1146 3100 1251 3173 fuerit,

225 3213 354 3294 predicti
369 3214 466 3294 precii
483 3232 553 3295 pars
571 3213 698 3274 dimidia
713 3235 770 3294 pro
787 3233 868 3295 equo
884 3214 1045 3275 reddatur.

307 3326 339 3387 Si
355 3344 466 3407 magna
482 3325 562 3386 sarna
578 3326 609 3386 in
624 3325 795 3387 marchiam
810 3324 982 3397 intrauerit,
998 3344 1104 3386 comes
1120 3324 1250 3385 nuncios

225 3437 314 3511 duos,
337 3439 427 3520 equis
442 3437 683 3500 exercitualibus
698 3447 835 3518 quatuor
850 3438 888 3497 ad
912 3456 1019 3518 regem
1043 3437 1164 3518 dirigat.
1197 3435 1250 3517 qui

226 3568 294 3611 cum
318 3551 445 3629 proprio
467 3550 536 3611 cibo
559 3550 631 3610 illuc
653 3548 893 3630 peruenientes,
922 3547 1062 3628 precium
1079 3547 1181 3609 uiatici
1205 3546 1253 3606 sui

225 3679 242 3721 a
257 3658 397 3721 Palatino
413 3661 525 3722 comite
542 3660 678 3740 exigant,
700 3668 731 3721 et
749 3659 931 3720 tantundem
946 3659 986 3719 ad
1001 3657 1136 3719 reditum
1151 3677 1253 3718 suum.

224 3771 250 3833 si
267 3791 344 3832 uero
359 3772 432 3853 equi
448 3771 570 3833 illorum
588 3773 701 3834 mortui
718 3771 768 3832 uel
784 3770 840 3832 lesi
857 3770 981 3844 luerint,
1007 3780 1051 3832 tot
1065 3786 1161 3851 pense
1177 3776 1254 3848 quot

224 3883 474 3963 supradiximus
496 3903 553 3965 pro
576 3887 666 3967 equis
688 3884 869 3947 reddantur.
890 3884 947 3945 sed
968 3882 995 3944 si
1015 3883 1082 3945 saui
1106 3881 1255 3955 redeant,

224 4011 282 4074 pro
298 4011 361 4055 una
374 3995 428 4055 uia
443 3994 626 4058 exercituali
643 3996 820 4077 deputetur.

307 4105 388 4180 (37)
410 4106 443 4167 ln
465 4125 694 4188 quamcumque
715 4103 848 4169 ciuitatis
871 4125 996 4187 megam
1018 4126 1075 4169 rex
1099 4105 1256 4189 digredia-

223 4225 285 4294 tur,
305 4216 349 4280 ibi
362 4217 485 4284 iudices
499 4217 579 4283 duos
593 4219 733 4302 megales
747 4238 820 4284 cum
834 4237 874 4284 co
889 4218 1081 4302 aenigmat,
1103 4218 1158 4302 qui
1179 4237 1257 4282 con-
