2798 4764
449 313 475 358 s.
490 314 633 359 canrsnar
653 314 743 360 nnsis
765 316 929 361 permutor
950 319 972 362 r.
1153 303 1213 366 329

267 464 332 548 (16)
355 467 398 527 De
411 469 588 547 aeptipenciu
604 469 747 529 dominice
761 470 829 530 diei.
873 470 905 530 Si
921 471 990 552 quis
1004 471 1036 532 in
1050 471 1213 534 dominicis

184 579 295 643 diebus
313 587 485 641 mercatum
501 579 712 654 constituerit,
734 579 866 660 precipit
881 590 987 643 sancta
1002 583 1157 664 synodus,
1178 591 1213 646 ut

183 691 263 754 sicut
285 690 471 763 construxit,
493 690 537 751 ita
552 691 702 752 destruat.
734 692 916 764 sinautem,
938 692 1012 773 quia
1026 713 1099 756 reus
1115 694 1212 770 nouit,

183 802 408 885 quinquaginta
435 803 573 885 quinque
607 822 720 883 pensas
751 801 853 865 soluat
885 803 1007 864 clericis
1039 803 1213 867 aduenien-

183 915 275 978 tibus.

266 1024 332 1106 (Π)
355 1027 398 1086 De
418 1027 586 1107 hospitibus.
638 1027 668 1087 Si
692 1027 761 1108 quis
783 1027 900 1109 hospes
920 1025 1051 1090 clericus
1078 1027 1110 1089 in
1130 1027 1211 1091 hanc

184 1139 315 1220 patriam
338 1139 405 1200 sine
428 1138 694 1200 commendaticiis
717 1138 826 1200 litteris
846 1138 987 1220 episcopi
1009 1138 1057 1201 sui
1072 1139 1211 1211 uenerit,

183 1270 222 1312 ne
244 1250 324 1312 sorte
344 1250 515 1310 monachus
535 1260 588 1311 aut
607 1249 763 1310 homicida
783 1249 891 1324 suerit,
912 1251 1028 1313 iudicio
1050 1251 1108 1312 sub
1123 1250 1211 1312 testi-

183 1362 289 1423 monio
305 1362 502 1422 discuciatur.

265 1472 333 1554 (18)
355 1474 399 1534 Dc
413 1475 580 1534 coierencio
601 1474 781 1533 clericorum.
826 1471 858 1533 Si
874 1472 944 1555 quis
960 1473 1093 1538 clericus
1108 1474 1139 1535 iu
1154 1493 1211 1556 pa·

183 1585 272 1648 triam
292 1606 381 1647 suam
404 1585 550 1657 ueniens,
573 1584 665 1645 alicui
680 1584 901 1665 episcoporum
924 1584 976 1645 uei
992 1585 1139 1646 comitum
1155 1585 1211 1648 ad·

182 1697 312 1771 heserit,
328 1706 359 1759 et
374 1717 445 1759 eum
461 1698 606 1757 domiuus
621 1717 695 1758 suus
710 1697 792 1759 bene
807 1696 968 1770 habuerit,
989 1705 1020 1758 et
1037 1698 1209 1760 secundum

182 1808 267 1890 quod
283 1828 353 1870 curn
370 1829 409 1869 eo
425 1810 582 1881 conuenit,
604 1810 791 1883 tractauerit,
812 1808 838 1870 si
854 1810 1016 1871 discedere
1032 1809 1071 1871 ab
1085 1809 1138 1872 iilo
1153 1831 1210 1872 uo·

181 1919 288 1993 luerit,
311 1940 509 2002 nequaquam
526 1921 684 1995 discedat,
707 1921 808 1983 donec
824 1921 910 2003 prius
925 1923 965 1985 de
979 1921 1133 1985 iniusticia
1150 1923 1210 1985 sibi

180 2030 264 2092 illata
279 2031 310 2091 in
327 2031 492 2093 audiencia
506 2033 590 2114 regis
605 2032 839 2095 declamauerit.

262 2143 330 2225 (19)
353 2146 395 2205 Dc
408 2148 554 2226 sprecioae
565 2148 757 2227 propriorum
771 2150 967 2209 ecclesiarum.
1010 2147 1043 2208 Si
1058 2147 1206 2212 derelicta

182 2257 314 2321 ecclesia
328 2258 367 2318 ad
383 2258 457 2319 alias
473 2260 683 2332 transiuerint,
700 2259 870 2340 pontificali
885 2260 952 2322 iure
965 2268 996 2322 et
1010 2261 1108 2341 regali
1121 2281 1210 2322 man·

182 2371 265 2444 dato,
286 2371 369 2433 unde
385 2372 574 2433 transierunt
588 2372 629 2432 ibi
646 2373 750 2434 redire
765 2380 927 2454 cogantur.

264 2481 329 2563 (20)
352 2484 395 2543 De
410 2485 528 2543 anatim
546 2486 578 2544 in
600 2485 744 2544 adulterio
766 2485 954 2565 deprehenso.
999 2485 1030 2547 Si
1046 2483 1116 2565 quis
1130 2505 1210 2548 uxo-

182 2615 247 2656 rem
266 2615 354 2656 suam
370 2595 400 2655 in
417 2594 571 2656 adulterio
588 2595 848 2675 deprehenderit,
871 2605 902 2659 et
920 2596 952 2657 in
975 2597 1125 2659 iudicium
1147 2606 1210 2662 sta·

182 2708 291 2780 tuerit,
312 2707 485 2770 secundnm
500 2726 657 2768 canonum
672 2707 811 2769 instituta
831 2708 1008 2789 penitencia
1022 2709 1210 2790 imponatur,

183 2827 213 2882 et
228 2827 354 2900 peracta
369 2819 564 2899 penitencia,
586 2820 610 2880 si
628 2819 757 2881 maritus
772 2817 923 2894 uoluerit,
944 2820 1057 2883 iterum
1070 2822 1211 2904 recipiat,

182 2932 229 2994 sin
249 2940 372 3005 autem,
394 2932 543 3012 quamdiu
564 2932 656 2993 ambo
680 2933 831 3005 uixerint,
853 2932 977 3014 innupti
997 2943 1211 3015 permaneant.

264 3040 329 3122 (21)
354 3044 396 3103 De
414 3046 626 3124 provocacione
646 3046 783 3105 obtutum
804 3063 874 3123 erpo
890 3048 1029 3125 proprios
1052 3048 1209 3127 episcopos.

181 3154 319 3218 Abbates
334 3155 506 3216 secundum
523 3155 650 3216 decreta
666 3164 787 3234 patrum
801 3155 833 3215 in
849 3155 1074 3235 procuracione
1089 3157 1211 3237 episco-

184 3283 295 3346 porum
317 3286 462 3338 suorum,
485 3265 517 3326 in
532 3265 619 3327 cuius
635 3266 790 3328 territorio
806 3275 894 3338 sunt,
915 3265 1074 3328 humiliter
1087 3285 1212 3347 perma-

183 3387 287 3439 neant
316 3386 346 3440 et
369 3398 431 3438 non
454 3377 550 3439 semel
571 3378 602 3437 in
626 3396 708 3438 anno
730 3376 786 3439 sed
806 3397 881 3458 sepe
897 3378 1085 3439 monasteria
1101 3397 1211 3439 eorum

184 3490 322 3571 episcopi
347 3489 487 3561 uisitent,
509 3498 541 3550 et
562 3487 748 3570 regulariter
763 3489 859 3549 uitam
882 3497 912 3550 et
933 3488 1211 3553 conuersacionem

182 3601 313 3664 fratrum
329 3602 508 3664 discuciant.
542 3600 687 3662 conuersi
703 3620 779 3663 uero
794 3601 939 3663 monachi
955 3601 1004 3664 cui
1020 3602 1210 3666 monasterio

182 3714 409 3777 monachorum
433 3714 607 3788 notuerint,
629 3734 662 3776 se
678 3734 749 3776 cum
771 3714 866 3777 rebus
888 3713 952 3776 suis
975 3717 1211 3791 commendent,

182 3825 324 3888 similiter
339 3834 371 3889 et
385 3826 538 3890 monache
553 3825 585 3887 in
600 3824 791 3888 monasterio
805 3825 1041 3889 monacharum.
1063 3826 1211 3910 deinceps

183 3946 286 4000 autem
302 3938 413 4020 aliquis
429 3936 596 4020 episcopus
612 3945 665 3999 aut
680 3937 775 3999 abbas
789 3938 856 4001 sine
872 3938 960 4002 titulo
976 3939 1052 4003 certi
1066 3937 1126 4001 loci
1146 3957 1214 4001 mo·

182 4053 318 4114 nochum
333 4060 386 4113 aut
402 4051 586 4116 monacham
601 4070 665 4113 nou
680 4050 796 4115 audeat
810 4052 966 4114 ordinare.

923 4164 964 4230 22
