2798 4764
186 340 226 409 lb
401 357 540 405 auom
561 356 659 402 serra
679 354 891 401 momorum
920 331 998 420 (ill.

184 520 319 585 urtam,
340 529 403 593 quc
417 518 467 575 est
479 510 561 573 inter
576 507 733 571 Tbisciam
747 513 779 570 et
792 506 938 590 Bndrug,
958 524 1062 589 usque
1076 504 1117 570 ad
1129 505 1213 591 Upo-

183 643 267 697 sam,
288 623 347 685 sibi
362 643 433 687 cum
449 621 594 684 omuibus
607 619 834 684 habitatoribus
848 618 913 682 suis
928 618 1166 700 preoccupans,
1181 624 1215 684 el
1275 640 1278 645 ’

184 742 322 799 castrum
335 734 454 796 Borsoa
468 732 601 806 obsedit,
621 739 654 795 et
667 730 765 795 tercio
781 730 832 793 dic
846 731 1018 812 pugnando
1033 729 1214 812 apprehen·

184 847 246 919 dit,
267 864 375 909 muros
388 844 457 907 eius
471 845 641 917 destruxit,
663 851 695 906 ct
708 841 822 905 milites
836 840 943 904 Salani
957 841 1057 916 ducis,
1074 861 1155 924 quos
1168 842 1213 905 ibi

182 956 321 1029 inuenit,
343 956 461 1018 catenis
475 955 588 1037 ligatos
602 955 633 1016 in
648 964 785 1017 castrum
800 953 894 1035 Hung
913 952 986 1015 duci
1001 953 1161 1034 precepit,
1181 960 1214 1017 el

183 1067 258 1130 dum
279 1066 323 1128 ibi
341 1085 399 1147 per
421 1065 527 1147 piures
549 1065 616 1127 dies
638 1064 853 1148 habitassent,
874 1062 939 1125 dux
959 1071 990 1125 et
1003 1061 1052 1123 sui
1066 1062 1213 1126 uidentes

181 1177 375 1242 fertilitatem
392 1186 493 1248 terre,
516 1183 547 1238 et
567 1175 794 1238 abundonciam
810 1173 949 1235 omnium
969 1172 1160 1248 bestiarum,
1180 1182 1214 1238 ot

183 1290 306 1372 copiam
326 1287 460 1371 piscium
481 1287 520 1350 de
535 1286 714 1350 fluminibus
730 1286 854 1348 Thiscie
877 1293 908 1348 et
929 1284 1074 1370 Budrup,
1095 1293 1213 1349 terram

182 1401 265 1464 ultra
286 1419 381 1482 quam
398 1399 461 1462 dici
480 1407 585 1480 potest
608 1399 671 1461 dux
685 1397 792 1479 Arpad
813 1405 846 1459 et
858 1396 907 1457 sui
923 1393 1109 1459 dilexerunt.
1144 1405 1213 1460 tan·

182 1512 255 1575 dem
268 1529 363 1583 uero,
385 1511 459 1572 dum
477 1510 537 1572 hee
551 1510 656 1572 omnia
672 1528 734 1590 que
749 1514 819 1569 aeta
834 1508 979 1580 lucrant,
1000 1506 1065 1569 dux
1078 1506 1213 1572 saurus

181 1621 280 1685 asuis
293 1619 369 1702 fuga
382 1619 478 1700 lapsis
492 1620 674 1691 audiuisset,
688 1636 816 1680 manum
830 1617 937 1680 leuare
952 1636 1046 1681 ausus
1061 1636 1125 1680 non
1140 1618 1209 1693 luit

182 1731 240 1795 sed
255 1730 357 1792 missis
370 1728 491 1812 legatis,
513 1748 601 1791 more
615 1728 795 1810 bulgarico,
816 1735 850 1789 ut
865 1746 933 1790 mos
948 1737 997 1790 cst
1011 1747 1139 1803 eorum,
1152 1729 1212 1792 mi·

182 1842 250 1904 nari
280 1841 380 1922 cepit,
409 1848 440 1903 et
461 1839 633 1921 Arpadium
666 1838 779 1901 ducem
805 1838 984 1920 Hungarie,
1014 1840 1105 1922 quasi
1129 1838 1212 1903 deri·

183 1954 288 2017 dendo
303 1950 463 2025 salutauit,
486 1958 517 2013 et
531 1970 606 2014 suos
620 1969 678 2032 pro
692 1951 758 2012 risu
773 1949 962 2032 Hunguaros
978 1950 1158 2033 appellauit,
1180 1959 1213 2015 et

182 2064 288 2127 multis
308 2063 410 2126 modis
432 2063 537 2125 mirari
560 2064 661 2145 cepit,
682 2062 857 2144 quiessent
877 2071 910 2126 et
930 2062 1014 2125 uode
1035 2064 1211 2141 uenissent,

182 2177 237 2260 qui
250 2175 324 2239 talia
338 2175 445 2237 lacere
458 2174 526 2237 ausi
539 2173 689 2248 fuissent,
703 2182 735 2237 et
750 2173 910 2236 mandauit
924 2174 969 2236 eis
984 2182 1018 2237 ut
1031 2175 1115 2239 mala
1127 2175 1212 2241 lacta

180 2307 238 2351 sua
259 2271 481 2360 emendarent,
502 2295 535 2348 et
556 2286 686 2348 tluuium
706 2284 833 2368 Budrug
854 2284 940 2347 nullo
961 2286 1056 2348 modo
1077 2286 1211 2352 camus

179 2400 351 2474 auderent,
373 2406 407 2463 ut
424 2419 465 2462 ue
484 2398 553 2480 ipse
568 2399 701 2462 ueniens
720 2417 793 2460 cum
813 2396 969 2461 adiutorio
985 2397 1158 2463 Grecorom
1179 2407 1212 2464 et

179 2510 404 2592 Bulgarorum,
424 2509 465 2572 de
479 2507 563 2571 malo
577 2508 661 2571 laeto
677 2527 787 2571 eorum
805 2509 852 2572 eis
866 2509 969 2571 uicem
988 2510 1135 2584 reddens,
1156 2510 1212 2573 uix

179 2618 316 2701 aliquem
331 2620 517 2692 dimitteret,
532 2620 584 2700 qui
600 2620 640 2681 ad
656 2620 785 2701 propria
798 2639 953 2692 remeans,
972 2619 1082 2682 salutis
1095 2621 1211 2702 gaudia

178 2728 353 2791 nunciaret,
383 2727 469 2789 missi
492 2746 569 2790 uero
587 2727 692 2789 Saloni
711 2729 801 2789 ducis
824 2729 987 2791 uenientes
1011 2729 1052 2792 ad
1071 2738 1209 2795 castrum

178 2836 316 2910 Zemliu,
337 2845 369 2900 et
387 2837 517 2900 transito
532 2835 628 2899 lluuio
642 2836 787 2918 budrug,
808 2838 949 2900 secunda
969 2837 1021 2901 die
1038 2838 1209 2904 adducens

176 2948 348 3032 Arpadiom
361 2956 586 3030 peruenerunt,
608 2948 707 3010 tercio
721 2954 827 3010 autem
843 2948 894 3011 die
909 2948 1023 3014 ducem
1034 2951 1208 3033 Arpadiuor

178 3059 277 3122 uerbo
299 3058 419 3122 domini
440 3059 489 3123 sui
510 3058 743 3134 salutaucrunt,
763 3067 796 3123 et
814 3061 962 3124 mandata
978 3063 1047 3127 cius
1062 3063 1134 3127 duci
1148 3064 1208 3127 Ar·

177 3172 272 3255 padio
286 3170 470 3234 retulerunt.
492 3171 555 3235 dux
569 3180 675 3235 autem
685 3171 791 3254 Arpad
807 3172 913 3236 audita
926 3172 1090 3257 legacione
1102 3176 1206 3241 Saloni
1325 3177 1329 3181 ’

177 3283 306 3368 superbi
332 3283 435 3357 ducis,
465 3302 531 3346 uon
553 3284 690 3365 superbe
714 3284 772 3348 sed
793 3285 953 3349 humiliter
977 3287 1008 3349 ei
1027 3288 1208 3369 respondit,

179 3397 307 3459 dicens:
328 3395 402 3460 licet
422 3415 560 3478 proauus
580 3415 668 3459 meus
690 3397 924 3480 potentissimos
945 3417 1005 3461 rex
1019 3398 1126 3463 Attrlla
1150 3399 1206 3464 ba-

178 3507 283 3569 buerit
296 3515 411 3571 terram
418 3553 428 3583 ,
443 3529 505 3591 que
520 3509 602 3572 iacet
614 3509 696 3573 inter
706 3511 884 3574 Danubium
899 3518 931 3575 et
944 3511 1026 3576 inter
1038 3513 1208 3586 Thisciam,

179 3635 280 3698 usque
299 3619 340 3679 ad
361 3618 532 3682 confinium
546 3620 773 3702 bulgarorum,
794 3642 889 3704 quam
907 3623 976 3705 ipae
993 3623 1107 3697 babet,
1128 3632 1208 3686 atta·

177 3746 252 3790 meu
266 3746 327 3809 ego
345 3746 409 3788 non
424 3737 552 3810 propter
565 3729 702 3812 aliquem
716 3733 862 3794 timorem
877 3732 1051 3796 Grecorum
1065 3733 1119 3796 uel
1135 3733 1209 3797 Bul·

179 3856 343 3919 parorum,
357 3838 443 3920 quod
457 3839 503 3902 eis
518 3839 666 3904 resistere
678 3860 743 3904 uon
758 3839 898 3915 ualeam,
916 3841 973 3904 sed
986 3849 1118 3925 propter
1130 3843 1209 3906 ami·

177 3947 288 4011 eiciam
302 3949 407 4013 Salaoi
420 3949 509 4013 ducis
524 3950 636 4023 uestri,
649 3960 724 4033 peto
739 3952 779 4016 de
791 3963 865 4015 mea
878 3949 1002 4015 iusticia
1023 3970 1118 4015 uuam
1133 3970 1208 4036 par·

176 4058 306 4129 ticulam
319 4068 451 4144 propter
463 4080 581 4145 pecora
595 4080 683 4137 mea,
704 4062 825 4129 scilicet
838 4070 954 4129 terram
966 4082 1069 4149 usque
1093 4065 1134 4128 ad
1148 4066 1208 4130 ttu-

177 4151 265 4247 υἱώ
277 4172 415 4265 Sounoua
437 4181 471 4245 et
480 4174 612 4264 insuper
624 4181 699 4262 peto
714 4176 839 4266 abipso
854 4176 935 4249 duce
948 4183 1068 4256 uacuo,
1087 4185 1123 4247 ut
1134 4179 1206 4252 mil*
