2798 4764
181 336 243 405 ⁷⁰2
501 353 686 414 matroon
712 354 755 412 op
774 352 884 405 vomu.

181 527 280 573 uxore
295 507 403 590 ipsius.
417 525 476 590 pro
489 508 630 573 remedio
645 507 750 573 anime
763 506 877 590 prioris
891 505 991 569 meriti
1006 506 1072 581 soi,
1086 504 1225 571 scilicet

180 619 253 683 Boc.
274 618 415 701 prefatus
427 619 532 700 itaque
545 619 641 682 iudex
655 618 760 700 posuit
772 638 868 700 super
878 617 1089 680 iuramentum
1100 617 1222 689 uxoria

180 730 300 805 Pouse,
321 731 407 813 quod
421 729 542 793 scilicet
561 731 629 810 ipsa
649 731 768 793 inraret
783 748 854 792 cum
869 728 993 792 duobus
1007 727 1077 791 filiis
1093 727 1163 791 suis
1180 730 1219 793 iat

180 841 314 905 eeclesia
329 843 428 905 sancti
443 841 697 923 Protomartpris,
718 848 750 902 et
764 839 832 901 ilios
846 857 957 902 seruos
972 839 1091 919 positos
1105 839 1139 905 in
1155 858 1221 905 ea-

180 953 251 1016 dem
267 950 399 1016 ecclesia
413 952 544 1014 auderet
554 951 692 1014 educere
706 951 747 1013 de
761 950 905 1014 ecclesie.
926 949 1084 1031 assignato
1098 951 1220 1034 itaque

179 1064 313 1128 termino
338 1063 459 1145 prefata
483 1061 595 1126 mulier
615 1081 685 1124 cum
709 1061 780 1125 filiis
801 1061 866 1125 suis
885 1081 951 1123 non
972 1062 1071 1135 uenit,
1099 1080 1218 1144 neque

178 1184 414 1259 procuratorem
430 1194 523 1238 cause
536 1194 592 1237 sue
607 1174 699 1239 misit
724 1182 973 1255 prememoratus
987 1174 1094 1254 itaque
1108 1171 1217 1241 iudex

180 1285 403 1350 condemnauit
423 1305 492 1348 eam
508 1295 540 1349 et
553 1286 697 1349 maritum
712 1287 780 1348 eius
795 1285 946 1358 Pousem,
966 1292 998 1347 et
1012 1305 1069 1364 per
1084 1285 1218 1366 pristal-

180 1396 255 1460 dum
276 1396 402 1468 nomine
426 1397 550 1460 Sumam
573 1398 613 1460 de
633 1395 709 1459 uiiia
727 1397 843 1467 emsa,
870 1395 961 1458 nobis
983 1397 1155 1460 contestari
1179 1406 1217 1463 et

178 1508 317 1591 presenti
331 1507 445 1590 pagina
461 1505 535 1570 iecit
547 1507 693 1571 eternari.

261 1619 362 1694 (idi)
383 1619 514 1681 Miohnel
527 1618 610 1681 titius
623 1620 710 1683 Dede
725 1617 865 1699 imperiit
878 1617 1010 1680 Uitsdem
1031 1618 1071 1681 de
1086 1638 1214 1702 genere

179 1729 259 1802 Am,
281 1728 388 1792 dicens
403 1728 487 1809 quod
510 1748 566 1808 per
579 1727 677 1791 titium
698 1729 796 1810 ipsius
818 1747 927 1809 passus
947 1736 1031 1793 creet
1044 1728 1214 1807 damnum,

178 1841 219 1902 ad
234 1836 466 1901 estimoeiooem
481 1837 613 1900 duorum
627 1856 800 1901 marcarum
824 1848 855 1904 et
870 1839 1012 1914 dimidie,
1032 1860 1141 1904 eorem
1157 1861 1215 1906 ar·

178 1948 285 2023 birris,
307 1947 457 2013 uidelicet
468 1949 573 2021 Duda,
594 1949 688 2013 Petro
706 1956 738 2012 et
752 1950 857 2032 Tugra
876 1951 916 2013 de
933 1949 1008 2015 uitia
1022 1950 1120 2032 Unga.
1151 1953 1214 2034 qni

178 2058 388 2122 discucientes
407 2079 476 2132 eos,
497 2057 651 2125 miserunt
670 2079 726 2139 per
745 2057 928 2140 pristeidam
950 2059 1077 2123 nomine
1098 2061 1214 2127 Zeten

178 2172 219 2234 ad
241 2189 372 2233 examen
393 2170 469 2233 ferri
489 2170 652 2233 candentis
666 2170 872 2244 Uaradinun,
893 2170 946 2233 ubi
961 2170 1055 2233 homo
1070 2172 1214 2252 predicti

178 2278 285 2343 Uitatis
302 2288 424 2362 portato
439 2279 523 2345 torro
537 2278 721 2343 iustificetur
736 2288 792 2343 est.

261 2391 356 2465 (nte)
378 2392 477 2453 Romu
502 2391 541 2454 de
566 2390 640 2453 uitia
663 2392 729 2456 lieu
752 2391 889 2471 impetiit
911 2391 1041 2459 Paulum
1064 2392 1106 2457 de
1130 2394 1213 2459 uitia

107 2512 116 2532 ·
178 2502 375 2583 Nnmchuny‚
397 2502 436 2563 de
453 2502 567 2564 domno
588 2502 680 2564 unius
701 2519 806 2563 maroe
822 2509 853 2563 et
868 2502 1005 2566 dimidie.
1026 2521 1107 2581 quos
1122 2503 1212 2566 Leu-

176 2613 301 2675 reocius
323 2612 418 2675 iudex
439 2613 522 2673 curie
543 2621 575 2676 et
595 2630 701 2674 comes
715 2611 877 2674 Nitriensis
898 2588 1109 2685 discuciens‚⁸
1122 2612 1213 2679 misit

176 2741 234 2802 per
256 2723 437 2802 pristoldum
463 2722 589 2783 nomine
612 2722 738 2783 Petrum
764 2722 803 2784 de
826 2720 899 2782 uilia
918 2722 981 2782 Ker
1005 2722 1044 2782 ad
1070 2740 1213 2787 examen

178 2831 251 2892 ferri
267 2830 429 2891 candentis
444 2831 646 2903 noradinum,
669 2832 720 2892 nbi
743 2831 838 2893 homo
854 2832 951 2892 Rome
973 2839 1095 2912 portato
1118 2831 1211 2896 ferro

179 2940 344 3002 mundatus
356 2947 416 3000 est.

263 3049 359 3125 (iii)
381 3048 510 3110 Zaburia
530 3047 594 3111 iiiio
608 3049 734 3114 ioannis
755 3050 794 3113 de
813 3050 888 3114 uilio
902 3054 1004 3115 larum
1026 3052 1095 3115 sine
1119 3055 1210 3117 omni

178 3162 297 3225 herede
318 3170 457 3233 mortuo,
488 3179 568 3222 uxor
589 3161 655 3223 eius
677 3161 783 3241 nupsit
807 3163 887 3224 Mico
906 3161 972 3224 filio
994 3163 1129 3236 Nicolni‚
1151 3166 1209 3247 qui

178 3272 260 3333 Miro
275 3279 307 3333 et
320 3271 432 3334 Paulus
455 3270 550 3335 irater
564 3273 670 3333 uxorio
685 3273 762 3345 eius,
784 3279 944 3335 traxerunt
958 3274 990 3334 in
1004 3291 1131 3336 causam
1147 3293 1212 3336 no·

179 3383 328 3443 minatum
350 3383 513 3456 loannem,
535 3391 566 3445 et
588 3383 715 3446 fratrem
736 3384 833 3464 ipsius
848 3385 983 3445 lromom
1006 3385 1211 3451 sacerdotem

178 3511 235 3574 pro
251 3491 402 3554 dotoiiciis
418 3492 538 3573 pretate
553 3492 703 3565 mulieris,
725 3504 795 3556 ente
810 3492 1020 3556 Alexandrum
1034 3494 1212 3560 Uaradien·

178 3619 244 3663 sem
260 3604 451 3682 episcopum.
474 3603 540 3684 ipse
556 3611 659 3664 autem
674 3603 808 3664 eundem
823 3622 948 3666 causam
963 3605 1124 3685 delegauit
1136 3605 1211 3669 Ste-

180 3711 282 3790 phano
304 3712 524 3774 archidiacono
549 3722 580 3773 et
602 3731 754 3775 economo
775 3734 833 3775 suo
853 3715 957 3776 debito
976 3715 1038 3777 fine
1053 3717 1212 3780 deciden-

178 3821 260 3883 dam.
282 3821 325 3884 iiii
340 3843 418 3885 nero
433 3841 536 3885 coram
552 3821 606 3884 iiio
621 3824 779 3887 constituti
795 3825 1042 3905 responderunt,
1063 3844 1098 3888 so
1113 3826 1211 3890 dotes

177 3930 247 3994 ilias
261 3933 395 3995 totaliter
410 3932 599 4010 personuisse
614 3953 719 3996 coram
734 3933 857 3998 idoneis
877 3936 1007 3997 testibus
1022 3935 1061 3998 de
1076 3937 1213 4015 prouin-

177 4039 227 4105 eio
240 4042 389 4123 ipsorum.
409 4041 495 4121 quod
510 4062 580 4105 cum
595 4043 744 4109 iamdicti
759 4053 879 4109 actores
895 4053 1056 4127 negarent,
1069 4046 1213 4116 loannes

178 4154 344 4219 sciremus
362 4150 440 4213 iussi
454 4160 527 4215 suot
539 4160 635 4218 testes
650 4174 725 4219 suos
740 4155 902 4221 exhibere·
930 4157 1043 4240 quibus
1056 4157 1213 4247 exhibitio
