2798 4764
303 355 444 417 nannai
457 358 502 405 ιιι.
519 355 609 404 anais
622 355 962 406 nscmmrrorrnornr.
990 335 1080 417 ΜΒ.
1141 337 1203 413 607

181 511 262 576 dinis
285 512 390 576 debito
411 512 560 576 decencie
582 511 639 576 niti
656 512 786 575 ferimus
803 512 973 597 refragari3
994 521 1103 578 contra
1116 531 1204 579 came

182 625 254 688 dem
268 645 294 686 s.
305 624 550 706 strigoniensem
573 624 737 687 eeclesiam
752 624 836 688 aliud
851 624 948 687 eciam
963 624 1131 686 absurdum
1146 643 1209 694 aue.

181 736 327 809 diuimus,
358 756 416 818 per
440 735 561 817 aliquos
585 736 778 816 petulancius
803 736 964 800 attentari:
997 736 1082 817 quod
1105 755 1205 818 quum

181 855 372 917 mercatores
387 868 508 922 ornnes,
529 848 569 911 de
583 847 664 911 nitra
678 848 822 911 Rhenum
837 856 892 911 aut
906 848 944 910 de
960 848 1107 921 Francia,
1128 865 1204 911 con·

181 959 383 1041 terminisque
396 959 456 1022 iliis
471 957 623 1040 partibus,
636 966 691 1021 ant
705 959 804 1020 eciam
820 959 859 1021 de
871 958 1015 1021 Ueneciis
1030 957 1206 1033 uenientes,

182 1072 285 1135 debite
300 1080 444 1153 pareant,
466 1071 570 1134 tributi
584 1071 616 1133 in
632 1071 775 1132 omnibus
790 1071 853 1134 suis
869 1070 1035 1142 mercibus,
1057 1089 1134 1151 quas
1150 1068 1206 1132 de·

182 1192 322 1266 portant,
336 1183 394 1245 soli
409 1183 601 1246 Uiennenses
617 1191 649 1246 et
662 1182 905 1247 Ratisbonenses
920 1191 951 1246 et
964 1181 1025 1245 iilis
1040 1181 1207 1254 connicini,

183 1315 292 1359 omnes
306 1295 453 1358 uidelicet
465 1294 720 1369 cis-Rhenenses,
739 1296 772 1356 in
787 1296 931 1358 omnibus
947 1295 1015 1356 aliis
1030 1292 1207 1357 exsolucio·

184 1406 275 1467 nibus
292 1407 477 1468 tributorum
492 1426 598 1469 rerum
612 1406 836 1488 quarumlibet,
857 1427 914 1487 per
928 1407 1013 1488 ipsos
1026 1408 1058 1468 in
1073 1425 1206 1489 regnum

183 1518 344 1600 Hungarie
368 1517 556 1593 delatarum,
576 1539 610 1581 se
632 1540 703 1582 curn
724 1519 791 1582 aliis
810 1520 1045 1592 mercatoribus,
1065 1519 1208 1582 similiter

184 1630 341 1693 atributo
363 1628 582 1710 strigoniensis
607 1629 739 1693 ecclesie
762 1630 863 1693 teneri
889 1629 1036 1704 fatentur,
1063 1637 1207 1710 excepto,

184 1740 269 1821 quod
291 1741 330 1802 de
351 1739 462 1819 pannis
484 1739 644 1814 coloratis,
665 1741 705 1803 de
727 1760 861 1823 quorum
882 1741 979 1823 peciis
1002 1740 1209 1823 quadraginta

182 1853 222 1913 ab
238 1852 381 1914 omnibns
402 1851 469 1914 aiiis
483 1851 709 1916 mercatoribus
728 1853 796 1916 sine
811 1854 1012 1917 caussacione
1027 1853 1133 1936 aliqua
1146 1852 1210 1918 sol·

183 1964 267 2027 uitur
283 1984 386 2027 marca
401 1984 481 2037 una,
501 1985 613 2027 uerum
629 1984 738 2027 omnes
753 1965 886 2046 predicti
902 1966 1153 2028 cis-Rhenenses
1169 1965 1208 2028 de

183 2075 332 2158 ligatura,
355 2074 405 2138 uei
422 2074 505 2139 Catia
525 2096 603 2149 una,
624 2084 827 2158 quotcunque
842 2076 1001 2141 contineat
1014 2078 1130 2159 pecias,
1150 2076 1209 2141 etsi

183 2195 324 2260 centum,
345 2185 486 2250 nituntur
501 2188 638 2269 quadam
659 2188 913 2268 presumpcione,
939 2188 1029 2251 ebete
1048 2185 1210 2269 singulari,

184 2297 308 2360 soluere
334 2298 558 2361 tandummodo
580 2299 702 2381 pondus
724 2319 837 2373 unum,
869 2301 943 2363 dum
964 2320 1038 2363 suas
1061 2298 1209 2374 sarcinae,

184 2407 251 2470 siue
273 2406 370 2471 badas
391 2428 569 2490 pannorum
588 2410 696 2471 talium
713 2412 796 2491 apud
812 2412 969 2474 ciuitatem
984 2410 1131 2493 strigonii
1144 2430 1209 2474 non

186 2519 345 2601 disligant,
359 2539 418 2583 nec
433 2518 610 2594 resoluunt,
625 2521 774 2601 qnoniam
789 2521 970 2603 disligantes
985 2522 1111 2584 easdem
1126 2522 1209 2604 apud

185 2631 376 2713 strigonium
398 2631 539 2694 similiter
554 2631 606 2694 aiii
627 2642 827 2708 mercatores,
849 2634 888 2695 dc
902 2633 1014 2697 iisdem
1031 2635 1140 2716 pannis
1156 2652 1210 2696 co·

185 2742 292 2807 loratis
305 2743 429 2806 soluere
445 2741 595 2807 telonium
609 2742 689 2805 nibil
702 2753 896 2807 caussantnr.

269 2852 314 2933 (ἢ)
337 2853 420 2928 Quin
434 2854 498 2916 imo
513 2854 553 2917 de
567 2855 662 2917 rebus
677 2855 822 2918 omnibus
836 2854 923 2938 ipsis,
944 2877 1022 2940 quas
1038 2865 1068 2919 et
1081 2857 1140 2938 ipsi
1155 2858 1211 2923 dc·

186 2966 290 3030 ferunt
304 2964 561 3041 cis-Rhenenses,
575 2968 699 3031 soinant
712 2989 775 3030 una
790 2987 861 3031 curn
875 2968 942 3030 aliis
956 2976 1020 3031 tam
1035 2970 1074 3031 de
1088 2968 1211 3045 sidone,

186 3098 280 3159 quam
296 3079 335 3140 de
350 3076 461 3158 pannis
475 3078 595 3160 griseis,
616 3099 651 3141 se
665 3080 833 3143 tuscanicis
848 3079 899 3142 uei
914 3078 1079 3162 pannlatis,
1101 3088 1132 3142 et
1144 3100 1212 3141 om·

186 3190 277 3252 nibus
301 3210 428 3271 prorsus
451 3211 559 3253 eorum
580 3192 674 3254 rebus
694 3192 920 3264 incunctanter,
948 3199 979 3252 et
1000 3190 1211 3254 mercimoniis

187 3300 254 3362 aliis
266 3321 321 3380 per
335 3301 479 3384 uectigal.
500 3301 714 3383 quamobrem,
730 3321 826 3382 quum
837 3320 946 3382 regum
959 3308 991 3363 et
1004 3302 1110 3363 mundi
1125 3301 1212 3382 prin·

187 3410 305 3492 cipum,
325 3431 459 3493 quorum
480 3419 528 3475 est
547 3410 709 3493 priuilegia
724 3412 899 3474 concedere
914 3412 1050 3475 condere
1071 3432 1127 3474 seu
1150 3411 1212 3473 iar·

188 3520 260 3602 giri,
281 3521 322 3583 nd
345 3524 473 3586 eosdem
499 3522 598 3585 eciam
620 3521 705 3602 prius
726 3542 949 3586 concessorum
974 3522 1212 3606 priuilegiorum

186 3634 346 3715 pertineat
367 3633 568 3715 interpretari
592 3633 753 3716 ambigna,
782 3635 927 3698 decidere
951 3635 1045 3698 dubia
1072 3657 1129 3699 seu
1153 3654 1212 3699 no·

187 3746 280 3821 dosa;
301 3767 359 3808 nos
374 3766 444 3808 cum
466 3753 644 3808 nostrorum
664 3743 891 3808 consultissima
906 3746 1135 3811 deliberacione
1155 3749 1214 3812 ba·

187 3876 300 3921 rnnum
322 3864 355 3923 et
374 3876 542 3939 procerum
559 3890 601 3902 -
618 3857 871 3920 -decernimus
886 3858 1042 3921 decisione
1057 3860 1159 3941 regia,
1179 3859 1214 3922 in

188 3977 376 4050 perpetuum
390 3970 571 4045 obtentura,
593 3970 678 4051 quod
692 3970 759 4032 siue
773 3977 964 4034 mercatores
980 3972 1019 4034 de
1033 3971 1139 4046 Pestb,
1159 3968 1214 4035 uel

189 4078 229 4142 de
257 4079 363 4154 Buda,
395 4079 518 4164 illisque
547 4081 687 4165 partibus
715 4081 887 4146 conuicinis
916 4105 1027 4149 uersus
1054 4084 1213 4146 laurinum

187 4198 404 4271 transeunter,
431 4193 647 4280 ingrediantur
683 4194 841 4263 ciuitatem
868 4197 1032 4283 strigonii,
1066 4215 1126 4261 nec
1153 4211 1213 4273 no,
