2798 4764
175 296 237 359 688
459 346 466 353 .
497 308 681 357 eucnemon
705 308 879 354 nasama.

176 484 234 528 nos
256 465 295 527 de
319 461 395 525 uilla
415 461 573 525 Domnlim
594 461 634 524 de
657 460 837 542 quindecim
859 447 961 521 bobus
981 465 1013 520 et
1028 473 1096 519 uno
1111 474 1222 538 equo,

177 572 332 636 uiolenter
352 572 479 647 ablatis,
508 572 611 635 iudice
632 569 732 652 Gynla
762 571 861 642 bano,
888 565 1041 650 pristaldo
1058 565 1222 629 Sumboa.

177 684 360 748 iustificatos
375 691 433 748 est.

260 792 348 875 (187)
371 794 475 877 Cnsyd
490 795 530 856 de
545 792 619 855 uilla
629 792 714 856 Ziloc
729 789 1089 873 impeciitconuillanum
1103 810 1221 866 suum,

176 907 295 971 scilicet
314 907 450 979 Furens,
471 905 511 967 de
532 902 634 976 furto,
654 903 757 965 iudice
778 902 938 983 Stephano
959 901 1068 964 curiali
1091 902 1220 965 comite

177 1018 218 1081 de
231 1015 332 1090 Ziloc,
353 1014 502 1099 pristaldo
524 1014 686 1078 Gueztina.
716 1015 832 1077 Forccs
855 1020 976 1096 portato
995 1011 1082 1074 ferro
1096 1011 1220 1076 iustiti·

178 1138 266 1193 catus
280 1138 337 1191 est.

136 1238 142 1251 ’
261 1238 348 1323 (188)
369 1240 448 1302 Uiba
462 1240 502 1301 de
518 1237 590 1302 nilla
605 1237 709 1301 Macra
731 1237 842 1321 predio
856 1235 949 1298 Lelez
967 1235 1109 1318 impeciit
1124 1237 1219 1301 lban

178 1362 211 1416 et
223 1355 365 1425 Danum,
385 1351 425 1414 de
440 1351 597 1414 occisione
612 1349 716 1411 fratris
732 1349 780 1411 sui
795 1368 853 1430 per
866 1346 1080 1421 latrocinium,
1103 1348 1218 1413 iudice

177 1465 262 1527 Milia
283 1463 396 1526 comite
420 1462 458 1524 dc
480 1460 611 1534 Bichor,
641 1459 791 1542 pristaldo
812 1460 954 1521 Annania
974 1459 1014 1522 de
1034 1457 1112 1522 uitta
1137 1460 1220 1525 Bne.

178 1576 234 1639 Iba
254 1582 378 1657 portato
394 1573 479 1637 terro
495 1593 552 1654 pro
567 1592 601 1634 se
617 1581 648 1634 et
663 1571 758 1635 tratre
772 1591 831 1634 suo
846 1572 935 1633 Dono
948 1568 1141 1635 iustificatos
1157 1583 1219 1636 eet.

126 1690 133 1703 ¹
262 1684 350 1765 (189)
370 1686 480 1747 Petrus
503 1685 543 1747 de
564 1684 638 1745 uilla
656 1683 759 1746 Cbeuz
779 1693 811 1745 et
832 1682 1119 1769 compronincielos
1146 1686 1220 1749 eim

179 1797 386 1879 impeciernnt
396 1794 526 1856 Uitnlem
541 1795 581 1856 de
597 1795 707 1856 eadem
722 1794 796 1857 uilla
812 1815 868 1876 pro
884 1794 977 1866 lunc,
998 1813 1080 1877 quos
1093 1795 1221 1861 Demo-

165 1908 255 1984 ‚trins
271 1905 395 1968 curialis
413 1924 529 1977 comes,
544 1912 694 1987 precepto
709 1906 792 1986 regis
807 1905 993 1978 discuciens,
1011 1925 1070 1986 per
1084 1907 1221 1987 pristal-

56 2032 61 2039 '
180 2018 253 2081 dum
269 2016 394 2080 nomine
410 2015 523 2079 Urman
543 2017 582 2079 de
599 2016 672 2079 uilla
687 2017 812 2098 Gyurge
827 2016 911 2080 misit
924 2015 1140 2092 Uaradinum,
1164 2020 1222 2109 ulei

178 2130 338 2213 predictus
360 2125 467 2191 Uitalis
490 2136 612 2210 portato
635 2127 721 2190 ferro
742 2126 881 2209 confugit
903 2126 1147 2202 aecclesiam,
1169 2130 1223 2193 di·

179 2260 302 2304 censae
318 2260 388 2302 esse
403 2240 610 2303 combustum.
641 2237 798 2319 predictus
812 2238 918 2319 itaque
935 2238 1051 2299 Urman
1064 2239 1225 2305 uendidit

178 2351 326 2425 Uitalem,
349 2371 419 2413 cum
441 2370 539 2413 uxore
562 2369 633 2424 sua,
656 2358 688 2414 et
706 2349 829 2413 filiabus
851 2349 932 2422 suis,
953 2358 984 2412 et
997 2369 1071 2412 cum
1087 2351 1225 2427 aneilla,

179 2471 209 2526 et
222 2462 286 2525 lilio
302 2462 413 2525 ancille
427 2482 501 2535 sue,
523 2469 555 2524 et
569 2481 640 2525 cum
654 2461 740 2525 omni
756 2459 956 2542 possessione
971 2478 1046 2533 sua,
1068 2460 1224 2527 Lauren-

178 2576 237 2648 eio,
258 2560 323 2636 ntro
338 2575 472 2635 narnn.
954 2569 958 2572 ·

261 2683 351 2764 (190)
375 2686 487 2745 Notum
503 2684 541 2745 sit
557 2684 701 2746 omnibus
717 2683 915 2756 Christianis,
937 2685 1111 2766 quodcum
1129 2687 1225 2751 Uoca

180 2803 211 2856 et
232 2795 336 2855 Kereu
362 2795 401 2853 dc
428 2794 502 2854 uilla
517 2796 617 2868 Tura,
646 2795 827 2856 imminente
852 2795 1038 2857 necessitate
1064 2815 1224 2862 sororem

179 2924 268 2965 snam
290 2902 454 2964 Martinam
476 2903 507 2963 in
532 2903 624 2965 nadio
649 2906 826 2983 posuissent
846 2908 929 2986 apud
950 2907 1160 2971 sacerdotem
1181 2912 1225 2976 de

180 3014 304 3076 Bachan
324 3011 450 3074 nomine
472 3014 602 3094 Moysen
628 3035 684 3097 pro
705 3035 810 3077 marca
831 3037 908 3091 nna,
936 3036 1000 3079 non
1021 3017 1225 3087 habentibus

180 3125 239 3188 illis
259 3126 342 3187 unde
358 3144 499 3186 sororem
515 3145 601 3186 snam
617 3125 789 3198 redimant,
812 3128 1043 3206 prenominatus
1058 3133 1224 3196 sacerdos

180 3258 238 3320 pro
253 3236 394 3299 remedio
411 3236 513 3299 anime
529 3257 585 3298 sue
600 3236 717 3298 dimisit
730 3235 831 3309 illam,
845 3246 877 3298 et
888 3237 1025 3299 debitum
1037 3236 1164 3304 dimisit
1178 3244 1223 3306 ei.

263 3348 350 3430 (191)
383 3348 528 3410 Nicolaus
554 3349 593 3410 de
619 3347 694 3412 uilla
714 3348 825 3429 Ghouy
849 3349 987 3429 impeciit
1010 3350 1223 3419 connillanoe

180 3482 264 3536 suos,
292 3462 425 3524 scilicet:
454 3460 657 3532 llicha'dlem,
686 3462 811 3532 Tenen,
837 3461 934 3522 Burat
955 3469 986 3521 et
1003 3460 1147 3536 liccam,
1176 3466 1222 3529 do

59 3612 75 3625 -
180 3575 337 3635 occisione
360 3573 415 3634 filii
438 3573 502 3644 sui,
525 3592 603 3654 qnos
625 3573 774 3633 llartinns
793 3592 913 3644 comeS,
946 3593 1003 3653 per
1024 3574 1220 3654 pristaldum

180 3686 305 3744 nomine
317 3686 438 3746 Suadeo
454 3684 538 3745 misit
550 3684 738 3745 [aradinum
753 3685 792 3745 ad
804 3703 938 3745 examen
950 3684 1023 3746 ferri
1036 3687 1222 3765 candentis,

181 3795 233 3856 ubi
248 3796 458 3875 prenominati
472 3796 517 3856 rei
533 3797 572 3857 de
587 3795 754 3857 homicidio
769 3805 843 3856 sunt
856 3795 1002 3856 conuicti.

264 3902 353 3983 (¹92)
376 3904 631 3968 lesatensem
652 3905 691 3966 de
707 3906 770 3986 Np'r
783 3905 922 3986 impeciit
942 3906 1076 3968 uillanos
1093 3907 1221 3991 Cegam

182 4037 239 4098 pro
255 4016 366 4077 mamis
383 4016 564 4088 duodecim,
586 4017 764 4079 Alexandro
784 4019 897 4079 comite
913 4018 1015 4079 iudice
1030 4036 1048 4078 a
1061 4038 1143 4101 rege
1159 4024 1222 4086 de-

181 4129 295 4212 legato,
323 4128 376 4211 qni
396 4148 454 4209 per
467 4128 652 4210 pristaldum
667 4130 793 4193 nomine
808 4128 1002 4211 Stephanum
1018 4129 1221 4199 Uaradinum
