2798 4764
228 337 289 402 issi
403 356 490 401 rann
511 357 553 401 ιν.
575 356 665 401 oncis
686 356 759 400 rum
781 356 956 400 ronaounu.
990 339 1078 400 1251.

228 513 311 575 rabit
324 510 440 573 ludens
460 531 556 591 super
570 510 702 592 pignore
722 511 779 571 sihi
802 510 955 590 obligato,
978 517 1009 572 et
1024 512 1108 591 qood
1124 511 1255 573 iuraudo

229 621 425 705 probauerit,
448 621 476 683 ei
491 622 616 683 soluere
634 642 696 682 nou
713 630 845 683 recuset.

313 731 358 813 [l]
379 733 455 795 ltem
477 732 502 793 si
518 733 633 794 ludens
650 731 859 793 Christianum
880 734 1009 795 testibus
1031 753 1092 794 nou
1113 734 1257 797 assumtis

231 845 316 907 dicat
337 865 371 906 se
399 845 510 926 pignus
534 844 703 925 obligasse,
741 853 771 907 et
792 844 844 907 ille
864 847 1044 926 negauerit,
1078 867 1174 926 super
1197 846 1257 907 hoc

231 955 426 1018 Christianus
441 955 488 1017 sui
504 955 602 1017 solius
617 955 793 1018 iuramento
808 976 841 1017 se
859 967 1022 1039 expurget.

314 1065 358 1148 (5)
379 1068 456 1128 ltem
472 1068 588 1129 ludens
611 1067 753 1148 recipere
770 1069 882 1148 poterit
897 1068 1023 1130 nomine
1039 1069 1177 1150 pignoris
1192 1089 1259 1130 om·

230 1180 284 1242 nia
298 1200 360 1260 que
374 1178 435 1240 sihi
452 1179 567 1240 suerint
583 1178 729 1260 obligata,
751 1198 940 1260 quocunque
955 1179 1081 1240 nomine
1096 1189 1258 1252 nocentur,

232 1290 318 1355 nulla
333 1292 372 1353 de
387 1291 447 1352 hoc
459 1290 669 1372 requisicioue
685 1290 784 1363 lacta,
800 1291 937 1371 exceptis
953 1291 1143 1353 indumentis
1158 1291 1259 1352 eccle-

231 1404 381 1474 siasticis,
403 1403 461 1465 nisi
483 1402 662 1483 obligentur
682 1422 739 1483 per
760 1401 915 1483 prelatum
939 1401 1199 1475 ecclesiasticum,
1228 1414 1260 1465 et

231 1515 372 1578 uestibus
387 1513 633 1594 sanguinolentis
656 1523 686 1575 et
701 1512 901 1587 madefactis,
923 1534 1001 1595 quas
1016 1514 1193 1576 nullatenus
1208 1534 1259 1576 ao·

232 1626 378 1709 captabit.

312 1733 359 1816 (6)
388 1736 464 1797 ltem
493 1734 518 1795 si
547 1734 741 1796 Christianus
770 1735 961 1816 impetiuerit
988 1737 1139 1809 ludeom,
1174 1739 1259 1818 quod

231 1849 345 1931 pignus
365 1847 451 1928 quod
472 1846 587 1908 ludeus
611 1847 705 1910 habet
729 1847 834 1908 furtim
859 1857 912 1909 aut
935 1868 990 1927 per
1014 1848 1199 1911 uiolenciam
1223 1851 1262 1912 sit

233 1959 387 2032 oblatum,
406 1959 522 2020 ludens
543 1959 623 2022 iuret
643 1977 739 2039 super
753 1956 806 2018 illo
829 1959 978 2039 pignore,
1000 1960 1085 2040 quod
1101 1980 1196 2041 quum
1212 1980 1262 2023 re·

233 2071 334 2153 cepit,
356 2071 461 2132 furtim
484 2089 553 2132 esse
577 2069 715 2134 ablatum
738 2080 791 2130 aut
812 2079 935 2150 raptum
959 2070 1132 2150 ignorauit,
1154 2071 1214 2132 hoc
1229 2073 1262 2133 in

233 2204 291 2248 suo
306 2183 481 2246 iuramento
495 2183 657 2264 implicito,
675 2191 793 2263 quanto
809 2181 848 2243 sit
865 2182 975 2263 pignus
990 2182 1170 2245 huiusmodi
1185 2184 1263 2245 obli-

233 2306 349 2379 gatum.
382 2303 412 2358 et
433 2294 477 2355 sic
499 2293 688 2377 probacione
719 2293 800 2355 facta
824 2293 1018 2356 Christiauus
1040 2294 1178 2356 debitum
1204 2317 1262 2377 pro

234 2427 298 2490 quo
313 2407 478 2488 obligatur,
500 2405 568 2466 siue
583 2405 794 2466 diminucione
810 2404 978 2487 persoluat.

317 2516 361 2599 (7)
384 2520 461 2580 ltem
484 2517 509 2578 si
531 2527 584 2579 aut
602 2537 660 2598 per
683 2536 787 2578 casum
809 2516 964 2588 incendii,
986 2526 1037 2578 aut
1056 2518 1262 2597 periurium,

233 2641 286 2696 aut
303 2651 358 2711 per
370 2632 432 2691 uim
448 2649 519 2691 suas
535 2650 585 2691 res
603 2648 673 2691 curn
690 2629 832 2710 obligatis
847 2629 904 2689 sibi
922 2629 1103 2710 pignoribus
1115 2631 1264 2704 amiserit,

233 2752 265 2807 et
279 2743 338 2802 hoc
354 2740 528 2813 confitetur,
551 2748 581 2802 et
597 2740 790 2801 Christianus
810 2740 863 2821 qui
879 2739 1030 2821 obligauit
1046 2741 1263 2803 nichilominus

233 2875 305 2917 eum
325 2851 461 2932 impetit,
489 2851 602 2912 ludens
626 2851 801 2911 iuramento
828 2852 956 2931 proprio
979 2852 1175 2924 absoluatnr,
1205 2854 1262 2914 nisi

233 2965 348 3028 lectum
369 2963 462 3024 luerit
477 2961 632 3024 notorium
656 2972 685 3022 et
701 2961 917 3034 manifestum,
940 2972 972 3025 ut
988 2971 1120 3026 estante
1136 2964 1264 3027 dictum.

317 3073 364 3156 (8)
385 3075 461 3136 ltem
477 3073 502 3134 si
514 3073 601 3135 ludei
617 3075 655 3134 de
667 3074 750 3136 iacto
765 3073 846 3135 iuter
860 3093 893 3136 se
906 3076 1093 3137 discordiam
1109 3078 1264 3139 mouerint

234 3197 288 3254 aut
302 3206 460 3271 guerram,
482 3185 576 3248 iudex
591 3185 725 3248 ciuitatis
740 3194 845 3248 nostre
865 3187 983 3248 nullam
1003 3188 1061 3250 sibi
1077 3189 1265 3250 iurisdictio-

235 3320 307 3365 nem
323 3299 468 3361 uendicet
484 3297 514 3358 in
537 3297 680 3371 eosdem,
702 3297 759 3359 sed
775 3318 832 3359 nos
848 3306 900 3359 aut
914 3318 1053 3361 summus
1069 3309 1176 3361 noster
1190 3318 1264 3360 cau·

236 3412 381 3476 cellarius
396 3410 547 3473 iudicium
564 3410 733 3470 exercebit.
754 3410 780 3469 si
796 3418 898 3471 autem
914 3419 1018 3471 reatus
1033 3410 1133 3491 uergit
1148 3411 1179 3471 in
1195 3430 1265 3489 per-

235 3546 364 3597 sonam,
392 3522 450 3585 soli
473 3530 580 3583 nostre
605 3542 740 3603 persone
763 3522 815 3582 hic
833 3540 923 3583 casus
946 3521 1160 3584 reseruahitur
1184 3522 1265 3583 iudi-

235 3638 364 3701 candus.

319 3744 364 3824 (ll)
388 3748 464 3807 Item
486 3746 512 3807 si
528 3746 722 3807 Christianus
741 3744 837 3807 ludeo
852 3744 1072 3826 qualecunque
1089 3746 1202 3807 uulnus
1217 3745 1266 3805 in-

235 3856 358 3930 dixerit,
379 3878 452 3919 reus
468 3858 557 3918 nobis
573 3857 674 3919 soluat
689 3876 801 3937 penam
818 3857 990 3919 secuudum
1006 3859 1264 3921 cousuetudinem

235 3970 341 4054 regni,
369 3967 533 4030 uulnerato
560 3968 727 4030 duodecim
752 3986 874 4031 marcas
899 3968 1020 4051 argenti
1045 3977 1076 4032 et
1100 3989 1266 4050 expensas,

236 4100 313 4166 quas
329 4098 386 4160 pro
402 4079 515 4141 suimet
529 4080 696 4142 curacione
712 4078 897 4161 expenderit
912 4079 1079 4143 medicine.

319 4189 388 4275 (10)
410 4192 489 4256 ltem
508 4189 535 4254 si
554 4190 750 4255 Christianus
772 4191 904 4257 ludeum
933 4190 1143 4268 interemerit,
1170 4192 1266 4279 digno
