2798 4764
183 326 381 372 consranrae
402 328 522 371 auersa
547 328 618 372 roua
639 327 900 371 raroromeonen
923 314 982 371 ete.
1020 308 1109 372 1228.
1151 309 1211 373 tea

267 483 323 554 (5)
345 481 426 542 intra
450 490 565 543 rastam
591 500 684 542 unam
710 480 813 542 nullus
838 488 999 561 presumat
1024 480 1209 542 cerenisiam

184 593 331 666 braxare,
361 603 392 654 et
416 593 534 675 siquis
558 593 800 674 presumpserit,
831 591 1025 654 abiudicatos
1052 600 1099 654 est
1120 592 1210 654 bonis

183 706 247 766 suis
264 714 293 766 et
309 706 389 766 eollo
405 725 471 766 suo.

267 818 323 890 (6)
346 818 396 877 snr
419 818 486 879 sine
510 817 665 889 falsarius,
693 816 718 876 si
744 816 888 878 imrentus
916 815 1023 888 suerit,
1051 836 1113 875 non
1134 815 1209 876 alias

184 929 241 989 nisi
256 929 371 989 ibidem
391 931 571 990 sullocetnr.

266 1044 325 1115 (7)
348 1049 378 1102 et
399 1040 510 1122 siquis
532 1040 667 1122 aliquem
693 1039 900 1113 interfecerit,
923 1049 1015 1122 eaput
1034 1059 1091 1121 pro
1107 1040 1209 1121 capite

184 1152 384 1232 ponderetur.

266 1265 322 1338 (8)
346 1263 524 1346 quicunque
542 1264 724 1325 temerarios
746 1264 910 1325 intrauerit
925 1264 1052 1325 domum
1070 1262 1209 1336 alienius,

184 1382 215 1435 et
230 1372 363 1455 aliquem
377 1374 537 1447 occiderit,
559 1374 660 1437 soluat
675 1374 706 1434 iu
723 1375 816 1436 domo
828 1375 868 1435 Vl
883 1374 999 1436 solidos
1016 1384 1047 1437 et
1061 1385 1147 1438 extra
1157 1373 1208 1434 Vl.

266 1488 323 1560 (9)
347 1495 377 1547 et
399 1487 424 1547 si
448 1487 522 1547 uelit
544 1485 678 1568 aliquem
700 1487 899 1549 damnificare
923 1487 1087 1560 uiolenter,
1108 1486 1209 1548 soluat

184 1599 297 1660 iterum
314 1599 353 1659 l'l
369 1599 486 1660 solidos
502 1599 532 1659 in
549 1600 640 1660 doram
657 1608 687 1661 et
703 1608 791 1661 extra
807 1600 856 1661 Vl.

265 1712 342 1784 (10)
364 1711 389 1770 si
414 1710 534 1791 alapam
557 1711 688 1785 dederit,
713 1732 807 1773 manu
833 1721 938 1775 careat
962 1721 1015 1773 ant
1040 1712 1066 1771 V
1091 1711 1207 1774 talenta

182 1823 299 1895 soluat,
322 1832 352 1883 et
368 1824 460 1883 iudici
478 1824 599 1883 LXXll.

264 1936 343 2007 (ll)
373 1934 453 1995 iuba
479 1933 606 1996 milliare
629 1934 728 2008 faber,
756 1944 866 2009 textor,
889 1937 1033 2010 ealrisex,
1057 1947 1110 2000 aut
1131 1957 1208 2018 qna-

182 2044 344 2127 liscunque
365 2047 476 2107 artilex
491 2067 552 2106 non
571 2057 764 2128 compareat,
785 2049 844 2109 nisi
860 2050 890 2109 in
906 2049 1017 2111 eadem
1032 2049 1166 2113 ciuitate.

266 2160 345 2230 (12)
370 2158 582 2218 arrolendinum
599 2159 702 2220 soluat
718 2159 784 2218 Vlll
806 2161 927 2221 modios
943 2160 1073 2241 siliginis
1090 2170 1141 2222 ant
1157 2162 1208 2221 tri-

182 2269 249 2341 tici,
273 2279 303 2330 et
317 2271 357 2329 lll
372 2271 487 2330 solidos
503 2271 714 2330 denariorum.
743 2271 768 2331 si
785 2290 848 2331 non
862 2272 975 2333 suffieit
994 2272 1207 2334 molendinum

182 2381 313 2442 reddere
335 2382 468 2462 istaque
490 2380 689 2462 prediximus,
715 2382 851 2461 pendeat
872 2383 902 2441 iu
925 2383 1028 2463 gracia
1051 2383 1158 2463 regiae
1177 2391 1208 2444 et

181 2494 212 2554 iu
228 2493 357 2555 consilio
374 2494 498 2555 ciuium.

265 2608 345 2680 (13)
366 2607 439 2667 item
456 2606 669 2668 molendinum
686 2607 778 2669 debet
792 2607 910 2670 babere
925 2608 985 2668 XX
1008 2606 1116 2689 iugera
1132 2608 1208 2690 agri,

182 2728 213 2781 et
227 2720 267 2779 lll
282 2720 424 2780 subsides
445 2728 476 2780 et
490 2720 687 2800 piscatorem.

264 2828 344 2902 (11)
367 2839 553 2893 mercatores
578 2832 688 2893 domos
709 2831 861 2895 babentes
884 2832 1004 2894 nullum
1026 2831 1208 2896 theloneum

182 2940 320 3014 soluaut,
343 2943 398 3002 sed
415 2941 592 3004 intransitu
609 2963 689 3024 aque
706 2944 879 3006 dimidium.

266 3056 345 3127 (15)
368 3055 442 3115 item
458 3054 596 3127 kletska,
618 3057 701 3117 sicca
715 3056 817 3137 ligna,
837 3057 934 3118 libere
957 3056 1133 3137 herbasque
1152 3055 1209 3117 ba·

182 3164 293 3238 beant,
316 3174 447 3247 excepta
470 3166 562 3226 uiridi
582 3187 709 3248 quercu.
733 3177 838 3247 pastor
857 3188 927 3227 euru
946 3187 1042 3248 grege
1064 3168 1159 3227 oadal
1172 3166 1208 3227 li-

183 3277 256 3338 bere
271 3278 301 3337 in
318 3278 428 3339 eadem
444 3278 541 3358 splna.

264 3391 339 3464 (to)
362 3391 435 3451 item
459 3390 533 3450 nulli
556 3391 671 3451 iudicio
691 3391 875 3452 subiaceant
894 3410 951 3471 pro
975 3388 1038 3451 uita
1062 3389 1208 3463 ethonis,

181 3501 233 3582 qni
249 3503 435 3574 meruerint,
457 3502 515 3562 nisi
531 3500 562 3562 in
578 3503 688 3562 eadem
704 3501 837 3562 ciuitate.

263 3615 340 3688 (17)
363 3623 394 3675 et
415 3613 457 3674 illi
478 3614 530 3693 qui
555 3614 682 3673 Petrum
706 3612 888 3675 occiderunt
909 3613 1048 3674 omnium
1070 3611 1206 3677 babeant

179 3726 394 3799 inimiciciam,
416 3736 447 3788 et
461 3747 518 3807 pro
535 3725 788 3787 malefactoribus
804 3724 987 3789 habeantur.

262 3838 338 3911 (18)
362 3835 575 3899 omnishomo
597 3837 627 3897 in
652 3837 702 3898 uia
715 3857 852 3919 pergens
872 3837 953 3898 intra
967 3846 1081 3899 rastam
1096 3858 1207 3920 pacem

179 3947 295 4010 babeat
318 3950 356 4011 de
380 3968 475 4011 manu
496 3968 566 4010 mea
588 3956 620 4010 et
639 3947 774 4010 liliorum
793 3970 954 4023 meorum,
975 3951 1028 4032 qui
1046 3952 1207 4032 pergendo

180 4061 282 4147 querit
297 4061 411 4124 forum.

918 4175 958 4243 ‘28
