2798 4764
477 950 729 1026 nsulsum
752 952 822 1026 111.
856 949 1012 1026 REGIS

576 1137 761 1200 runcum
782 1138 917 1200 annm

279 1308 502 1398 tutatust
527 1311 739 1399 flusrltuu
763 1311 818 1395 llll
844 1309 1003 1395 utsttm
1029 1310 1209 1396 tuclus}

647 1477 847 1534 mcccxxtu.

561 1633 583 1683 ll
607 1633 710 1684 schedis
733 1631 933 1683 l’odbarsczlrii.

313 1927 445 2007 Insuper
458 1945 517 1988 nos
530 1925 638 1990 babito
658 1932 807 1998 tractatu,
829 1926 869 1987 de
885 1923 1014 1987 consilio
1028 1924 1181 1986 baronum
1203 1941 1262 1984 no·

231 2048 382 2112 strorum,
404 2058 443 2102 ex
457 2038 559 2120 gracia
575 2039 785 2100 concessimus
800 2035 943 2118 speciali:

315 2149 359 2232 (1)
381 2158 415 2212 ut
429 2150 455 2213 si
470 2149 523 2232 qui
539 2169 576 2210 ex
595 2148 670 2230 ipsis
689 2149 841 2211 habentes
860 2148 995 2210 heredes
1017 2147 1069 2209 uel
1089 2147 1261 2228 proximos,

233 2283 289 2345 pro
299 2261 469 2326 homicidio
483 2260 534 2322 uel
549 2258 612 2323 alio
627 2258 731 2341 equali
746 2279 894 2332 excessu,
908 2259 1025 2321 casuali
1040 2257 1091 2320 uel
1106 2257 1259 2331 malefico,

231 2376 285 2441 uel
295 2394 484 2456 quocunque
497 2378 684 2435 nocumento
696 2370 807 2454 grandi
818 2370 996 2442 commisso,
1008 2391 1063 2451 pro
1073 2370 1259 2433 defensione

232 2505 366 2567 persone
387 2504 443 2546 sue
467 2482 654 2546 recesserint
678 2481 827 2564 fugitiuis,
849 2483 889 2544 de
903 2483 993 2544 bonis
1007 2489 1039 2544 et
1053 2481 1260 2563 possessioni·

229 2596 288 2659 bus
303 2596 411 2658 talium
426 2615 483 2658 uec
499 2615 554 2676 per
570 2615 640 2667 raus,
664 2615 721 2656 seu
738 2615 793 2676 per
809 2596 942 2657 barones
958 2603 1099 2667 nostros,
1119 2613 1179 2655 nec
1203 2611 1259 2674 per

230 2707 365 2770 iudicem
380 2725 489 2768 eorum
505 2705 623 2786 aliquid
638 2706 807 2779 auferatur,
820 2707 875 2771 sed
890 2707 1011 2788 integra
1028 2713 1059 2767 et
1072 2706 1158 2767 salua
1173 2704 1257 2786 apud

231 2837 361 2878 uxorem
382 2838 438 2878 seu
454 2816 587 2878 beredes
610 2824 662 2876 aut
677 2817 835 2896 proximos
850 2837 959 2879 eorum
976 2826 1191 2888 conseruotur,
1217 2834 1256 2877 ne

231 2928 482 3010 possessionibus
498 2948 606 2989 eorum
622 2929 755 3008 receptis
770 2947 826 2988 seu
841 2928 1006 3001 distractis,
1029 2928 1104 3010 ipsis
1120 2928 1258 3009 fugitiuis

231 3041 384 3102 redeundi
401 3039 529 3101 omnino
545 3061 616 3121 spes
632 3039 766 3113 tollatur,
794 3042 849 3102 sed
868 3048 899 3102 ut
914 3040 986 3102 lesis
1002 3040 1181 3103 satisfacere
1203 3058 1258 3099 tra-

229 3154 314 3217 leant
328 3155 366 3215 dc
379 3152 507 3215 eisdem.
529 3152 554 3213 si
569 3172 643 3214 uero
655 3152 825 3215 heredibus
837 3162 890 3215 aut
902 3153 1049 3234 proximis
1064 3152 1122 3233 ipsi
1135 3150 1258 3231 iugitiui

231 3265 397 3338 caruerint,
420 3266 458 3327 de
474 3264 727 3346 possessionibus
745 3274 776 3326 et
792 3265 880 3325 bonis
896 3284 1004 3325 eorum
1023 3265 1107 3324 ciues
1122 3263 1194 3323 lesis
1208 3282 1258 3322 sa-

229 3377 375 3440 tisfacere
396 3385 560 3439 teneantur
582 3377 755 3439 secundum
774 3375 931 3438 commissi
955 3376 1152 3456 qualitatem,
1179 3374 1258 3435 resi-

231 3489 327 3549 duum
342 3508 430 3560 uero,
452 3487 478 3548 si
494 3488 567 3569 quid
583 3488 691 3560 luerit,
713 3489 752 3549 ad
767 3508 846 3569 opus
862 3486 953 3549 castri
968 3487 1121 3549 Budensis
1140 3505 1258 3567 expeu-

231 3599 331 3660 datur.

312 3705 356 3786 (2]
378 3708 410 3768 Si
432 3728 509 3769 uero
529 3709 682 3791 quispiam
708 3731 747 3771 en
769 3711 917 3791 predictis
942 3710 1116 3791 hospitibus
1143 3710 1257 3771 uostris

228 3817 391 3879 intestatus
414 3818 600 3893 decesserit,
622 3822 836 3901 possessiones
859 3830 891 3883 et
911 3821 994 3882 bona
1014 3821 1122 3882 talium
1143 3820 1174 3881 in
1193 3828 1258 3881 tres

229 3937 335 4011 partes
352 3929 538 4002 diuiduntur,
555 3938 585 3991 et
600 3951 661 3993 uua
676 3932 880 3994 distribuatur
895 3951 951 4012 per
965 3930 1184 4013 eleemosynas
1198 3950 1258 4012 pro

228 4038 368 4104 remedio
383 4039 485 4101 anime
500 4038 691 4114 decedentis,
714 4042 776 4106 due
797 4061 875 4105 uero
891 4050 993 4123 partes
1008 4044 1049 4106 ad
1063 4043 1263 4107 munimenta

230 4160 262 4218 et
276 4149 399 4216 edificia
413 4151 505 4214 castri
518 4152 670 4216 Budensis
684 4162 897 4218 reseruentur.
