2798 4764
294 354 655 402 assentantium
676 357 766 403 mors
787 357 885 405 aaron
911 338 1045 426 (tt-t).
1126 344 1184 411 ttt

152 511 261 575 statuit
273 509 404 591 insuper
418 517 602 591 preceptum
616 510 730 573 ceteris
747 508 923 575 christianis
943 532 1077 595 regnum
1092 531 1185 578 suum

152 624 269 685 intrare
285 619 462 683 uolentibus
476 621 692 703 hospitalitatis
708 631 740 685 et
753 624 930 686 securitatis
944 625 1080 706 graciam
1095 625 1184 690 exhi·

153 733 240 805 here,
254 730 376 795 clericis
392 751 429 793 ac
443 733 605 794 monachis
621 740 807 814 potestatem
819 735 974 796 concessit
987 737 1185 816 presenciam

152 844 200 908 sui
212 843 364 918 adeundi,
379 844 492 926 quihus
506 844 718 906 uoluntarium
733 844 867 908 libenter
882 845 1021 908 auditum
1037 848 1185 928 prebens,

152 955 329 1020 orthodoxe
348 955 422 1018 lidei
444 975 552 1018 semen
569 956 704 1038 pectoris
718 957 750 1018 in
766 967 835 1020 orto
850 965 952 1019 satum
969 957 1183 1023 delectabatur

153 1087 282 1150 genuen
296 1068 450 1131 emittere.
1103 1058 1108 1069 “

235 1286 281 1370 (3)
303 1289 387 1365 Quid
401 1290 513 1374 plural
535 1291 625 1353 adest
638 1297 763 1373 tempus
777 1291 887 1355 celitus
899 1291 1096 1374 dispositum,
1118 1310 1186 1357 cre·

155 1401 232 1464 didit
252 1401 320 1483 ipse
343 1420 414 1463 cum
436 1400 640 1465 familiaribus
663 1403 727 1465 suis
749 1410 781 1464 et
800 1402 971 1485 baptizatus
986 1411 1053 1478 cst,
1074 1423 1185 1469 omnes

155 1512 272 1575 dicium
292 1532 348 1575 sue
370 1512 511 1575 subditos
525 1532 560 1575 se
576 1512 725 1595 pollicens
739 1512 910 1576 christiano
924 1514 1051 1577 nomine
1067 1516 1184 1578 manci·

152 1631 309 1706 paturum.
328 1641 463 1705 cumque
476 1623 607 1686 nimium
622 1631 706 1686 esset
719 1623 869 1688 sollicitus
884 1625 925 1687 de
939 1624 1109 1688 rebellibus
1125 1627 1183 1690 do·

155 1736 275 1798 mandis
297 1743 329 1798 et
346 1735 456 1797 ritibus
478 1734 638 1817 sacrilegis
660 1735 875 1810 destruendis,
897 1745 930 1800 et
950 1737 1183 1819 episcopatibus

155 1846 329 1911 secundum
344 1847 579 1910 estimacionem
600 1867 689 1910 suam
707 1846 747 1909 ad
767 1847 941 1929 protectum
961 1856 1067 1912 sancte
1082 1850 1183 1915 eccle-

154 1958 200 2021 sie
219 1957 409 2031 statuendis,
430 1957 562 2020 mirabili
583 1957 706 2020 uisione
729 1966 824 2021 noctu
839 1958 1017 2022 consolatus
1039 1979 1111 2023 eum
1126 1960 1183 2025 dc·

154 2069 267 2141 minus,
288 2068 363 2132 l'ecit
375 2077 478 2131 astare
493 2069 551 2130 sihi
565 2069 712 2130 iuuenem
728 2067 945 2131 delectabilem
960 2079 1106 2151 aspectu,
1127 2070 1182 2153 qui

155 2179 231 2243 dixit
245 2181 293 2242 ei:
313 2198 377 2263 pax
398 2179 454 2241 tibi
473 2177 586 2241 Christi
609 2177 725 2252 electe,
752 2179 846 2242 iubeo
866 2189 897 2242 te
919 2180 959 2243 de
973 2180 1183 2246 sollicitudine

155 2296 208 2353 tua
220 2291 290 2353 lore
304 2308 467 2363 securum,
489 2308 553 2353 non
577 2289 632 2352 tihi
654 2308 839 2353 concessum
860 2296 908 2353 est
927 2291 1080 2372 perlicere
1098 2291 1183 2372 quod

155 2403 331 2476 meditaris,
352 2402 427 2485 quia
447 2421 558 2464 manus
579 2399 712 2482 pollutas
734 2401 872 2464 humano
895 2402 1046 2483 sanguine
1070 2407 1184 2483 gestas.

155 2515 195 2578 de
208 2522 240 2578 te
253 2513 338 2577 lilius
352 2513 529 2576 nasciturus
544 2513 736 2595 egredietur,
757 2512 806 2573 cui
820 2511 879 2574 hec
893 2513 999 2576 omnia
1014 2511 1185 2594 disponen-

155 2629 196 2691 da
210 2626 316 2690 dicim
332 2625 536 2708 prouidencie
551 2622 684 2687 consilio
699 2623 843 2686 dominus
858 2623 1098 2686 commendabit.
1132 2623 1185 2687 llic

156 2759 237 2802 uuus
251 2739 311 2802 erit
325 2738 365 2801 de
379 2737 508 2820 regibus
522 2736 630 2800 electis
645 2756 665 2798 a
679 2736 822 2811 domino,
844 2756 993 2799 coronam
1011 2737 1075 2800 uite
1093 2754 1184 2800 secu-

156 2849 228 2913 laris
250 2857 498 2912 commutaturus
520 2856 638 2911 eterna.
667 2855 884 2911 uerumtamen
906 2848 1009 2910 uirum
1029 2846 1184 2931 spirituali

154 2959 318 3045 legacione
332 2960 388 3024 tibi
403 2958 674 3023 transmittendum
689 2957 914 3022 honorabiliter
927 2959 1093 3041 suscipito,
1114 2979 1185 3022 sus-

156 3082 279 3156 ceptum
300 3072 436 3135 honesto
455 3071 568 3134 timore
588 3070 777 3153 perdicionis
799 3069 906 3134 ultime
931 3071 1127 3153 perterritus,
1152 3078 1184 3135 at

155 3205 261 3250 amore
283 3195 390 3268 raptus
410 3184 528 3266 iugiter
547 3183 701 3246 manentis
721 3182 807 3264 spei,
835 3200 898 3264 que
920 3200 985 3245 uon
1005 3181 1184 3256 contundit,

155 3297 431 3362 exhorusionibus
453 3296 522 3360 eius
544 3315 609 3358 non
631 3294 740 3358 fictum
766 3295 871 3358 cordis
893 3292 996 3357 fidelis
1019 3310 1183 3357 asscmuan

154 3411 295 3503 prebetq.

236 3632 282 3716 (l)
313 3633 561 3718 Expergelactus
587 3633 734 3714 princeps
759 3630 912 3695 uisionem
937 3629 1073 3712 stuporis
1096 3630 1183 3712 prius

156 3765 281 3820 seeum,
304 3755 459 3828 postcom
474 3744 588 3808 Christi
606 3743 753 3807 fidelihus
767 3753 799 3808 et
812 3743 877 3806 suis
891 3750 1101 3824 pertractem,
1121 3743 1184 3808 dec

155 3860 277 3943 gracias
297 3861 478 3941 pauimento
500 3858 644 3922 manibus
673 3857 820 3941 expansis
844 3856 1000 3920 adherens
1024 3853 1185 3920 humililer

155 3973 236 4056 egit,
255 3991 291 4036 se
305 3972 577 4057 principatumque
598 3989 671 4034 cum
683 3971 749 4034 lilio
762 3971 920 4035 nascituro
934 3969 1077 4035 custodie
1090 3967 1184 4042 itlius,

155 4086 209 4171 qui
222 4105 287 4151 non
299 4086 418 4152 dormit
428 4105 534 4171 neque
549 4084 711 4161 dormitat,
731 4082 866 4149 lacrimis
886 4083 964 4150 luris
984 4079 1185 4146 commenda·

155 4200 212 4265 uit.
231 4199 308 4266 dum
321 4200 452 4267 miratam
461 4216 539 4286 argu
554 4197 703 4266 diuinitus
717 4199 758 4266 da
772 4199 844 4265 uiro
853 4196 1006 4284 predicte,
1019 4192 1184 4259 nunciatur
