2798 4764
173 318 237 391 tm
379 333 558 391 maumam
577 338 668 387 mais
688 340 752 387 aux
771 340 854 389 mm
874 338 995 388 munit.

176 506 209 563 at
227 496 332 561 iudeis
348 517 418 561 rem
438 493 585 561 uenalem
608 502 708 571 emat,
729 492 928 578 eandemque
950 514 1016 559 rem
1032 493 1207 559 atnumiua

175 610 301 674 testium
322 610 355 673 iu
375 608 494 673 cartula
507 610 646 673 scribere
660 609 771 684 iaciat,
792 618 823 673 et
837 608 988 672 cartulam
1003 608 1087 670 illam
1100 606 1206 691 sigillo

176 722 355 805 utriusque,
376 720 547 786 uenditoris
562 722 681 785 scilicet
695 729 728 785 et
740 719 889 804 emptoris
903 728 981 802 aput
994 738 1028 783 se
1040 719 1207 792 custodiat,

176 841 213 897 ut
227 834 254 897 si
276 833 404 916 quaudo
425 833 458 896 in
478 833 538 898 hac
559 835 717 919 emptione
737 833 811 897 furti
831 853 905 897 reus
925 832 1031 916 aliquo
1046 840 1207 914 arguatur,

177 945 337 1025 domiuum
359 946 405 1010 rei
425 945 543 1010 furtiue
565 967 627 1032 que
649 954 724 1030 aput
742 967 777 1010 se
800 945 962 1031 recognita
983 953 1042 1019 est,
1063 952 1094 1008 et
1108 951 1206 1007 testes

176 1056 413 1141 prenominatus
426 1057 580 1140 producat
593 1067 625 1123 at
637 1057 801 1122 liberetur.

258 1171 315 1247 (5)
337 1167 370 1233 Si
391 1176 497 1234 autem
516 1170 679 1243 dominum
695 1168 811 1235 furtiue
830 1168 878 1234 rei
901 1177 932 1232 et
950 1167 1111 1252 recognita
1133 1186 1208 1251 pro·

177 1282 294 1346 ducam
317 1302 381 1344 nou
403 1281 532 1363 putarit,
559 1283 710 1346 cartulam
730 1302 809 1346 uero
828 1280 994 1365 sigillatam
1016 1278 1207 1354 ostenderit,

176 1388 355 1459 iuramento
369 1393 495 1459 testium
509 1391 730 1479 inscriptorum
746 1386 896 1478 purgatus
910 1392 1036 1459 euadat.

260 1508 318 1582 (6)
339 1504 373 1568 Si
391 1513 496 1570 autem
519 1514 615 1570 testes
635 1504 821 1571 christianos
842 1526 907 1569 nou
929 1503 1089 1581 habuerit,
1109 1511 1142 1568 et
1155 1505 1208 1567 Iu·

178 1619 258 1684 deus
278 1617 411 1682 idoneos
432 1618 627 1701 produxerit,
652 1625 684 1682 et
702 1617 881 1682 iuramento
901 1636 1011 1682 eorum
1033 1617 1206 1682 secundum

176 1729 281 1814 legem
311 1730 480 1793 iudeorum
508 1738 659 1815 purgatus
687 1728 801 1805 suerit,
834 1728 910 1795 iurti
938 1729 1207 1813 composicionem

175 1841 356 1929 quadruplo
370 1840 539 1926 persoluat.

260 1956 318 2032 (7)
340 1955 433 2031 Quod
457 1954 485 2021 si
508 1973 569 2020 nea
595 1952 758 2019 domiuum
780 1953 941 2039 recognita
964 1954 1013 2017 rai
1035 1952 1209 2029 inuenerit,

177 2086 239 2133 naa
257 2066 410 2133 amintam
426 2065 593 2151 uigiiiatam
613 2067 815 2149 produxerit,
833 2086 923 2131 more
938 2065 1039 2149 patrie
1054 2064 1208 2131 diiudica-

176 2188 240 2256 uu,
259 2179 527 2264 composicionem
539 2179 614 2243 iutti
629 2179 801 2245 duodecim
815 2179 986 2264 persoluat
