2798 4764
181 352 268 405 mn
280 358 320 402 iv.
331 358 421 402 arcis
432 359 748 403 crusnrasuosrrrru
761 361 801 403 ns
812 361 1029 405 couniantur.
1042 340 1131 405 1238.
1146 341 1207 404 llo

181 512 211 573 iu
226 532 304 593 pace
319 511 498 592 tranquilla,
521 534 577 573 stra
598 514 723 575 cuilibet
743 515 809 575 iura
830 515 1002 586 reddendo,
1025 515 1207 577 confouere.

181 643 250 684 cum
273 623 365 703 igitur
384 625 414 683 in
439 624 585 684 comitatu
610 625 793 685 l'osoniensi
817 625 902 687 locus
926 624 979 704 qui
1003 623 1207 706 Zombathely

181 735 302 807 dicitur,
324 735 497 816 hospitibus
513 736 740 816 congregandis
759 737 937 817 aptissimus
952 736 1104 807 uideatur,
1130 735 1207 797 ciui-

181 846 237 906 bus
257 853 288 906 et
306 846 336 904 in
354 846 465 907 eodem
486 846 556 906 loco
572 846 791 918 residentibus
815 855 845 907 et
860 846 958 927 quiin
975 854 1135 925 posterum
1151 865 1206 907 ue-

180 956 246 1016 nire
263 957 433 1027 noluerint,
457 957 548 1018 talem
565 957 775 1017 concessimus
792 955 986 1017 libertatem:

263 1064 310 1145 (i)
335 1076 367 1127 ut
382 1070 420 1129 ad
436 1070 553 1149 regiam
572 1088 720 1130 coronam
742 1066 918 1146 specialiter
935 1067 1124 1145 pertineant,
1146 1086 1205 1129 nec

180 1176 394 1257 cuiuscunque
405 1178 610 1240 iurisdictioni
623 1179 795 1240 donacione
808 1177 859 1239 uel
871 1179 1095 1259 cuiuscumque
1107 1187 1205 1240 trans-

180 1286 307 1348 lacionis
324 1289 416 1348 modo
432 1290 672 1350 committantur.
875 1274 879 1280 Ι

261 1397 304 1474 (2)
327 1399 389 1458 Nec
404 1399 435 1458 in
452 1399 637 1471 exercitum,
661 1400 709 1460 cui
729 1421 783 1461 rer
803 1401 1010 1481 personaliter
1025 1421 1087 1461 non
1109 1401 1205 1463 inter·

180 1508 288 1580 luerit,
310 1509 418 1570 uenire
441 1510 679 1591 compellantur,
702 1513 757 1574 sed
781 1513 967 1573 decentum
990 1513 1203 1574 mansionibus

179 1641 274 1680 unum
292 1620 418 1681 militem
431 1622 574 1683 omnibus
590 1625 773 1685 necessariis
790 1624 973 1686 militaribus
984 1624 1204 1686 honestissime

179 1739 375 1809 preparatum
396 1733 517 1794 mittere
533 1741 706 1794 teneantur.

260 1840 303 1922 (3'1
326 1844 468 1904 lluellum
487 1865 562 1906 uero
578 1867 636 1907 nec
652 1847 796 1921 intereo,
819 1870 877 1910 uec
893 1849 993 1909 eciam
1009 1868 1080 1909 cum
1095 1846 1204 1909 alienis

178 1956 386 2025 committere,
402 1957 553 2036 cuiusque
570 1958 683 2018 indicio
701 1960 962 2040 constringantur,
981 1961 1036 2020 sed
1051 1960 1203 2039 cuiusque

177 2066 354 2145 quescionis
367 2067 496 2128 materia
508 2068 675 2128 duodecim
692 2070 851 2129 lromiuum
868 2071 1042 2130 iuramento
1053 2069 1203 2148 sopiatur.

177 2186 271 2238 testes
293 2187 395 2238 autem
419 2187 524 2239 contra
546 2178 630 2259 ipsos
652 2180 781 2258 produci
796 2188 972 2260 nequeant,
995 2179 1130 2241 nisiex.
1146 2221 1154 2238 .
1170 2221 1202 2239 ..

178 2288 226 2348 uel
242 2289 291 2348 alii
308 2289 458 2368 hospites,
480 2290 532 2369 qui
548 2289 698 2350 consimili
714 2289 870 2369 gaudeant
885 2290 1037 2350 libertate.

259 2399 304 2479 (l)
327 2401 428 2462 Solius
450 2402 549 2462 eciam
571 2401 653 2479 regis
675 2401 801 2473 iudicio,
823 2401 872 2461 nel
889 2420 983 2481 quem
999 2400 1056 2479 ipsi
1074 2398 1146 2459 uille
1169 2397 1201 2460 iu

177 2512 312 2571 uillicum
328 2513 530 2591 profecerint,
553 2513 675 2573 adstare
693 2513 838 2573 debeant.
860 2512 997 2572 uillicum
1012 2519 1135 2583 autem,
1149 2518 1202 2572 aut

177 2641 268 2701 quem
291 2623 350 2701 ipsi
374 2624 591 2694 communiter,
620 2622 670 2683 uel
692 2643 800 2683 eorum
828 2622 927 2685 maior
949 2630 980 2683 et
1001 2621 1107 2682 sanior
1128 2641 1202 2702 pars

178 2732 321 2813 elegerit,
351 2734 488 2795 habeant
512 2734 607 2813 regali
629 2733 867 2795 confirmacione
890 2733 1071 2796 accedente.
1102 2732 1203 2815 quisi

177 2843 209 2902 in
231 2844 335 2925 aliquo
356 2846 457 2906 minus
478 2846 610 2907 idoneus
626 2846 772 2908 iuuentus
787 2845 897 2920 suerit,
919 2846 1003 2928 regis
1018 2845 1201 2908 auctoritate

178 2975 195 3016 a
210 2956 403 3018 nillicaaione
420 2957 599 3037 repellatur.

259 3066 303 3146 (ὅ)
331 3070 416 3130 ldem
439 3079 542 3130 autem
569 3069 689 3131 uillicus
711 3090 820 3132 omnes
843 3090 953 3133 causas
973 3071 1053 3132 inter
1073 3090 1128 3131 eos
1150 3068 1203 3131 uel

178 3189 341 3240 extraneos
364 3200 432 3239 crim
456 3181 500 3241 eis
526 3191 649 3242 exortas
671 3182 826 3243 iudicandi
842 3183 873 3241 in
889 3200 1074 3263 quacunque
1088 3181 1143 3242 lite
1158 3179 1202 3240 ci·

179 3292 229 3351 uili
251 3291 300 3351 uel
316 3291 464 3353 criminali
486 3293 599 3353 lrabeat
620 3293 808 3355 facultatem.
837 3293 930 3373 quisi
949 3292 981 3352 in
997 3291 1139 3352 facienda
1153 3290 1201 3351 iu·

177 3405 262 3464 stiria
284 3411 425 3482 repertus
447 3403 539 3463 luerit
560 3404 720 3484 negligens
740 3405 791 3465 uel
812 3403 983 3484 imperitus
1006 3403 1055 3463 uel
1077 3401 1102 3462 si
1124 3399 1200 3464 uilla

178 3516 383 3575 communiter
408 3522 602 3586 contemnat,
634 3521 698 3576 tum
723 3517 847 3576 demum
875 3515 914 3574 ad
943 3514 1025 3595 regis
1052 3513 1200 3577 iudicium

177 3634 364 3687 recurratur.
402 3633 432 3685 ct
457 3644 565 3685 omues
591 3625 642 3705 qui
669 3625 699 3685 in
725 3625 858 3686 eandem
883 3622 987 3685 uillam
1012 3643 1201 3706 quocunque

178 3745 317 3816 tempore
331 3735 490 3796 habitandi
507 3755 599 3796 causa
615 3736 836 3808 conuenerint,
858 3736 910 3795 uui
934 3733 1038 3797 uillico
1053 3736 1115 3798 sint
1127 3735 1202 3798 sub-

176 3846 258 3906 iecti.

261 3955 302 4037 (G)
325 3959 426 4039 Super
441 3958 600 4020 solucione
620 3978 696 4021 uero
712 3957 817 4020 tributi
832 3960 945 4022 eodem
966 3957 1034 4022 iure
1049 3977 1202 4022 censean-

177 4080 236 4143 tur,
258 4088 322 4151 quo
338 4070 423 4132 ciues
437 4070 600 4132 Albenses,

259 4180 303 4266 (7)
327 4181 404 4244 Cum
430 4181 645 4249 nummulariis
667 4191 772 4246 autem
799 4183 942 4247 seruiens
964 4183 1085 4249 comitis
1108 4199 1201 4266 paro·
