2798 4764
520 363 592 418 vara
609 363 638 409 s.
655 363 791 410 cumani
810 343 867 430 (ll.
1147 344 1211 419 lid

177 516 363 581 Anastasius
377 512 474 581 abbas
486 537 494 579 ε
516 524 644 581 auctore
659 537 796 601 namque
809 519 872 582 deo
887 525 1030 602 tempore
1044 519 1138 584 buius
1150 524 1209 587 ud·

174 627 323 693 nerabilis
342 629 427 710 regis
448 647 508 691 nos
527 629 694 692 uenientes
714 630 747 692 in
769 629 831 692 hoc
849 649 982 713 regnum
995 632 1089 713 primi
1101 632 1209 716 predi*

175 741 317 804 commus
340 737 459 822 populo
474 740 607 803 uerbum
628 740 696 814 dei,
719 747 751 804 et
764 758 848 804 nunc
862 741 936 804 licet
949 742 1110 818 immeriti,
1130 743 1207 809 lacu

174 871 283 915 sumus
297 858 332 913 tu
347 851 524 932 episcopus,
546 869 606 933 ego
620 871 697 914 uero
710 850 817 914 abbas.
839 852 1001 915 dominum
1012 858 1117 916 autem
1127 853 1206 920 Ger*

174 963 307 1026 bardum
323 962 434 1025 eadem
450 962 627 1026 deuocione
639 961 751 1025 estimo
764 962 942 1027 aduenisse.
961 974 1117 1046 ponentes
1128 974 1206 1051 erg'a

173 1096 246 1139 eum
260 1075 292 1137 in
307 1081 415 1137 nostro
428 1074 586 1148 uehiculo,
601 1075 753 1139 ducamus
768 1076 809 1139 ad
823 1095 948 1159 regem,
970 1097 1065 1160 quem
1081 1077 1205 1142 aneilla

174 1207 231 1270 pro
245 1206 359 1274 magno
380 1205 513 1250 munere
535 1188 725 1270 acceptabit,
754 1189 809 1272 qui
829 1189 921 1252 nobis
939 1190 1082 1273 precepit
1095 1206 1205 1255 omues

174 1301 338 1364 uenientes
361 1300 520 1380 recipere,
552 1309 584 1363 ct
607 1318 687 1382 quos
709 1301 853 1384 ydoneos
878 1302 1121 1381 cognouerimus
1144 1300 1205 1386 pre

174 1430 308 1494 persona
326 1430 383 1476 sua
404 1412 583 1494 specialiter
604 1432 781 1476 reseruare.
809 1414 849 1478 ad
871 1413 932 1476 hoc
945 1433 1025 1477 uero
1038 1413 1204 1498 respondit

176 1525 342 1606 episcopus
356 1524 482 1587 dicens:
504 1533 554 1600 tu,
574 1526 691 1608 inquit,
712 1526 794 1611 abba
808 1527 907 1601 nosti,
929 1525 1073 1590 adiebus
1086 1527 1203 1610 quibus

173 1643 298 1698 sanctus
319 1634 507 1699 adalbertus
532 1637 682 1718 magister
701 1647 809 1701 noster
828 1637 958 1702 intrauit
982 1656 1116 1719 regnum
1140 1638 1203 1702 Uu'⁴

173 1747 276 1828 gar-ie,
297 1747 352 1830 qni
373 1747 457 1810 hunc
478 1767 586 1831 regem
608 1749 729 1824 adbuc,
750 1769 821 1811 cum
844 1750 993 1832 paruulus
1008 1760 1107 1825 esset,
1129 1764 1202 1814 eru-⁵

173 1860 262 1934 diuit,
283 1867 316 1923 ct
328 1879 412 1922 nunc
425 1860 458 1923 in
472 1860 602 1924 iuuenili
617 1869 698 1925 etate
713 1863 932 1937 constitutum,
953 1863 1069 1926 scimus
1080 1861 1202 1928 cunctis

171 1959 304 2035 cum‘ee
326 1969 538 2036 habitantibus
557 1973 817 2040 benefacientem.
852 1976 909 2038 sed
931 1983 963 2039 ct
982 1975 1073 2039 labor
1091 1981 1202 2040 noster

171 2104 289 2148 uacuus
309 2103 374 2147 non
395 2084 469 2159 brit,
490 2105 563 2148 nam
577 2105 657 2169 quos
677 2096 770 2151 antea
791 2087 926 2150 uidimus
939 2086 1040 2170 ydolis
1060 2086 1199 2162 seruire,

171 2196 265 2259 modo
279 2195 423 2260 uidemus
437 2197 531 2261 Ibesu
544 2197 669 2261 Christo
683 2199 843 2263 leruenter
853 2199 1019 2262 merere.
1037 2219 1105 2260 non
1114 2198 1201 2261 enin

170 2309 238 2373 sine
259 2317 337 2372 nutu
357 2308 410 2372 dci
431 2310 589 2374 credimus
611 2311 680 2375 sore
702 2312 836 2385 lectum,
856 2319 891 2374 ut
905 2309 1049 2374 dominus
1064 2310 1201 2373 Gerbarss·

171 2423 229 2485 dus
251 2422 284 2484 in
305 2421 387 2484 hauc
410 2422 606 2505 prouinciam
627 2444 685 2506 per
707 2431 793 2486 tanta
816 2422 994 2486 discrimina
1019 2420 1199 2497 aducneril,

170 2552 265 2615 quem
285 2534 431 2596 dominus
446 2534 555 2597 lbesus
577 2554 678 2617 usque
699 2534 741 2597 ad
760 2553 819 2596 nos
832 2533 998 2615 perduxit,
1020 2540 1054 2596 ut
1068 2552 1133 2596 non
1146 2551 1200 2595 so-

169 2644 233 2708 lum
247 2645 430 2729 temporalis
451 2646 536 2729 regis
559 2646 697 2729 graciam
710 2643 868 2720 inueniat,
889 2644 945 2708 sed
961 2651 994 2709 et
1006 2643 1200 2727 sempiterne

171 2757 211 2819 ad
235 2776 315 2839 quos
340 2756 521 2824 Gerbardus
548 2757 704 2821 submisso
728 2755 819 2820 uultu
843 2756 1003 2820 humiliter
1025 2754 1200 2838 respondit,

170 2868 295 2933 dicens:
316 2869 494 2933 benefaciat
507 2868 598 2933 uobis
608 2868 687 2935 deus
699 2869 898 2950 omnipotens
912 2867 1082 2932 reuerendi
1091 2875 1199 2961 patrea

80 3036 98 3063 ,
173 2981 235 3044 mei
258 2988 290 3045 et
310 2981 444 3056 domini,
472 2981 641 3064 proculus
664 2998 772 3044 amore
796 2980 962 3055 laboratis,
983 3000 1034 3044 me
1056 2981 1199 3063 ignotum

172 3111 280 3159 amore
300 3093 442 3157 fraterno
462 3093 639 3176 diligentes.
667 3093 725 3159 sed
739 3093 814 3176 quia
828 3094 941 3156 curitsu
954 3093 988 3156 in
1003 3090 1200 3156 necessitatb

169 3204 298 3268 arficulo
312 3204 475 3279 elucescit,
497 3203 570 3267 nolo
584 3224 643 3267 uos
657 3204 771 3278 latere,
793 3203 834 3266 ob
847 3221 943 3286 quam
957 3220 1084 3269 causam
1099 3201 1200 3265 deuo

169 3316 270 3378 nerim
296 3314 330 3380 in
357 3317 439 3380 banc
466 3317 640 3401 rcgiooem.
679 3317 783 3380 inerat
805 3314 882 3378 mibi
906 3314 1053 3378 uoluntas
1075 3312 1199 3376 seruire

171 3428 305 3491 creatori
325 3448 396 3492 meo
418 3428 451 3491 in
470 3428 588 3511 patria,
613 3429 724 3510 inqua
742 3426 1200 3510 ipseprosalutecunctoruu'

169 3558 204 3601 se
225 3534 363 3605 subdidit
374 3539 528 3604 seruituti.
558 3538 776 3621 disposueram
791 3539 876 3601 enim
889 3555 977 3601 mare
991 3535 1141 3611 transire,
1162 3543 1200 3605 Ι

168 3651 272 3714 locum
293 3651 484 3714 dominicum
508 3651 685 3726 uisitarem,
715 3650 772 3717 sed
792 3657 889 3712 uento
911 3647 1070 3713 conuario
1091 3646 1199 3730 probi·

169 3763 272 3840 bento,
287 3771 396 3827 uotum
409 3764 496 3848 qnod
507 3781 716 3845 conceperam
729 3781 793 3824 non
807 3761 895 3845 potui
909 3760 1091 3844 adimplere.
1111 3760 1198 3825 unde

167 3875 356 3940 admonente
368 3875 499 3941 domino
512 3876 634 3941 Rasina
647 3875 688 3941 ad
701 3873 878 3938 Danubium
899 3873 1043 3940 conuerti
1056 3873 1116 3938 iter
1130 3892 1200 3940 me·

165 4007 236 4064 um,
248 3987 378 4072 illicque
391 3987 535 4073 disposui
549 3987 707 4053 mediante
720 3997 828 4053 uestro
842 3984 958 4051 auxilio
972 4005 1066 4070 posse
1080 4000 1199 4070 petua·

164 4100 245 4164 nire.
272 4101 324 4164 cui
342 4100 593 4185 responderunt:
614 4118 704 4166 cessa
717 4099 880 4165 Gerbarde
894 4099 934 4165 ab
948 4100 1010 4162 boc
1024 4099 1201 4183 propositc;

165 4203 1201 4300 etnelidiatralaiperlurinsnodicopitaaloussueluntasealn·
