2798 4764
403 323 541 403 suomi
562 324 661 371 oasra
682 324 890 373 scrumosus
912 305 988 391 [56].
1167 311 1207 387 51

185 487 309 544 uerunt.
337 478 413 542 felix
433 478 526 561 igitur
540 477 760 560 Hungarorum
781 476 919 551 embola,
945 477 1040 542 multa
1056 478 1209 562 periculo·

182 612 251 656 rum
266 590 470 674 experientia
483 591 545 653 iarn
559 590 699 653 securior
713 597 744 653 et
757 591 969 664 exercitacior,
997 591 1036 654 de
1050 592 1118 675 ipsa
1132 611 1208 656 con·

184 706 270 769 tinua
285 701 511 766 exercitatione
524 700 695 783 praliornm
718 702 838 764 uiribus
854 710 885 764 et
898 710 1051 784 potestate
1064 710 1208 788 prestan-

182 818 257 891 cior,
278 824 375 879 totam
390 814 553 877 Bauariam
569 813 841 887 etAlemanniam,
863 832 899 875 ac
914 812 1079 878 Saxoniam
1094 826 1126 879 et
1137 836 1208 899 reg·

182 950 256 993 num
270 927 476 991 Lotbariense
495 928 567 1009 igne
583 934 614 989 et
627 926 730 1010 gladio
746 935 1004 1000 consumserunt,
1025 936 1056 990 et
1069 928 1207 991 Ercban-

183 1062 291 1127 gerum
313 1048 406 1123 atque
420 1038 599 1102 Bertaldum
621 1040 716 1101 duces
732 1059 842 1101 eorum
857 1038 1105 1102 decollauerunt.
1135 1039 1208 1103 binc

183 1172 257 1217 uero
273 1152 393 1235 egressi
408 1150 569 1213 Franciam
592 1158 623 1213 et
637 1148 767 1212 Galliam
788 1158 1064 1233 expugnauerunt,
1085 1157 1117 1213 et
1134 1150 1209 1213 dum

184 1263 253 1328 inde
276 1263 411 1326 uictores
434 1269 680 1335 reuerterentur,
712 1280 752 1324 ex
773 1262 894 1325 insidiis
913 1263 1071 1327 Saxonum
1097 1256 1210 1346 magna

188 1384 283 1459 strage
297 1374 474 1458 perierunt,
503 1374 555 1458 qui
571 1382 676 1437 autem
691 1394 731 1437 ex
746 1375 820 1457 ipsis
838 1382 1008 1439 euaserunt
1029 1375 1069 1438 ad
1084 1375 1209 1458 propria

192 1488 353 1551 eluunt.
370 1489 427 1551 sed
442 1488 480 1550 dc
496 1494 597 1550 morte
608 1485 685 1549 Lelu
698 1485 854 1550 etBulsuu
870 1486 1065 1571 aliorumque
1081 1506 1208 1551 suorum

193 1600 313 1663 militurn
327 1601 397 1662 llus
412 1600 499 1662 Zulta
519 1609 550 1662 et
563 1599 612 1661 sui
627 1599 775 1682 primates
789 1618 852 1663 non
867 1600 1022 1663 modicum
1042 1607 1115 1664 sunt
1131 1619 1207 1664 con·

186 1713 305 1786 turbati,
320 1721 351 1775 ct
366 1712 480 1774 inimici
494 1713 755 1776 Teotbonicorum
771 1722 841 1776 sunt
855 1712 939 1776 iacti.
961 1721 1032 1778 tunc
1047 1714 1110 1776 dux
1122 1712 1209 1801 Zulta

185 1833 215 1887 et
225 1824 275 1887 sui
290 1823 412 1897 milites,
434 1832 561 1907 propter
576 1822 691 1887 illatam
706 1824 850 1888 iniuriam
864 1824 1079 1898 inimicorum,
1100 1833 1209 1889 contra

185 1956 236 2001 eos
250 1935 405 2020 inspirare
421 1946 587 2018 ceperunt,
608 1946 638 2000 et
653 1957 716 2020 quo
726 1937 803 2001 libet
816 1938 910 2001 modo
922 1945 1052 2020 possent
1065 1937 1111 2001 eis
1122 1938 1208 2002 uices

183 2048 330 2123 reddere,
355 2068 420 2110 non
435 2056 583 2111 tacerent.
612 2049 668 2112 sed
682 2047 789 2113 diuina
804 2049 906 2132 gracia
928 2050 1115 2122 adiuuante,
1143 2048 1207 2125 dux

183 2158 268 2222 Zulta
281 2179 364 2224 anno
380 2159 535 2222 dominice
549 2159 775 2225 incarnacionis
785 2160 1022 2224 DCCCCXXXI
1031 2159 1207 2244 genuitfili·

182 2292 250 2347 usn,
272 2293 368 2357 quern
382 2271 553 2335 nominauit
575 2275 718 2347 Toosun,
745 2272 882 2355 pulcbris
904 2274 1002 2336 oculis
1023 2281 1055 2335 et
1078 2272 1209 2355 magnis,

184 2384 284 2468 capilli
298 2384 379 2477 nigri
391 2391 421 2447 et
436 2383 555 2458 molles,
570 2402 693 2447 comam
706 2383 840 2448 babebat
856 2392 890 2446 ut
902 2383 963 2457 leo,
979 2391 1013 2445 ut
1026 2382 1059 2444 in
1072 2402 1207 2466 sequen·

182 2497 262 2561 tibus
276 2496 418 2560 audictis.

261 2718 328 2801 (56)
355 2720 400 2783 De
419 2722 546 2784 inimicia
566 2719 688 2783 Athonis
709 2722 793 2801 repis.
844 2720 964 2783 Eodem
987 2740 1069 2787 anno
1091 2720 1206 2785 inimici

181 2830 311 2895 Athonis
335 2832 418 2914 regis
438 2831 722 2896 Theotbonicorum
747 2832 780 2894 in
804 2851 914 2895 necem
939 2831 1007 2896 cius
1031 2832 1205 2897 detestabili

182 2944 320 3007 iocinore
342 2944 607 3018 machinabantur,
629 2944 681 3028 qui
702 2963 771 3006 cum
796 2964 851 3026 per
866 2962 900 3006 sa
920 2941 997 3006 nibil
1010 2943 1082 3007 mali
1100 2944 1206 3009 iacere

184 3056 212 3119 ei
226 3056 417 3139 potuissent,
432 3056 578 3119 auxilium
592 3056 813 3139 Hungarornm
828 3075 939 3139 rogare
954 3063 1119 3138 ceperunt,
1133 3056 1207 3140 quia

182 3168 320 3231 sciebant
333 3168 418 3252 qnod
431 3168 570 3251 ilungari
593 3176 698 3231 essent
719 3165 946 3250 insuperabiles
961 3166 994 3228 in
1009 3167 1124 3231 asuetis
1139 3164 1206 3230 bel·

182 3278 281 3343 lorum
295 3280 462 3354 laboribus,
478 3289 509 3343 et
522 3279 663 3362 plurimis
678 3280 782 3363 regnis
799 3280 876 3342 deus
891 3300 948 3361 per
961 3298 1016 3343 cos
1030 3280 1144 3342 suroris
1158 3280 1207 3343 sui

182 3390 306 3477 flagella
320 3392 526 3474 propinasset.
555 3400 627 3454 tunc
642 3390 685 3453 illi
700 3391 815 3453 inimici
829 3390 958 3454 Athonis
972 3390 1055 3474 regis
1070 3390 1207 3455 Teotbo·

183 3504 323 3567 uicorum
344 3504 495 3591 miserunt
515 3504 646 3566 nuncios
666 3522 740 3566 suos
761 3504 800 3566 ad
816 3503 933 3564 Zultam
956 3501 1086 3577 ducem,
1106 3502 1207 3566 uirum

182 3614 382 3689 bellicosum,
404 3623 436 3679 et
456 3624 647 3698 rogauerunt
661 3635 732 3677 eum
756 3615 828 3678 dato
844 3633 920 3677 auro
936 3612 1043 3688 multo,
1065 3623 1098 3679 ut
1120 3615 1207 3678 adiu-

182 3728 262 3792 torio
275 3727 420 3809 bungaro
435 3726 607 3809 predictum
623 3748 732 3811 regern
746 3727 900 3790 Athonem
921 3727 1115 3792 inundarent.
1144 3728 1207 3792 (lux
1270 3766 1273 3775 ·

181 3858 259 3903 uero
273 3837 376 3913 Zulta,
397 3839 560 3903 iracundia
574 3839 699 3913 ductus,
727 3846 789 3904 tam
805 3859 861 3925 pro
876 3859 985 3903 eorum
1000 3860 1076 3922 paca
1092 3849 1124 3903 ct
1136 3861 1209 3922 pre·

181 3944 242 4025 cio,
262 3970 357 4035 quarn
379 3950 478 4015 eciam
502 3970 561 4035 pro
579 3960 679 4013 morte
700 3950 778 4014 Lelu
800 3960 831 4015 et
851 3951 987 4025 bulsuu,
1007 3950 1207 4034 gemebundo

180 4069 311 4146 pectora
329 4060 413 4124 misit
433 4061 607 4125 exercitum
628 4081 775 4145 magnum
797 4071 904 4127 contra
923 4062 1079 4126 Athonem
1100 4079 1209 4142 regem

181 4164 485 4251 Tbcotbouicorum,
499 4175 611 4265 quibus
626 4175 781 4269 principes
797 4183 828 4241 ct
843 4175 990 4247 ductores
1004 4173 1079 4240 iecit
1090 4174 1208 4247 boton·
1275 4220 1281 4227 .
