2798 4764
394 938 589 1004 INCIPIUNT
609 941 804 1005 IIUNOIIIIII
829 943 968 1006 GESTA.

247 1243 294 1329 (l)
322 1245 490 1311 IIultilarie
513 1248 680 1331 multisque
705 1249 805 1313 modis
827 1249 901 1312 olim
921 1249 955 1311 in
977 1248 1193 1318 ueteritesta·

170 1365 288 1432 mento,
311 1365 343 1421 et
364 1379 447 1421 nune
468 1360 527 1425 sub
548 1368 630 1423 etate
651 1369 740 1424 sextu
761 1359 859 1426 seculi
881 1360 1024 1425 diuersus
1046 1360 1192 1427 historiar
1238 1346 1241 1353 ’

176 1467 283 1532 domi
297 1470 548 1552 descripserunt:
569 1481 663 1555 prout
677 1474 821 1555 Iosephus,
841 1473 981 1546 Isidorou,
1010 1472 1140 1547 Orosius,
1160 1481 1192 1537 et

176 1577 334 1663 liutfridus,
350 1581 464 1664 aliique
479 1603 573 1666 quarn
588 1583 705 1667 plures,
721 1605 855 1669 quorum
869 1584 995 1650 nomios
1010 1586 1189 1669 exprimere

169 1712 229 1757 non
243 1703 292 1757 est
306 1714 396 1777 opus.
417 1715 477 1779 ego
488 1705 590 1760 autern
602 1698 635 1759 in
650 1696 703 1761 illo
718 1707 859 1781 tempore
873 1698 957 1760 illius
970 1698 1094 1773 mundi,
1111 1696 1189 1765 illud

166 1823 245 1887 opus
259 1805 419 1869 inchoeui:
434 1810 560 1890 quando
572 1809 707 1872 charitas
718 1808 919 1893 refriguerat,
932 1808 1079 1892 iniquitas
1090 1809 1190 1897 ohun7

166 1916 310 1992 denerat,
331 1919 474 1982 etomnis
487 1920 752 1996 euroedmelum,
775 1939 869 2007 quem
880 1921 920 1983 ad
932 1921 1048 1984 bonum
1058 1919 1189 2009 pronior

165 2036 243 2092 erut.
264 2047 360 2110 porro
370 2049 440 2090 oum
454 2050 512 2112 per
524 2031 644 2095 cladem
657 2032 776 2107 diluuii,
794 2040 901 2114 preter
911 2034 977 2095 Noe
992 2040 1023 2095 et
1033 2039 1096 2094 tres
1107 2030 1187 2094 filios

165 2139 233 2201 eius
248 2138 352 2202 deleto
367 2150 451 2204 esset
466 2143 566 2205 omnis
582 2163 671 2217 caro,
693 2143 818 2206 tandem
834 2163 873 2205 ex
887 2142 977 2217 Sem,
996 2143 1075 2204 Kem
1096 2149 1126 2204 et
1139 2140 1188 2204 lu·
1321 2208 1326 2217 ,

163 2251 263 2334 phetlr
277 2251 363 2314 LXX
385 2254 445 2315 due
467 2254 564 2318 trihus
586 2263 657 2337 post
677 2255 828 2317 diluuium
849 2262 922 2317 eunt
941 2273 1119 2336 progresso.
1147 2250 1187 2315 de

163 2366 237 2427 Sem
259 2365 362 2440 XXII,
384 2386 424 2428 ex
444 2367 523 2430 llam
547 2367 698 2441 XXXIII,
719 2366 852 2430 aieleth
873 2386 951 2428 uero
966 2366 996 2427 X
1011 2373 1042 2429 et
1055 2371 1188 2445 septem.

163 2476 237 2538 dum
252 2485 356 2539 eutem
371 2478 467 2540 tribus
482 2479 552 2553 iste,
566 2479 647 2541 siout
661 2478 758 2542 refert
767 2477 929 2559 Iosephus,
943 2477 1050 2560 lingua
1063 2456 1187 2553 ebreietl

163 2594 337 2662 uterentur,
359 2584 441 2652 diclo
454 2591 556 2672 primo
571 2609 655 2653 anno
669 2597 741 2673 post
761 2587 911 2652 diluuium
924 2587 1048 2652 Ileorot
1068 2607 1187 2672 gygone

162 2699 244 2763 lilius
260 2700 370 2763 Thana
391 2723 430 2764 ex
451 2703 569 2767 semine
584 2702 663 2766 Ialet
682 2702 850 2776 oriundus,
871 2710 988 2765 turrem
1003 2710 1186 2764 construere

164 2810 248 2893 oepit
268 2833 339 2875 cum
362 2814 448 2876 omni
472 2815 665 2897 cognacione
696 2835 766 2890 sua,
793 2815 990 2879 attendentes
1011 2796 1186 2896 perieulnrn

163 2925 363 3005 preteritum,
395 2933 429 2988 ut
452 2925 479 2988 si
504 2926 699 3010 contingeret
724 2926 875 2990 diluuium
900 2924 1024 3000 iterari,
1055 2932 1186 3008 possent
1263 2933 1266 2936 ’

163 3037 282 3100 euitare
297 3035 429 3099 ulcionis
442 3037 592 3100 iudicium
608 3038 700 3100 turris
714 3038 895 3121 interfugio.
916 3037 1013 3100 diuini
1027 3056 1105 3100 uero
1117 3057 1185 3119 my·

163 3147 248 3209 sterii
267 3149 417 3212 arbitrata
435 3149 613 3223 sentencie,
634 3149 683 3209 eui
699 3168 762 3210 non
777 3147 892 3211 sufficit
912 3149 1060 3211 resistere
1074 3146 1185 3209 hume·

164 3278 222 3321 ons
236 3259 422 3333 intellectus,
443 3261 488 3323 sie
508 3258 631 3323 illorum
648 3260 781 3323 mutauit
800 3259 958 3341 loquelam
980 3277 1017 3319 ee
1034 3254 1185 3335 confudit,

164 3378 197 3432 ut
211 3371 284 3433 dum
299 3372 461 3455 proximus
481 3392 500 3435 u
520 3373 664 3456 proximo
685 3391 749 3435 non
769 3377 875 3453 posset
887 3367 1036 3451 intelligi,
1058 3366 1184 3430 tandem

163 3483 194 3544 in
209 3484 354 3550 diuersos
374 3494 447 3549 sunt
465 3484 599 3567 dispersi
619 3484 776 3566 regiones.
806 3481 947 3545 fecerent
960 3478 1044 3542 enim
1060 3479 1093 3542 in
1106 3479 1184 3545 turri

163 3605 352 3670 memorate,
372 3597 454 3660 sicut
476 3597 551 3659 dicit
572 3597 725 3678 Iosephus,
754 3594 886 3656 deorum
908 3589 1024 3675 tempta
1045 3612 1085 3655 ex
1105 3611 1183 3657 auro

161 3708 341 3788 purissimo,
362 3708 480 3791 palacio
501 3706 657 3790 lapidibus
680 3705 833 3790 preciosis
854 3705 1020 3781 fabricato,
1042 3703 1185 3789 colump-

162 3839 218 3883 nas
233 3838 361 3896 aureas,
383 3829 414 3884 et
423 3819 546 3903 plateas
561 3819 772 3885 diuersimode
788 3818 883 3901 petris
896 3816 1044 3897 eoloratis
1051 3797 1071 3893 ,¹
1083 3818 1183 3883 durti-

160 3928 284 4015 ¹ltneque
304 3933 490 3996 abstractas.
519 3940 552 3996 et
572 3939 639 3995 erat
659 3930 753 3995 turris
774 3931 844 4014 ipse
862 3930 896 3993 in
910 3930 1064 4013 quadrum
1077 3929 1183 3994 suble·

162 4051 235 4107 unu
247 4043 287 4107 ab
302 4063 365 4107 uno
379 4044 492 4131 angulo
506 4044 546 4108 ed
561 4041 657 4109 elium
676 4043 797 4107 habens
816 4062 967 4126 passuum
979 4040 1183 4125 longitudinis

162 4154 259 4223 uitia
272 4157 340 4224 XV.
355 4166 388 4223 et
400 4156 570 4226 lotitudinii
585 4156 725 4227 totidem.
749 4155 920 4227 altitudinis
934 4175 1012 4225 uero
1026 4152 1181 4247 quantillo
