2798 4764
175 321 237 386 ⁷28
363 401 365 405 ,
497 332 681 383 mammon
707 333 749 379 mr
770 331 880 379 rann

175 491 309 555 clericm
331 491 399 553 eius
413 490 488 552 uiua
501 508 580 551 uoce
595 455 737 551 ediceret
748 485 857 559 nobis,
877 503 935 547 noa
950 483 983 546 in
999 482 1156 565 registro
1171 499 1234 543 no-

176 612 241 665 stro
268 621 325 684 pro
351 612 419 665 rato
443 599 663 663 scriberemus.
697 597 830 660 Michael
854 602 958 658 antem
983 593 1018 656 in
1045 593 1232 675 presencia

176 713 339 795 utriusque
365 713 462 794 partis
487 711 636 784 asseruit,
668 709 902 790 prenominatos
924 706 1009 769 lilios
1035 706 1185 769 Cbenka
1209 725 1229 768 a

175 824 400 908 prenominatis
419 821 491 884 filiis
512 823 609 883 Natus
629 839 744 882 nouem
766 819 870 900 capita
890 817 1057 879 hominum
1081 817 1232 900 requiei·

176 935 278 1008 uisse,
306 932 453 995 uidelicet
469 930 577 994 Lencb
599 950 670 992 cum
693 930 813 993 duabus
835 927 957 990 filiabus
979 928 1067 1001 suis,
1097 928 1229 991 scilicet

175 1047 261 1108 Beda
276 1053 308 1106 et
319 1045 396 1117 buz,
418 1052 448 1105 et
463 1043 536 1104 item
551 1044 653 1121 lacem
668 1059 738 1104 eum
754 1041 886 1114 duabus,
906 1040 1027 1102 scilicet
1041 1039 1179 1102 Choma
1192 1050 1228 1103 et

65 1157 69 1165 ’
177 1153 350 1227 Michaele,
372 1154 524 1234 rumpam
546 1171 673 1234 quoque
688 1170 759 1213 oum
773 1149 836 1213 lilia
849 1169 923 1224 sua,
943 1149 1071 1213 scilicet
1085 1151 1177 1214 blica
1192 1159 1225 1215 et

178 1265 328 1338 Penteoa,
350 1272 382 1325 et
402 1282 474 1324 eum
493 1280 587 1325 causa
608 1281 719 1323 eorum
740 1261 781 1323 ad
795 1279 928 1324 examen
944 1260 1020 1323 lerri
1045 1261 1226 1325 candentis

178 1397 196 1440 a
210 1376 428 1459 prenominato
442 1373 545 1435 iudice
561 1392 617 1456 per
628 1373 813 1453 pristaldum
828 1373 953 1434 nomine
965 1371 1075 1434 blioou
1088 1374 1133 1435 de
1146 1371 1224 1436 uills

178 1487 346 1550 Cundmus
359 1486 392 1547 iu
406 1484 557 1567 parocbia
571 1483 673 1547 Bekes
692 1483 804 1545 suisset
817 1483 942 1564 Agrium
956 1482 1144 1555 destinata,
1165 1481 1223 1544 lilii

176 1601 279 1662 Nacus
292 1599 414 1679 seipsos
427 1602 705 1677 recognoscentes,
727 1594 845 1656 Simoni
860 1604 893 1655 et
905 1591 993 1654 fratri
1009 1592 1085 1655 eius
1100 1593 1222 1656 Uadasi

178 1731 212 1773 se
230 1709 400 1789 culpabiles
423 1708 643 1770 reddidissent.
665 1705 708 1766 illi
727 1714 831 1767 autem
846 1703 975 1766 consilio
995 1711 1030 1766 et
1052 1704 1222 1785 peticione

178 1819 348 1902 proborum
371 1817 531 1879 bominum
546 1816 664 1877 inducti
679 1825 711 1878 et
725 1815 878 1887 inclinati,
900 1833 993 1877 unam
1008 1813 1166 1877 ancilla·
1181 1815 1221 1876 de

177 1930 232 1991 tx.
247 1928 410 2010 capitibus,
424 1926 544 1989 scilicet
555 1926 736 2001 Pentekam,
750 1927 879 2008 prelatis
894 1945 1004 1988 eorum
1019 1927 1222 1991 aduersariis

179 2039 383 2111 dimisissent,
405 2037 534 2117 reliquis
553 2036 584 2097 in
601 2037 649 2098 ius
665 2056 774 2098 eorum
789 2035 957 2099 deuolutis.

260 2147 345 2231 (dli)
367 2148 463 2212 Cesar
474 2149 619 2229 princeps
634 2147 789 2210 exercitus
802 2148 841 2208 de
852 2147 963 2220 Beles,
977 2147 1105 2221 Petrus,
1120 2149 1222 2223 Beda,

178 2262 256 2336 Use,
279 2259 458 2334 Tiburcius,
480 2258 692 2332 Laurenoius,
719 2257 851 2331 l'aulus,
873 2257 975 2339 Geyer
996 2260 1222 2332 centuriones,

177 2372 380 2454 litigauerunt
392 2392 451 2452 pro
463 2371 598 2452 quadam
612 2380 696 2433 terra
711 2369 837 2431 nomine
850 2368 978 2431 liechen
991 2386 1065 2430 cnm
1077 2371 1221 2434 Marem

178 2474 242 2547 filio
268 2482 381 2556 blisea,
412 2501 516 2544 coram
537 2481 683 2543 Ladislao
712 2480 826 2542 comite
852 2479 1019 2542 Baebieusi
1050 2490 1083 2543 et
1110 2483 1219 2545 indico

179 2597 282 2669 curie,
297 2595 437 2656 dicentes
453 2603 568 2656 terrain
580 2593 709 2654 llecben
725 2610 794 2653 esse
810 2599 926 2653 terram
939 2592 1033 2654 castri
1046 2593 1087 2654 de
1100 2593 1218 2656 Bekre.

178 2708 328 2769 Martinus
350 2715 453 2767 autem
468 2704 628 2783 respondit
644 2722 713 2765 eam
729 2722 799 2765 esse
816 2712 931 2765 terram
947 2722 1036 2765 suam
1051 2703 1219 2768 beredita-

178 2817 273 2887 riam,
302 2814 460 2875 affirmans
484 2814 569 2894 quod
593 2814 726 2874 eandem
751 2823 864 2876 terram
886 2823 1107 2878 antecessores
1132 2817 1220 2897 ipso-

180 2946 263 2998 rum,
285 2925 402 2985 scilicet
417 2923 514 2996 Chab,
531 2923 662 2996 Sicuud,
686 2926 840 3006 lsumgut,
855 2927 950 2999 Buus,
965 2936 996 2989 ot
1010 2926 1131 3007 reliqui
1145 2948 1218 2989 cum

179 3037 300 3099 ciuibus
316 3036 457 3097 eiusdem
473 3036 582 3108 castri,
604 3055 621 3097 a
636 3047 725 3116 patre
740 3056 798 3097 suo
813 3038 923 3118 bipslra
938 3045 969 3098 el
983 3038 1133 3117 cognatis
1148 3041 1219 3102 eius

179 3169 285 3211 coram
298 3147 398 3230 Gyula
414 3148 527 3210 comite
542 3147 678 3230 palatino
691 3169 748 3228 pru
761 3158 844 3210 terra
856 3148 947 3211 castri
958 3148 1219 3230 requisiuissent,

179 3271 211 3324 et
224 3261 339 3322 iudicio
356 3259 429 3320 terri
445 3259 607 3320 candentis
623 3259 752 3320 llrodini
768 3258 900 3320 fuissent
916 3259 1131 3333 cortdemnati,
1150 3281 1220 3325 ιιιε-

182 3373 286 3433 diante
309 3370 460 3451 pristalde
483 3370 609 3429 nornine
624 3368 711 3430 Eusii
733 3367 798 3429 lilio
813 3366 881 3430 Elie
903 3370 943 3430 de
966 3368 1040 3430 uilla
1055 3371 1165 3443 Dran,
1186 3380 1221 3433 et

180 3483 240 3544 hoc
255 3482 390 3544 ostendit
405 3480 664 3542 testimonialibus
679 3480 776 3542 literis
788 3480 971 3542 Orodiensis
983 3481 1128 3561 capituli.
1147 3484 1222 3565 qui·

180 3595 238 3657 bus
259 3614 331 3656 curn
352 3591 562 3675 prenominati
583 3592 754 3653 aduersarii
777 3592 919 3655 eiusdem
938 3592 1063 3654 Martini
1086 3604 1222 3657 contra·

182 3705 288 3766 dicere
310 3725 372 3765 non
396 3706 564 3775 auderent,
591 3703 729 3784 prelatus
750 3704 846 3765 index
863 3702 949 3784 ipsos
971 3703 1221 3778 condemnauit,

180 3823 212 3879 et
226 3824 259 3877 ut
272 3815 365 3877 huius
380 3835 473 3879 cause
489 3814 590 3877 esitus
605 3813 782 3877 indelebilis
798 3815 925 3888 existat,
947 3822 1118 3894 utramque
1146 3836 1224 3899 par-

179 3937 242 3991 tem
265 3928 303 3989 atl
325 3945 393 3998 nes,
415 3947 471 4007 per
493 3925 677 4009 pristaldum
698 3925 825 3988 nomine
840 3926 967 4008 Menget
987 3925 1087 3988 lilium
1105 3928 1223 3995 Corbu

182 4042 221 4104 de
237 4057 354 4123 genere
366 4039 424 4099 Tel
435 4039 621 4101 teredinum
637 4038 822 4111 destinauit,
835 4047 866 4100 et
877 4037 1104 4101 excensionem
1121 4060 1225 4107 cause
