2798 4764
417 339 539 386 sruouu
561 341 601 386 ns
623 342 705 390 saza
725 342 768 388 nn
789 339 987 392 unwonuara.
1147 332 1218 397 '129

190 495 376 559 dimiserunt
396 513 452 559 eos
472 494 559 557 abire
580 495 714 571 liberos,
734 504 769 559 ut
789 497 1138 581 uolebatapostoliuus,
1160 501 1218 567 sed

189 607 276 670 curie
298 627 356 670 sue
380 604 567 669 famulantes
590 608 774 670 ordinarunt
794 628 834 670 ex
856 610 992 685 eisdem,
1012 633 1092 694 quos
1114 613 1216 695 patrio

188 718 315 781 nomine
330 718 532 780 waornicos
546 727 753 781 uocauerunt.
775 713 836 782 hoe
851 721 935 781 enim
946 706 1133 804 obsequium
1144 724 1218 788 lieet

188 848 227 891 eo
247 835 390 910 tempore
413 829 453 890 de
474 828 539 891 suis
563 829 694 910 captiuis
715 829 823 910 plures
845 831 934 912 regni
956 832 1076 894 nobiles
1090 833 1217 897 habuis·

188 947 272 1012 sent,
293 939 478 1001 Kalomanni
494 939 621 1012 diebus,
643 938 698 1001 filii
713 941 796 1023 regis
811 941 927 1004 Geirhe
948 942 1049 1004 extitit
1064 945 1214 1024 reproba-

187 1059 262 1113 tum.
293 1049 392 1111 uoluit
416 1050 633 1114 tantummodo
656 1049 837 1114 huiusmodi
861 1052 995 1115 seruicia
1020 1054 1059 1114 de
1085 1054 1216 1133 captiuis

186 1162 252 1225 suis
271 1161 340 1242 ipss
361 1159 446 1222 solus
467 1161 627 1234 obtinere,
649 1170 681 1224 et
694 1160 842 1242 prelatos,
863 1163 976 1244 quibus
997 1163 1127 1246 largitus
1149 1163 1217 1228 erat

186 1274 225 1336 de
246 1273 379 1354 captiuis
400 1273 475 1335 suis.
507 1279 538 1335 et
560 1291 599 1334 ne
623 1273 828 1336 communitas
847 1274 1000 1337 nobilium
1014 1276 1218 1359 reprobacio-

188 1404 259 1446 nem
274 1382 453 1444 huiusmodi
471 1401 568 1464 graue
584 1381 697 1456 ferret,
718 1383 857 1465 palatino
872 1386 978 1467 regni,
999 1387 1053 1468 qui
1075 1407 1133 1468 pro
1156 1387 1218 1449 uti·

186 1493 273 1556 litate
294 1492 445 1555 nobilium
468 1492 637 1575 preficitur,
667 1514 723 1556 rex
743 1514 818 1558 suos
832 1495 1034 1559 waornicos
1053 1498 1098 1559 uti
1120 1497 1217 1560 dedit.

58 1688 63 1697 Ι
185 1605 242 1668 sed
265 1604 339 1687 quia
361 1603 504 1686 Hungari
528 1604 604 1665 noui
628 1603 795 1666 Christiani
819 1626 917 1688 graue
941 1607 1100 1671 habebant
1122 1607 1215 1670 huius

184 1715 281 1807 fidei,
295 1735 334 1778 eo
349 1715 435 1798 quod
450 1716 631 1778 disuescere
647 1717 686 1777 de
701 1716 809 1798 spoliis
824 1737 879 1779 eos
894 1719 1077 1800 oportebat,
1100 1740 1214 1801 graues

185 1826 310 1890 labores
333 1835 365 1889 et
379 1826 500 1889 honera
521 1828 586 1889 suis
609 1827 740 1908 captiuis
762 1828 984 1910 imponebant,
1004 1831 1091 1911 quod
1107 1832 1216 1913 displi-

185 1958 258 2002 cens
273 1937 411 2020 prelatis,
424 1937 595 2019 apostolico
610 1938 766 2018 superbis
780 1948 852 2002 sunt
866 1940 973 2003 locuti.
995 1941 1125 2004 audiens
1136 1962 1213 2005 uero

185 2047 374 2133 apostolicus
397 2047 566 2110 clamorem
589 2047 795 2130 prelatorum,
824 2059 959 2115 scrutata
980 2052 1044 2113 uita
1063 2051 1212 2116 laudabili

184 2159 280 2222 sancti
301 2160 386 2242 regis
405 2158 556 2241 Stephani
583 2158 622 2221 de
644 2159 765 2222 nunciis
787 2160 841 2242 qui
867 2161 1038 2234 adherant,
1066 2161 1097 2222 in
1119 2161 1214 2225 talem

185 2290 297 2334 uocem
312 2269 412 2332 fertur
426 2270 623 2351 prorupisse:
647 2289 719 2352 ego,
738 2270 841 2351 inquit
854 2290 921 2333 sum
937 2271 1140 2352 apostolicus,
1159 2271 1213 2335 ille

183 2390 287 2445 antem
308 2402 403 2446 uerus
427 2381 629 2461 apostolicus.
656 2380 740 2443 unde
760 2389 792 2443 et
806 2379 954 2444 ecclesias
975 2383 1065 2463 regni
1081 2383 1130 2443 sui
1145 2385 1212 2447 eius

183 2495 310 2558 comitto
323 2493 450 2557 arbitrio
466 2492 629 2565 ordinare,
652 2492 795 2573 captiuos
810 2493 1016 2574 pereundum
1030 2494 1211 2576 redemptos

123 2631 132 2646 ·
183 2607 212 2671 ei
235 2606 452 2669 tantummodo
475 2605 650 2686 possidere.
680 2611 810 2686 propter
831 2604 917 2685 quod
939 2624 1049 2668 omnes
1063 2606 1212 2680 redemit,

182 2735 261 2800 quos
275 2716 376 2798 potuit
396 2716 436 2777 ab
449 2715 605 2796 Hungaris
626 2715 780 2789 inuenire,
800 2724 907 2797 preter
927 2714 998 2777 illos
1020 2736 1100 2798 quos
1120 2717 1211 2800 regni

181 2829 304 2892 nobiles
326 2827 466 2891 ecclesiis
489 2827 672 2890 dimiserant
691 2827 866 2909 possidere.
901 2827 1066 2910 exquibus
1081 2829 1211 2911 quidem

182 2941 338 3006 ordinauit
355 2940 477 3003 seruire
491 2939 556 3002 suis
569 2938 680 3002 caruis
695 2939 847 3022 obsequio
861 2938 985 3002 leuiori.

261 3052 450 3135 lobagiones
472 3071 549 3115 uero
574 3050 666 3114 castri
687 3059 759 3113 sunt
778 3071 934 3134 pauperes
948 3051 1079 3126 nobiles,
1100 3053 1155 3136 qui
1170 3052 1211 3116 ad

180 3186 288 3249 regem
312 3164 494 3237 uenientes,
525 3171 642 3226 terram
667 3162 712 3226 eis
735 3163 845 3226 tribuit
866 3164 904 3226 de
931 3164 1024 3226 castri
1047 3164 1152 3237 terris,
1176 3170 1211 3226 ut

182 3276 309 3359 pheudo
322 3275 414 3338 castri
429 3283 461 3338 et
474 3282 610 3338 castrum
624 3294 738 3356 guerre
757 3282 900 3356 tempore
921 3273 1126 3338 custodirent.
1159 3273 1211 3335 alii
1228 3300 1234 3313 ,

182 3407 260 3451 uero
281 3386 505 3449 conditionarii
523 3405 564 3448 ex
585 3385 705 3448 eisdem
729 3386 861 3468 captiuis
883 3386 1103 3466 disponuntur,
1131 3403 1211 3466 quos

185 3499 310 3561 tandem
324 3498 537 3561 Kalomannus
558 3516 615 3560 rex
638 3497 679 3560 ad
692 3506 794 3560 tantas
809 3497 966 3559 maneries
980 3495 1123 3559 uariauit.
1149 3503 1213 3561 sta·

185 3617 284 3672 tutum
305 3609 405 3672 seiam
426 3608 527 3673 extitit
546 3629 603 3689 per
617 3616 757 3670 sanctum
771 3626 879 3689 regem
893 3606 1103 3689 Stephanum,
1125 3605 1212 3690 quod

184 3720 443 3795 conditionarius,
464 3720 490 3782 si
504 3740 538 3782 se
552 3718 649 3783 uellet
663 3719 829 3794 redimere,
850 3728 975 3783 centum
990 3719 1146 3802 byzanciis
1160 3739 1212 3783 re·

185 3833 317 3898 dimeret
328 3853 363 3897 se
382 3841 414 3898 et
428 3834 567 3896 domum.
591 3832 616 3896 si
632 3851 709 3895 uero
724 3839 808 3896 esset
820 3832 888 3896 sine
903 3833 1036 3915 coniuge
1051 3840 1082 3895 et
1096 3830 1213 3897 familia

185 3965 353 4030 pomonam
374 3965 465 4011 suam
487 3945 591 4008 xxtv
610 3944 767 4028 byzanciis
791 3946 843 4009 uel
865 3944 1002 4009 seruicia
1027 3943 1211 4009 tantundem

185 4066 419 4144 tumnensante.
442 4056 533 4126 inuti
546 4055 630 4121 enim
645 4055 785 4142 hungari
800 4057 942 4143 captiuos
956 4076 1033 4121 suos
1045 4055 1114 4140 regi
1128 4053 1212 4118 redi·

944 4169 965 4235 9
1042 4197 1045 4205 .
