2798 4764
328 344 450 394 eruens
469 347 511 394 os
532 347 614 395 nze
635 349 734 398 orsrs
755 351 924 403 musore:
942 334 1002 423 (tp
1138 342 1180 409 η
1206 389 1209 395 ,

149 503 304 568 moiun
316 503 358 567 do
376 504 456 567 meri
470 503 666 583 cupientem,
685 515 719 570 ot
732 508 764 571 io
776 508 944 590 pinnaculo
954 514 1047 579 unius
1057 515 1180 596 pelusii,

146 617 181 680 'm
190 632 257 700 quo
270 613 408 679 babebat
421 616 531 679 nidum
544 637 654 691 suum,
675 620 848 695 resedisse,
870 628 1111 710 acceptoque-iu
1124 632 1178 695 roi

145 735 214 791 stro
234 726 416 810 polioeno,
436 729 469 792 iu
491 730 586 793 meris
611 729 782 796 arundines
805 734 969 799 uisibiliter
988 738 1178 821 deportsuit.

144 858 277 903 moeres
287 840 414 904 undem
425 848 458 905 et
468 840 547 906 elios
559 841 661 924 pullos
675 863 750 909 suos
764 845 857 909 simul
869 864 940 909 cum
953 848 1029 910 nido
1043 855 1178 916 transtu·

142 951 221 1016 bsse
239 952 433 1036 perhibetur.
453 973 518 1037 quo
539 955 608 1017 uiso
623 974 679 1019 rex
692 957 804 1021 Etboie
825 958 890 1021 suis
911 959 1060 1023 militibus
1082 964 1124 1026 sd
1140 984 1176 1029 so

145 1064 329 1127 conuocatis
352 1065 410 1127 sit:
433 1066 550 1130 cernite
571 1086 649 1150 ergo
667 1069 762 1142 socii,
784 1071 871 1154 quod
884 1071 1007 1135 ciconio
1019 1073 1079 1136 istu
1093 1074 1177 1155 sutus

143 1174 410 1239 commistorum
431 1177 526 1239 sentit
541 1177 668 1253 indicio,
693 1179 867 1262 urbemque
889 1201 948 1263 per
971 1202 1031 1246 uos
1050 1183 1176 1248 diruom

144 1285 233 1359 dam,
261 1287 302 1349 od
326 1286 449 1370 fugem,
478 1308 518 1350 ne
543 1309 616 1352 cnm
639 1290 762 1354 ciuibus
784 1300 910 1375 peresi,
930 1315 967 1358 so
992 1297 1174 1362 communit.
1239 1307 1243 1312 “

143 1405 246 1463 emto
260 1418 337 1482 sepo
352 1400 403 1463 die
417 1401 554 1463 crastino
566 1403 599 1465 in
613 1403 715 1485 prelio
728 1403 892 1480 forciores,
905 1407 1054 1471 uidebitis
1065 1409 1176 1474 ciuibus

142 1510 379 1576 tcmruitursm.
393 1520 469 1577 tuno
480 1514 585 1577 edicto
596 1515 800 1598 proclamato,
808 1517 1023 1585 machinosum
1034 1522 1174 1589 omnium

142 1642 261 1708 genere
281 1624 438 1700 adhibito,
468 1646 540 1689 cum
560 1647 624 1691 non
638 1628 793 1713 potuisset
807 1629 959 1695 mscbiuis
975 1650 1173 1717 expugnare,

141 1735 270 1820 iugenio
282 1735 469 1800 Sciticorum
487 1739 613 1802 tandem
633 1759 723 1814 usus,
753 1760 793 1804 ex
807 1741 911 1805 decies
925 1744 1067 1807 centenis
1081 1744 1173 1811 milii·

141 1848 202 1915 bus
214 1847 324 1912 sctum
338 1869 434 1912 onom
448 1850 488 1913 ds
502 1850 642 1934 quolibet
656 1852 844 1934 postulauit,
873 1863 906 1918 ot
926 1854 1008 1921 iectu
1023 1858 1171 1941 congerie

142 1979 183 2024 ex
196 1958 300 2034 sellis,
320 1960 407 2024 iustu
421 1982 544 2024 murum
564 1962 655 2026 iussit
667 1963 795 2027 incendi
808 1963 902 2029 selles
916 1965 1015 2048 ipses,
1036 1987 1171 2050 quarum

140 2075 266 2139 nmmo
281 2093 318 2138 ec
333 2073 447 2137 ardore
460 2093 569 2137 murus
583 2093 618 2139 se
634 2073 810 2139 dissolueus
827 2078 984 2164 corruisse
1005 2078 1039 2141 iu
1052 2087 1169 2151 terrem

141 2207 214 2252 cum
235 2187 375 2250 turribus
396 2187 588 2269 perhibetur.
619 2207 683 2270 quo
704 2188 773 2251 uiso
793 2207 903 2256 omnes
918 2190 1004 2253 ciues
1020 2190 1098 2253 urbe
1112 2192 1169 2263 de,-
1252 2217 1254 2223 ·

140 2301 251 2366 relicte
263 2300 296 2363 iu
310 2300 444 2363 insulam
459 2301 553 2363 maris
564 2301 723 2383 sugerunt
744 2301 890 2364 eumdem
904 2301 1020 2365 etenim
1033 2302 1169 2369 insulam

139 2414 336 2477 iutruuersnt
355 2421 463 2475 eterno
484 2412 697 2495 permansuri,
726 2411 784 2474 sed
804 2411 927 2495 inipso
947 2412 1169 2495 paruissent·

140 2523 366 2588 dimorontibus
387 2523 517 2586 tondum
528 2531 660 2606 propter
673 2530 793 2586 metum
808 2524 892 2605 rogis
905 2523 1019 2589 Etbeie
1031 2525 1064 2587 in
1077 2525 1168 2609 palor

140 2637 196 2701 des
217 2636 323 2709 bealt,
350 2636 402 2700 ubi
424 2655 508 2699 nuuc
528 2643 700 2709 morentur,
727 2635 933 2699 intrauerunt
961 2639 1046 2701 uude
1069 2638 1168 2705 eciem

140 2750 284 2815 cumdem
297 2748 433 2813 insulem
449 2768 547 2832 usque
567 2748 662 2813 bodie
674 2748 824 2813 Veneticu
838 2749 957 2832 lingue,
983 2751 1087 2815 Veccu
1107 2750 1169 2822 vs,

139 2862 228 2927 min
247 2861 438 2924 nominatur.
467 2860 579 2924 Veneti
598 2860 755 2942 siquidem
775 2867 849 2924 suut
862 2860 1006 2936 Troiani,
1032 2869 1067 2925 ut
1081 2863 1167 2927 cenis

139 2972 274 3039 Crouicu
297 2983 506 3038 ueterorum:
538 2973 650 3037 Veneti
674 2972 831 3055 siquidem
854 2982 928 3037 suut
952 2974 1079 3039 Troiani
1106 2985 1166 3041 eto.
1261 3029 1263 3032 ,

138 3096 210 3171 post
223 3086 381 3151 excidium
397 3086 480 3149 enim
496 3086 589 3150 Trois
608 3084 774 3169 Aquilogie
795 3094 1052 3167 permenserunt,
1071 3106 1166 3170 quem

137 3208 170 3263 et
180 3198 332 3262 iuudmse
347 3199 537 3262 reseruntur.
563 3197 692 3281 quidam
707 3205 814 3261 sutem
827 3195 966 3263 Venetos
981 3198 1021 3262 de
1034 3197 1165 3263 Siberis

136 3310 235 3377 tuisse
249 3312 426 3394 opinentur.
447 3310 577 3375 Subaris
590 3309 815 3375 uerobubitutu
824 3308 927 3373 fueret
936 3308 1164 3393 Lougobsrdis,

136 3423 170 3489 'n
183 3442 250 3506 que
262 3431 332 3487 oret
344 3420 501 3506 mustelis
514 3421 625 3486 scbols
639 3421 725 3485 orbis
740 3431 824 3484 terre
837 3420 977 3494 uucioui,
991 3426 1165 3503 podiorum,

135 3536 234 3599 nudo
247 3543 281 3599 ot
293 3534 492 3618 dogmatibus
505 3533 731 3618 philosophicis
745 3531 907 3596 edocenter
917 3531 1085 3610 illustrate,
1094 3533 1164 3611 ido,-

133 3645 299 3731 losumque
313 3647 475 3711 erroribus
489 3646 624 3710 diuersis
639 3645 824 3728 mmcipstr.
849 3664 943 3730 quom
958 3646 1087 3729 quidem
1100 3646 1164 3712 Go-

133 3757 262 3825 thorum
281 3759 409 3823 nomine
429 3757 603 3822 Arobelsus
630 3777 690 3822 rex
716 3757 860 3842 primitus
883 3758 1069 3824 ocumuuit
1104 3758 1163 3839 scd

132 3879 247 3954 posteo
266 3872 451 3955 periisses
472 3871 512 3935 de
532 3845 695 3935 innocuis
715 3869 923 3956 expelluntur,
942 3888 1091 3955 nuncque
1111 3869 1162 3947 lte

133 3992 205 4050 ton
227 3984 317 4048 scuit
337 3984 444 4069 Tpciui
465 3983 608 4051 brbituo
632 3983 853 4063 dinoscuntur,
884 3984 996 4068 quiet
1018 3984 1162 4058 dicontur

131 4094 317 4184 Pupienus.
776 4162 810 4169 ,,
939 4164 945 4173 ,
1137 4162 1155 4173 ,,
