2798 4764
504 370 687 418 ucrsrmu
714 371 755 419 ur
778 369 887 420 rum.
1146 350 1209 422 ma

252 519 334 602 (330)
346 519 516 584 Uenatores
528 521 713 585 bubalorum
726 525 765 586 de
777 523 927 606 uiiIaYpu
937 524 1113 590 citauerunt
1123 526 1206 592 titios

184 631 311 703 Gunter,
325 630 443 693 scilicet
454 633 616 706 Arioniam,
630 636 769 696 naariam
782 644 812 697 et
823 635 1008 698 iiichadiem
1019 646 1089 700 ante
1099 656 1209 720 regem

183 743 356 815 Andream,
371 743 511 806 dicentes
525 746 611 825 quod
627 754 709 811 terra
725 748 851 810 nomine
866 749 990 810 Deudas
1007 749 1084 812 iuris
1098 746 1207 814 eoru'm

184 862 282 928 esset,
303 863 335 916 et
357 854 401 916 iiii
427 853 582 918 uiolenter
605 867 821 938 occupassent.
851 879 906 921 rex
929 868 1033 921 autem
1056 860 1211 924 commisit

184 985 311 1030 causam
327 985 434 1028 eorum
447 967 574 1029 Nicoiao
588 968 704 1042 comiti,
716 968 835 1031 scilicet
849 971 956 1032 curiali
972 979 1002 1034 et
1014 970 1208 1046 Posaniensi,

183 1078 426 1143 discuciendam.
456 1089 529 1142 ante
543 1100 637 1162 quem
652 1081 782 1162 predicti
799 1085 968 1144 uenatores
989 1103 1022 1145 se
1040 1100 1210 1164 recognos-

182 1200 301 1265 centes,
322 1192 460 1253 confessi
473 1201 546 1254 sunt
559 1213 593 1269 se
607 1193 746 1273 prefatos
760 1193 873 1255 iratres
886 1194 926 1256 de
940 1202 1023 1256 terra
1034 1193 1084 1257 iiia
1096 1195 1209 1257 iniuste

182 1302 371 1383 impeciisse.
394 1302 490 1366 iudex
503 1303 608 1384 itaque
624 1305 696 1365 dato
711 1303 862 1385 pristaido
877 1305 1001 1366 nomine
1017 1305 1154 1386 Topazio
1168 1305 1209 1368 de

184 1412 259 1476 uiila
280 1413 378 1488 Satur,
406 1413 577 1494 predictam
599 1422 714 1476 terram
736 1415 845 1476 matari
867 1415 958 1487 iecit,
979 1424 1010 1478 et
1028 1416 1093 1477 iam
1117 1415 1208 1479 dictis

183 1525 330 1587 iratribus
352 1524 538 1586 confirmari.
575 1526 614 1587 de
634 1533 716 1588 terra
739 1535 843 1589 autem
867 1528 977 1589 eadem
999 1528 1093 1589 habet
1112 1528 1206 1591 iacob

182 1635 264 1698 fitius
278 1636 362 1718 Opsa
382 1636 429 1698 ius
448 1637 540 1698 unius
554 1637 683 1699 funiculi
701 1639 739 1699 ad
756 1639 918 1701 dimidium
933 1647 1082 1702 aratrum.
1103 1648 1138 1702 ut
1152 1659 1208 1702 au·

182 1755 245 1815 tem
268 1747 433 1810 excusacio
454 1747 547 1810 huius
567 1767 660 1810 cause
681 1748 798 1811 sciatur
812 1769 829 1810 a
845 1750 989 1830 posteris,
1009 1749 1092 1812 idem
1112 1750 1208 1814 iudex

181 1862 295 1923 eodem
321 1859 470 1942 pristaldo
496 1859 591 1922 misso
616 1869 646 1922 et
670 1859 777 1932 literis,
805 1879 909 1922 coram
932 1861 1014 1923 Meet
1037 1862 1207 1926 decurione

182 1972 307 2034 iliorum
322 1980 523 2042 uenatorum,
546 1970 681 2052 capitulo
697 1972 879 2033 Uaradiensi
900 1971 974 2034 fecit
987 1973 1101 2036 seriem
1116 1974 1209 2037 huius

184 2101 277 2143 cause
293 2082 435 2162 predicto
450 2080 560 2141 ordine
577 2080 755 2144 contestari.

265 2188 352 2269 (331)
373 2190 480 2252 Simon
502 2191 541 2251 de
556 2189 630 2250 uilla
644 2187 744 2268 Siptui
763 2189 901 2270 impediit
915 2189 1076 2263 Medeam,
1096 2190 1211 2254 Farca-

183 2301 262 2362 sium
287 2308 319 2362 et
332 2301 532 2382 Ludugcrum
555 2300 595 2361 de
616 2299 689 2360 uilla
706 2301 818 2372 Buten,
840 2301 948 2362 dicens
963 2303 1047 2383 quod
1063 2302 1140 2364 dues
1155 2317 1229 2384 pe·‘

184 2411 330 2492 discquas
353 2411 432 2482 eius,
452 2407 570 2472 scilicet
584 2409 713 2473 Mariam
736 2419 767 2471 et
781 2412 953 2490 Denegam,
974 2420 1006 2474 et
1023 2422 1095 2474 octo
1110 2414 1209 2476 boues

183 2531 333 2584 aratores.
361 2530 392 2584 et
412 2521 538 2603 triginta
560 2542 656 2594 oues,
678 2530 709 2583 et
729 2541 826 2583 uuum
847 2543 979 2603 equum,
1006 2523 1160 2587 uiolenter
1179 2523 1208 2586 ei

182 2630 393 2694 abstulissent.
428 2631 596 2712 'sumpaica
628 2631 754 2694 curialis
786 2651 893 2695 comes
924 2652 1096 2713 preconum
1125 2632 1208 2716 regis

183 2742 282 2804 ablata
297 2742 406 2804 decem
423 2743 535 2803 marcis
550 2743 748 2824 apprecians,
771 2743 853 2805 misit
866 2743 936 2805 iilos
952 2763 1009 2824 per
1023 2743 1208 2824 pristaidum

182 2852 434 2916 nomineiiuncia
449 2855 487 2917 de
499 2853 730 2935 uiliaCbegyen
744 2854 783 2915 ad
798 2853 946 2915 iudicium
961 2854 1035 2916 ferri
1047 2853 1209 2916 candentis

182 2964 388 3039 Uaradinum,
409 2965 461 3027 ubi
479 2965 580 3028 taiiter
595 2974 829 3038 conuenerunt,
850 2966 937 3046 quod
948 2966 1077 3040 Medea,
1098 2967 1209 3029 Farra-

181 3080 246 3141 sius
261 3086 292 3140 et
306 3079 491 3161 Ludugerus
516 3079 627 3140 darunt
641 3076 760 3140 Simoni
780 3097 914 3139 marcam
933 3085 966 3139 et
982 3075 1157 3149 senonem,
1177 3085 1211 3139 et

182 3190 266 3250 idem
287 3189 382 3250 iudici
406 3187 638 3258 satisfacerent,
665 3196 786 3267 partem
813 3194 916 3248 autem
939 3186 1080 3266 pristaidi
1102 3188 1208 3249 Simon

181 3298 386 3380 persolueret.

265 3406 350 3488 (³32)
373 3408 475 3489 Cupes
488 3409 527 3470 de
539 3407 611 3469 uiiia
623 3409 731 3490 Neueg
745 3407 884 3488 impeciit
894 3403 1104 3469 conuiiianum
1116 3425 1208 3470 suum

184 3520 343 3581 dominum
359 3520 465 3581 Ruhus
485 3521 524 3580 de
546 3519 644 3581 tribus
665 3519 851 3591 fertonibus,
871 3517 975 3580 indice
990 3520 1057 3599 Apa
1077 3519 1207 3594 comite,

182 3630 334 3713 pristaido
349 3631 423 3693 Peta
439 3631 477 3692 de
494 3631 632 3712 predicta
645 3631 731 3692 uilia.
758 3631 865 3691 Bubus
886 3638 989 3691 autem
1005 3650 1074 3691 cum
1088 3630 1207 3694 ferrum

182 3750 307 3824 portare
329 3741 474 3815 deberet,
496 3741 599 3821 posuit
618 3759 732 3823 corpus
746 3738 866 3801 domini
887 3740 927 3802 de
947 3758 1001 3801 ore
1015 3740 1048 3801 in
1062 3760 1206 3816 manum,

183 3861 214 3914 et
228 3872 300 3914 reus
314 3862 363 3914 est
376 3851 449 3913 hinc
463 3851 628 3914 iudicatus.

264 3960 350 4042 (333)
370 3963 514 4024 antoneu
533 3960 659 4043 iobagio
679 3961 719 4024 de
741 3961 831 4024 Nouo
852 3970 953 4025 castro
972 3961 1113 4043 impeciit
1125 3962 1207 4024 Lau·

182 4071 322 4137 cencium
349 4080 380 4135 et
404 4072 598 4154 Stephanum
622 4073 662 4134 de
688 4073 755 4134 Pon
780 4092 837 4154 pro
861 4071 1019 4136 uioleucia
1040 4079 1071 4135 et
1092 4072 1207 4134 damno

183 4192 304 4268 septem
318 4203 504 4261 marcarum,
523 4183 629 4249 iudice
642 4185 736 4249 Petro
749 4184 859 4249 curiali
872 4185 988 4248 comite
1002 4182 1123 4268 regine,
1142 4185 1207 4270 pri·
