<?xml version="1.0" encoding="UTF-8"?>
<!DOCTYPE html PUBLIC "-//W3C//DTD XHTML 1.0 Transitional//EN"
    "http://www.w3.org/TR/xhtml1/DTD/xhtml1-transitional.dtd">
<html xmlns="http://www.w3.org/1999/xhtml" xml:lang="en" lang="en">
 <head>
  <title>
</title>
<meta http-equiv="Content-Type" content="text/html;charset=utf-8" />
  <meta name='ocr-system' content='tesseract 3.04.00' />
  <meta name='ocr-capabilities' content='ocr_page ocr_carea ocr_par ocr_line ocrx_word'/>
</head>
<body>
  <div class='ocr_page' id='page_1' title='image "./rerumhungaricar00endlgoog/rerumhungaricar00endlgoog_0698.png"; bbox 0 0 2798 4764; ppageno 0'>
   <div class='ocr_carea' id='block_1_1' title="bbox 412 318 1169 387">
    <p class='ocr_par' dir='ltr' id='par_1_1' title="bbox 412 318 1169 387">
     <span class='ocr_line' id='line_1_1' title="bbox 412 318 1169 387; baseline -0.003 0"><span class='ocrx_word' id='word_1_1' title='bbox 412 326 416 333; x_wconf 69' lang='grc'><em>“</em></span> <span class='ocrx_word' id='word_1_2' title='bbox 462 340 646 387; x_wconf 66' lang='lat' dir='ltr'><strong>susurres</strong></span> <span class='ocrx_word' id='word_1_3' title='bbox 671 341 712 385; x_wconf 84' lang='lat' dir='ltr'><strong>ns</strong></span> <span class='ocrx_word' id='word_1_4' title='bbox 735 339 846 385; x_wconf 76' lang='lat' dir='ltr'><strong>rsus.</strong></span> <span class='ocrx_word' id='word_1_5' title='bbox 1107 318 1169 385; x_wconf 63' lang='lat' dir='ltr'><strong>m</strong></span> 
     </span>
    </p>
   </div>
   <div class='ocr_carea' id='block_1_2' title="bbox 142 488 1171 1131">
    <p class='ocr_par' dir='ltr' id='par_1_2' title="bbox 142 488 1171 1131">
     <span class='ocr_line' id='line_1_2' title="bbox 143 488 1170 575; baseline -0.006 -15"><span class='ocrx_word' id='word_1_6' title='bbox 143 497 245 570; x_wconf 84' lang='lat' dir='ltr'><strong>missi,</strong></span> <span class='ocrx_word' id='word_1_7' title='bbox 275 495 378 559; x_wconf 79' lang='lat' dir='ltr'><strong>taliter</strong></span> <span class='ocrx_word' id='word_1_8' title='bbox 396 503 630 567; x_wconf 83' lang='lat' dir='ltr'><strong>conuenerunt,</strong></span> <span class='ocrx_word' id='word_1_9' title='bbox 657 493 745 575; x_wconf 84' lang='lat' dir='ltr'><strong>quod</strong></span> <span class='ocrx_word' id='word_1_10' title='bbox 770 488 901 574; x_wconf 79' lang='lat' dir='ltr'><strong>predicti</strong></span> <span class='ocrx_word' id='word_1_11' title='bbox 926 489 1032 555; x_wconf 78' lang='lat' dir='ltr'><strong>uriiani</strong></span> <span class='ocrx_word' id='word_1_12' title='bbox 1057 490 1170 554; x_wconf 79' lang='lat' dir='ltr'><strong>dorcet</strong></span> 
     </span>
     <span class='ocr_line' id='line_1_3' title="bbox 143 601 1170 687; baseline -0.006 -16"><span class='ocrx_word' id='word_1_13' title='bbox 143 605 325 671; x_wconf 84' lang='lat' dir='ltr'><strong>aduersario</strong></span> <span class='ocrx_word' id='word_1_14' title='bbox 344 624 403 667; x_wconf 92' lang='lat' dir='ltr'><strong>suo</strong></span> <span class='ocrx_word' id='word_1_15' title='bbox 426 605 565 687; x_wconf 84' lang='lat' dir='ltr'><strong>quinquo</strong></span> <span class='ocrx_word' id='word_1_16' title='bbox 584 623 706 668; x_wconf 87' lang='lat' dir='ltr'><strong>marcas</strong></span> <span class='ocrx_word' id='word_1_17' title='bbox 727 603 849 667; x_wconf 80' lang='lat' dir='ltr'><strong>tertona</strong></span> <span class='ocrx_word' id='word_1_18' title='bbox 869 601 983 673; x_wconf 87' lang='lat' dir='ltr'><strong>minus,</strong></span> <span class='ocrx_word' id='word_1_19' title='bbox 1003 601 1100 665; x_wconf 85' lang='lat' dir='ltr'><strong>iidem</strong></span> <span class='ocrx_word' id='word_1_20' title='bbox 1119 601 1170 665; x_wconf 89' lang='lat' dir='ltr'><strong>iu·</strong></span> 
     </span>
     <span class='ocr_line' id='line_1_4' title="bbox 143 711 1117 796; baseline -0.003 -18"><span class='ocrx_word' id='word_1_21' title='bbox 143 715 205 780; x_wconf 89' lang='lat' dir='ltr'><strong>dici</strong></span> <span class='ocrx_word' id='word_1_22' title='bbox 219 715 455 788; x_wconf 70' lang='lat' dir='ltr'><strong>satisfacerent,</strong></span> <span class='ocrx_word' id='word_1_23' title='bbox 475 716 524 778; x_wconf 89' lang='lat' dir='ltr'><strong>ius</strong></span> <span class='ocrx_word' id='word_1_24' title='bbox 538 722 643 779; x_wconf 90' lang='lat' dir='ltr'><strong>autem</strong></span> <span class='ocrx_word' id='word_1_25' title='bbox 655 713 796 796; x_wconf 86' lang='lat' dir='ltr'><strong>pristaldi</strong></span> <span class='ocrx_word' id='word_1_26' title='bbox 812 713 897 775; x_wconf 79' lang='lat' dir='ltr'><strong>Tenc</strong></span> <span class='ocrx_word' id='word_1_27' title='bbox 913 711 1117 792; x_wconf 84' lang='lat' dir='ltr'><strong>persolueret.</strong></span> 
     </span>
     <span class='ocr_line' id='line_1_5' title="bbox 225 822 1169 907; baseline -0.003 -19"><span class='ocrx_word' id='word_1_28' title='bbox 225 823 311 907; x_wconf 78' lang='lat'><strong>(193)</strong></span> <span class='ocrx_word' id='word_1_29' title='bbox 332 828 442 891; x_wconf 86' lang='lat' dir='ltr'><strong>Kusuu</strong></span> <span class='ocrx_word' id='word_1_30' title='bbox 459 827 499 889; x_wconf 90' lang='lat' dir='ltr'><strong>de</strong></span> <span class='ocrx_word' id='word_1_31' title='bbox 515 825 588 889; x_wconf 91' lang='lat' dir='ltr'><strong>uilla</strong></span> <span class='ocrx_word' id='word_1_32' title='bbox 598 828 704 905; x_wconf 74' lang='lat' dir='ltr'><strong>Zu&#39;pur</strong></span> <span class='ocrx_word' id='word_1_33' title='bbox 715 843 785 887; x_wconf 88' lang='lat' dir='ltr'><strong>cum</strong></span> <span class='ocrx_word' id='word_1_34' title='bbox 799 822 976 885; x_wconf 88' lang='lat' dir='ltr'><strong>conuillaua</strong></span> <span class='ocrx_word' id='word_1_35' title='bbox 989 841 1057 896; x_wconf 90' lang='lat' dir='ltr'><strong>sua,</strong></span> <span class='ocrx_word' id='word_1_36' title='bbox 1070 829 1169 885; x_wconf 80' lang='lat' dir='ltr'><strong>matre</strong></span> 
     </span>
     <span class='ocr_line' id='line_1_6' title="bbox 142 933 1170 1020; baseline 0 -21"><span class='ocrx_word' id='word_1_37' title='bbox 142 937 262 1001; x_wconf 84' lang='lat' dir='ltr'><strong>scilicet</strong></span> <span class='ocrx_word' id='word_1_38' title='bbox 274 938 395 1012; x_wconf 87' lang='lat' dir='ltr'><strong>Sedeu,</strong></span> <span class='ocrx_word' id='word_1_39' title='bbox 416 956 513 1020; x_wconf 86' lang='lat' dir='ltr'><strong>quam</strong></span> <span class='ocrx_word' id='word_1_40' title='bbox 534 938 574 1001; x_wconf 91' lang='lat' dir='ltr'><strong>de</strong></span> <span class='ocrx_word' id='word_1_41' title='bbox 589 935 743 1000; x_wconf 82' lang='lat' dir='ltr'><strong>ueneficio</strong></span> <span class='ocrx_word' id='word_1_42' title='bbox 757 934 957 1017; x_wconf 83' lang='lat' dir='ltr'><strong>impacierat‚</strong></span> <span class='ocrx_word' id='word_1_43' title='bbox 978 933 1082 998; x_wconf 80' lang='lat' dir='ltr'><strong>taliter</strong></span> <span class='ocrx_word' id='word_1_44' title='bbox 1095 953 1170 999; x_wconf 88' lang='lat' dir='ltr'><strong>cuu-</strong></span> 
     </span>
     <span class='ocr_line' id='line_1_7' title="bbox 144 1045 1171 1131; baseline -0.004 -18"><span class='ocrx_word' id='word_1_45' title='bbox 144 1051 246 1125; x_wconf 87' lang='lat' dir='ltr'><strong>ueuit,</strong></span> <span class='ocrx_word' id='word_1_46' title='bbox 267 1050 353 1131; x_wconf 89' lang='lat' dir='ltr'><strong>quod</strong></span> <span class='ocrx_word' id='word_1_47' title='bbox 367 1049 435 1130; x_wconf 88' lang='lat' dir='ltr'><strong>ipse</strong></span> <span class='ocrx_word' id='word_1_48' title='bbox 450 1048 526 1113; x_wconf 88' lang='lat' dir='ltr'><strong>nibii</strong></span> <span class='ocrx_word' id='word_1_49' title='bbox 540 1049 717 1131; x_wconf 78' lang='lat' dir='ltr'><strong>acciperet,</strong></span> <span class='ocrx_word' id='word_1_50' title='bbox 737 1056 769 1110; x_wconf 90' lang='lat' dir='ltr'><strong>et</strong></span> <span class='ocrx_word' id='word_1_51' title='bbox 783 1048 894 1121; x_wconf 85' lang='lat' dir='ltr'><strong>iudici,</strong></span> <span class='ocrx_word' id='word_1_52' title='bbox 915 1045 1034 1110; x_wconf 88' lang='lat' dir='ltr'><strong>scilicet</strong></span> <span class='ocrx_word' id='word_1_53' title='bbox 1049 1047 1171 1110; x_wconf 84' lang='lat' dir='ltr'><strong>Tbome</strong></span> 
     </span>
    </p>
   </div>
   <div class='ocr_carea' id='block_1_3' title="bbox 18 1157 1171 1241">
    <p class='ocr_par' dir='ltr' id='par_1_3' title="bbox 18 1157 1171 1241">
     <span class='ocr_line' id='line_1_8' title="bbox 18 1157 1171 1241; baseline -0.003 -16"><span class='ocrx_word' id='word_1_54' title='bbox 18 1231 21 1235; x_wconf 52' lang='grc'>,</span> <span class='ocrx_word' id='word_1_55' title='bbox 143 1159 448 1233; x_wconf 85' lang='lat' dir='ltr'><strong>uieearcbidiacono,</strong></span> <span class='ocrx_word' id='word_1_56' title='bbox 476 1160 607 1223; x_wconf 88' lang='lat' dir='ltr'><strong>terciam</strong></span> <span class='ocrx_word' id='word_1_57' title='bbox 633 1168 752 1241; x_wconf 89' lang='lat' dir='ltr'><strong>partem</strong></span> <span class='ocrx_word' id='word_1_58' title='bbox 778 1159 989 1241; x_wconf 88' lang='lat' dir='ltr'><strong>persolueret,</strong></span> <span class='ocrx_word' id='word_1_59' title='bbox 1020 1157 1171 1240; x_wconf 85' lang='lat' dir='ltr'><strong>pristaido</strong></span> 
     </span>
    </p>
   </div>
   <div class='ocr_carea' id='block_1_4' title="bbox 142 1269 1175 3247">
    <p class='ocr_par' dir='ltr' id='par_1_4' title="bbox 145 1269 1171 1559">
     <span class='ocr_line' id='line_1_9' title="bbox 145 1269 1170 1353; baseline -0.004 -16"><span class='ocrx_word' id='word_1_60' title='bbox 145 1281 250 1337; x_wconf 86' lang='lat' dir='ltr'><strong>autem</strong></span> <span class='ocrx_word' id='word_1_61' title='bbox 280 1292 338 1335; x_wconf 87' lang='lat' dir='ltr'><strong>suo</strong></span> <span class='ocrx_word' id='word_1_62' title='bbox 362 1272 569 1334; x_wconf 84' lang='lat' dir='ltr'><strong>communiter</strong></span> <span class='ocrx_word' id='word_1_63' title='bbox 593 1292 665 1335; x_wconf 93' lang='lat' dir='ltr'><strong>cum</strong></span> <span class='ocrx_word' id='word_1_64' title='bbox 692 1271 746 1333; x_wconf 88' lang='lat' dir='ltr'><strong>iiia</strong></span> <span class='ocrx_word' id='word_1_65' title='bbox 769 1271 1001 1343; x_wconf 73' lang='lat' dir='ltr'><strong>satisfacerent,</strong></span> <span class='ocrx_word' id='word_1_66' title='bbox 1033 1269 1170 1353; x_wconf 82' lang='lat' dir='ltr'><strong>reliquas</strong></span> 
     </span>
     <span class='ocr_line' id='line_1_10' title="bbox 145 1379 1171 1467; baseline -0.007 -19"><span class='ocrx_word' id='word_1_67' title='bbox 145 1392 251 1467; x_wconf 83' lang='lat' dir='ltr'><strong>partes</strong></span> <span class='ocrx_word' id='word_1_68' title='bbox 269 1383 383 1446; x_wconf 86' lang='lat' dir='ltr'><strong>iudicis</strong></span> <span class='ocrx_word' id='word_1_69' title='bbox 403 1389 436 1446; x_wconf 87' lang='lat' dir='ltr'><strong>et</strong></span> <span class='ocrx_word' id='word_1_70' title='bbox 456 1381 599 1464; x_wconf 70' lang='lat' dir='ltr'><strong>pristaldi</strong></span> <span class='ocrx_word' id='word_1_71' title='bbox 620 1381 741 1465; x_wconf 77' lang='lat' dir='ltr'><strong>prefate</strong></span> <span class='ocrx_word' id='word_1_72' title='bbox 762 1379 885 1446; x_wconf 86' lang='lat' dir='ltr'><strong>mulieri</strong></span> <span class='ocrx_word' id='word_1_73' title='bbox 904 1381 1032 1463; x_wconf 79' lang='lat' dir='ltr'><strong>reliquit</strong></span> <span class='ocrx_word' id='word_1_74' title='bbox 1049 1379 1171 1463; x_wconf 87' lang='lat' dir='ltr'><strong>persol-</strong></span> 
     </span>
     <span class='ocr_line' id='line_1_11' title="bbox 145 1497 276 1559; baseline -0.008 -1"><span class='ocrx_word' id='word_1_75' title='bbox 145 1497 276 1559; x_wconf 87' lang='lat' dir='ltr'><strong>uendas.</strong></span> 
     </span>
    </p>

    <p class='ocr_par' dir='ltr' id='par_1_5' title="bbox 142 1603 1175 2669">
     <span class='ocr_line' id='line_1_12' title="bbox 226 1603 1172 1688; baseline 0 -19"><span class='ocrx_word' id='word_1_76' title='bbox 226 1603 318 1688; x_wconf 76' lang='lat' dir='ltr'><strong>(tat)</strong></span> <span class='ocrx_word' id='word_1_77' title='bbox 340 1605 483 1669; x_wconf 87' lang='lat' dir='ltr'><strong>Uuiuersi</strong></span> <span class='ocrx_word' id='word_1_78' title='bbox 503 1605 707 1688; x_wconf 78' lang='lat' dir='ltr'><strong>ioubagioues</strong></span> <span class='ocrx_word' id='word_1_79' title='bbox 727 1605 946 1670; x_wconf 85' lang='lat' dir='ltr'><strong>Bicborienses</strong></span> <span class='ocrx_word' id='word_1_80' title='bbox 966 1605 1172 1688; x_wconf 74' lang='lat' dir='ltr'><strong>impecicruut</strong></span> 
     </span>
     <span class='ocr_line' id='line_1_13' title="bbox 144 1716 1170 1791; baseline -0.001 -10"><span class='ocrx_word' id='word_1_81' title='bbox 144 1726 216 1782; x_wconf 88' lang='lat' dir='ltr'><strong>anto</strong></span> <span class='ocrx_word' id='word_1_82' title='bbox 227 1718 338 1778; x_wconf 80' lang='lat' dir='ltr'><strong>Micam</strong></span> <span class='ocrx_word' id='word_1_83' title='bbox 353 1716 498 1780; x_wconf 87' lang='lat' dir='ltr'><strong>comitem</strong></span> <span class='ocrx_word' id='word_1_84' title='bbox 509 1736 619 1780; x_wconf 89' lang='lat' dir='ltr'><strong>eorum</strong></span> <span class='ocrx_word' id='word_1_85' title='bbox 631 1718 797 1779; x_wconf 86' lang='lat' dir='ltr'><strong>uniuersos</strong></span> <span class='ocrx_word' id='word_1_86' title='bbox 808 1724 984 1780; x_wconf 73' lang='lat' dir='ltr'><strong>castrenses</strong></span> <span class='ocrx_word' id='word_1_87' title='bbox 996 1716 1036 1778; x_wconf 89' lang='lat' dir='ltr'><strong>do</strong></span> <span class='ocrx_word' id='word_1_88' title='bbox 1046 1716 1170 1791; x_wconf 83' lang='lat' dir='ltr'><strong>Bicbor,</strong></span> 
     </span>
     <span class='ocr_line' id='line_1_14' title="bbox 144 1825 1172 1910; baseline 0 -19"><span class='ocrx_word' id='word_1_89' title='bbox 144 1829 295 1903; x_wconf 88' lang='lat' dir='ltr'><strong>dicentes,</strong></span> <span class='ocrx_word' id='word_1_90' title='bbox 315 1828 403 1910; x_wconf 81' lang='lat' dir='ltr'><strong>quod</strong></span> <span class='ocrx_word' id='word_1_91' title='bbox 415 1828 474 1910; x_wconf 87' lang='lat' dir='ltr'><strong>ipsi</strong></span> <span class='ocrx_word' id='word_1_92' title='bbox 489 1836 664 1892; x_wconf 85' lang='lat' dir='ltr'><strong>castrenses</strong></span> <span class='ocrx_word' id='word_1_93' title='bbox 678 1827 726 1889; x_wconf 88' lang='lat' dir='ltr'><strong>bis</strong></span> <span class='ocrx_word' id='word_1_94' title='bbox 740 1826 936 1909; x_wconf 79' lang='lat' dir='ltr'><strong>accepissent</strong></span> <span class='ocrx_word' id='word_1_95' title='bbox 950 1825 990 1889; x_wconf 88' lang='lat' dir='ltr'><strong>ab</strong></span> <span class='ocrx_word' id='word_1_96' title='bbox 1005 1825 1051 1889; x_wconf 88' lang='lat' dir='ltr'><strong>cis</strong></span> <span class='ocrx_word' id='word_1_97' title='bbox 1066 1827 1172 1891; x_wconf 69' lang='lat' dir='ltr'><strong>debite</strong></span> 
     </span>
     <span class='ocr_line' id='line_1_15' title="bbox 142 1937 1173 2021; baseline 0.002 -22"><span class='ocrx_word' id='word_1_98' title='bbox 142 1938 275 2015; x_wconf 86' lang='lat' dir='ltr'><strong>iudicia,</strong></span> <span class='ocrx_word' id='word_1_99' title='bbox 302 1939 334 2000; x_wconf 90' lang='lat' dir='ltr'><strong>iu</strong></span> <span class='ocrx_word' id='word_1_100' title='bbox 356 1939 469 2021; x_wconf 87' lang='lat' dir='ltr'><strong>quibus</strong></span> <span class='ocrx_word' id='word_1_101' title='bbox 491 1938 551 2018; x_wconf 87' lang='lat' dir='ltr'><strong>ipsi</strong></span> <span class='ocrx_word' id='word_1_102' title='bbox 570 1937 775 2019; x_wconf 81' lang='lat' dir='ltr'><strong>ioubagiones</strong></span> <span class='ocrx_word' id='word_1_103' title='bbox 794 1938 1006 2001; x_wconf 80' lang='lat' dir='ltr'><strong>castrensibus</strong></span> <span class='ocrx_word' id='word_1_104' title='bbox 1022 1938 1173 2001; x_wconf 83' lang='lat' dir='ltr'><strong>teneban-</strong></span> 
     </span>
     <span class='ocr_line' id='line_1_16' title="bbox 145 2046 1174 2131; baseline -0.004 -18"><span class='ocrx_word' id='word_1_105' title='bbox 145 2059 204 2114; x_wconf 87' lang='lat' dir='ltr'><strong>tur.</strong></span> <span class='ocrx_word' id='word_1_106' title='bbox 230 2050 429 2130; x_wconf 81' lang='lat' dir='ltr'><strong>suprudictus</strong></span> <span class='ocrx_word' id='word_1_107' title='bbox 443 2050 548 2131; x_wconf 89' lang='lat' dir='ltr'><strong>itaque</strong></span> <span class='ocrx_word' id='word_1_108' title='bbox 561 2048 674 2121; x_wconf 81' lang='lat' dir='ltr'><strong>iudex,</strong></span> <span class='ocrx_word' id='word_1_109' title='bbox 695 2049 769 2111; x_wconf 91' lang='lat' dir='ltr'><strong>dato</strong></span> <span class='ocrx_word' id='word_1_110' title='bbox 783 2046 934 2129; x_wconf 86' lang='lat' dir='ltr'><strong>pristaldo</strong></span> <span class='ocrx_word' id='word_1_111' title='bbox 949 2048 1077 2111; x_wconf 89' lang='lat' dir='ltr'><strong>nomine</strong></span> <span class='ocrx_word' id='word_1_112' title='bbox 1092 2048 1174 2111; x_wconf 82' lang='lat' dir='ltr'><strong>Lau·</strong></span> 
     </span>
     <span class='ocr_line' id='line_1_17' title="bbox 145 2158 1174 2235; baseline 0.003 -14"><span class='ocrx_word' id='word_1_113' title='bbox 145 2161 253 2225; x_wconf 86' lang='lat' dir='ltr'><strong>reneio</strong></span> <span class='ocrx_word' id='word_1_114' title='bbox 266 2161 307 2222; x_wconf 88' lang='lat' dir='ltr'><strong>de</strong></span> <span class='ocrx_word' id='word_1_115' title='bbox 321 2159 395 2222; x_wconf 86' lang='lat' dir='ltr'><strong>uilla</strong></span> <span class='ocrx_word' id='word_1_116' title='bbox 407 2160 588 2235; x_wconf 77' lang='lat' dir='ltr'><strong>Qucserou,</strong></span> <span class='ocrx_word' id='word_1_117' title='bbox 609 2159 650 2222; x_wconf 84' lang='lat' dir='ltr'><strong>ad</strong></span> <span class='ocrx_word' id='word_1_118' title='bbox 662 2159 812 2222; x_wconf 88' lang='lat' dir='ltr'><strong>iudicium</strong></span> <span class='ocrx_word' id='word_1_119' title='bbox 827 2159 899 2222; x_wconf 80' lang='lat' dir='ltr'><strong>ferri</strong></span> <span class='ocrx_word' id='word_1_120' title='bbox 914 2160 1074 2221; x_wconf 87' lang='lat' dir='ltr'><strong>candentis</strong></span> <span class='ocrx_word' id='word_1_121' title='bbox 1089 2158 1174 2224; x_wconf 78' lang='lat' dir='ltr'><strong>misit</strong></span> 
     </span>
     <span class='ocr_line' id='line_1_18' title="bbox 146 2269 1175 2353; baseline 0.002 -20"><span class='ocrx_word' id='word_1_122' title='bbox 146 2270 351 2343; x_wconf 88' lang='lat' dir='ltr'><strong>Uaradiuum‚</strong></span> <span class='ocrx_word' id='word_1_123' title='bbox 381 2271 435 2334; x_wconf 90' lang='lat' dir='ltr'><strong>ubi</strong></span> <span class='ocrx_word' id='word_1_124' title='bbox 460 2269 565 2334; x_wconf 83' lang='lat' dir='ltr'><strong>taliter</strong></span> <span class='ocrx_word' id='word_1_125' title='bbox 588 2277 823 2345; x_wconf 87' lang='lat' dir='ltr'><strong>conuenerunt,</strong></span> <span class='ocrx_word' id='word_1_126' title='bbox 854 2270 939 2353; x_wconf 89' lang='lat' dir='ltr'><strong>quod</strong></span> <span class='ocrx_word' id='word_1_127' title='bbox 964 2269 1098 2352; x_wconf 85' lang='lat' dir='ltr'><strong>predicti</strong></span> <span class='ocrx_word' id='word_1_128' title='bbox 1121 2288 1175 2335; x_wconf 80' lang='lat' dir='ltr'><strong>cs·</strong></span> 
     </span>
     <span class='ocr_line' id='line_1_19' title="bbox 145 2382 1172 2466; baseline 0.007 -22"><span class='ocrx_word' id='word_1_129' title='bbox 145 2391 284 2445; x_wconf 89' lang='lat' dir='ltr'><strong>streuses</strong></span> <span class='ocrx_word' id='word_1_130' title='bbox 299 2383 412 2446; x_wconf 78' lang='lat' dir='ltr'><strong>darem</strong></span> <span class='ocrx_word' id='word_1_131' title='bbox 425 2382 553 2463; x_wconf 79' lang='lat' dir='ltr'><strong>prefatis</strong></span> <span class='ocrx_word' id='word_1_132' title='bbox 567 2382 809 2465; x_wconf 75' lang='lat' dir='ltr'><strong>ioubagiouibus</strong></span> <span class='ocrx_word' id='word_1_133' title='bbox 821 2384 1047 2466; x_wconf 76' lang='lat' dir='ltr'><strong>quinquaginta</strong></span> <span class='ocrx_word' id='word_1_134' title='bbox 1062 2392 1095 2446; x_wconf 89' lang='lat' dir='ltr'><strong>et</strong></span> <span class='ocrx_word' id='word_1_135' title='bbox 1106 2392 1172 2451; x_wconf 77' lang='lat' dir='ltr'><strong>tm</strong></span> 
     </span>
     <span class='ocr_line' id='line_1_20' title="bbox 146 2494 1174 2579; baseline 0.004 -24"><span class='ocrx_word' id='word_1_136' title='bbox 146 2494 256 2557; x_wconf 84' lang='lat' dir='ltr'><strong>boues.</strong></span> <span class='ocrx_word' id='word_1_137' title='bbox 283 2495 379 2557; x_wconf 90' lang='lat' dir='ltr'><strong>iudici</strong></span> <span class='ocrx_word' id='word_1_138' title='bbox 400 2504 506 2558; x_wconf 88' lang='lat' dir='ltr'><strong>autem</strong></span> <span class='ocrx_word' id='word_1_139' title='bbox 527 2503 559 2559; x_wconf 90' lang='lat' dir='ltr'><strong>ct</strong></span> <span class='ocrx_word' id='word_1_140' title='bbox 572 2495 723 2577; x_wconf 81' lang='lat' dir='ltr'><strong>pristaido</strong></span> <span class='ocrx_word' id='word_1_141' title='bbox 737 2503 870 2578; x_wconf 87' lang='lat' dir='ltr'><strong>utraque</strong></span> <span class='ocrx_word' id='word_1_142' title='bbox 890 2516 961 2579; x_wconf 86' lang='lat' dir='ltr'><strong>pars</strong></span> <span class='ocrx_word' id='word_1_143' title='bbox 976 2495 1067 2558; x_wconf 88' lang='lat' dir='ltr'><strong>simul</strong></span> <span class='ocrx_word' id='word_1_144' title='bbox 1082 2494 1174 2559; x_wconf 83' lang='lat' dir='ltr'><strong>satis·</strong></span> 
     </span>
     <span class='ocr_line' id='line_1_21' title="bbox 147 2604 276 2669; baseline -0.008 -2"><span class='ocrx_word' id='word_1_145' title='bbox 147 2604 276 2669; x_wconf 84' lang='lat' dir='ltr'><strong>iaceret.</strong></span> 
     </span>
    </p>

    <p class='ocr_par' dir='ltr' id='par_1_6' title="bbox 145 2714 1173 3247">
     <span class='ocr_line' id='line_1_22' title="bbox 230 2714 1172 2802; baseline 0.007 -24"><span class='ocrx_word' id='word_1_146' title='bbox 230 2714 316 2798; x_wconf 74' lang='lat'><strong>(195)</strong></span> <span class='ocrx_word' id='word_1_147' title='bbox 337 2717 448 2781; x_wconf 83' lang='lat' dir='ltr'><strong>bundu</strong></span> <span class='ocrx_word' id='word_1_148' title='bbox 461 2718 501 2780; x_wconf 88' lang='lat' dir='ltr'><strong>de</strong></span> <span class='ocrx_word' id='word_1_149' title='bbox 516 2716 594 2780; x_wconf 86' lang='lat' dir='ltr'><strong>uitia</strong></span> <span class='ocrx_word' id='word_1_150' title='bbox 607 2715 695 2801; x_wconf 85' lang='lat' dir='ltr'><strong>Gyan</strong></span> <span class='ocrx_word' id='word_1_151' title='bbox 709 2725 833 2799; x_wconf 79' lang='lat' dir='ltr'><strong>portato</strong></span> <span class='ocrx_word' id='word_1_152' title='bbox 847 2718 992 2783; x_wconf 82' lang='lat' dir='ltr'><strong>Uaradini</strong></span> <span class='ocrx_word' id='word_1_153' title='bbox 1012 2721 1098 2784; x_wconf 81' lang='lat' dir='ltr'><strong>ferro</strong></span> <span class='ocrx_word' id='word_1_154' title='bbox 1111 2740 1172 2802; x_wconf 87' lang='lat' dir='ltr'><strong>pro</strong></span> 
     </span>
     <span class='ocr_line' id='line_1_23' title="bbox 147 2827 1173 2918; baseline 0.008 -28"><span class='ocrx_word' id='word_1_155' title='bbox 147 2827 299 2891; x_wconf 80' lang='lat' dir='ltr'><strong>fractione</strong></span> <span class='ocrx_word' id='word_1_156' title='bbox 320 2829 421 2892; x_wconf 82' lang='lat' dir='ltr'><strong>doctis</strong></span> <span class='ocrx_word' id='word_1_157' title='bbox 440 2838 473 2892; x_wconf 85' lang='lat' dir='ltr'><strong>et</strong></span> <span class='ocrx_word' id='word_1_158' title='bbox 491 2830 605 2893; x_wconf 83' lang='lat' dir='ltr'><strong>damno</strong></span> <span class='ocrx_word' id='word_1_159' title='bbox 626 2829 834 2912; x_wconf 78' lang='lat' dir='ltr'><strong>quadraginta</strong></span> <span class='ocrx_word' id='word_1_160' title='bbox 851 2833 1029 2913; x_wconf 80' lang='lat' dir='ltr'><strong>ponderum</strong></span> <span class='ocrx_word' id='word_1_161' title='bbox 1050 2833 1173 2918; x_wconf 77' lang='lat' dir='ltr'><strong>argenti</strong></span> 
     </span>
     <span class='ocr_line' id='line_1_24' title="bbox 148 2939 1173 3024; baseline 0.008 -22"><span class='ocrx_word' id='word_1_162' title='bbox 148 2939 332 3003; x_wconf 83' lang='lat' dir='ltr'><strong>iustificatus</strong></span> <span class='ocrx_word' id='word_1_163' title='bbox 352 2950 416 3014; x_wconf 85' lang='lat' dir='ltr'><strong>cst,</strong></span> <span class='ocrx_word' id='word_1_164' title='bbox 437 2949 545 3006; x_wconf 85' lang='lat' dir='ltr'><strong>contra</strong></span> <span class='ocrx_word' id='word_1_165' title='bbox 560 2941 640 3006; x_wconf 84' lang='lat' dir='ltr'><strong>Guta</strong></span> <span class='ocrx_word' id='word_1_166' title='bbox 658 2943 799 3024; x_wconf 77' lang='lat' dir='ltr'><strong>Bopciud</strong></span> <span class='ocrx_word' id='word_1_167' title='bbox 817 2951 849 3006; x_wconf 91' lang='lat' dir='ltr'><strong>et</strong></span> <span class='ocrx_word' id='word_1_168' title='bbox 869 2943 1030 3008; x_wconf 91' lang='lat' dir='ltr'><strong>domiuum</strong></span> <span class='ocrx_word' id='word_1_169' title='bbox 1045 2947 1173 3023; x_wconf 74' lang='lat' dir='ltr'><strong>uersu,</strong></span> 
     </span>
     <span class='ocr_line' id='line_1_25' title="bbox 145 3051 1173 3136; baseline 0.007 -22"><span class='ocrx_word' id='word_1_170' title='bbox 145 3052 250 3116; x_wconf 88' lang='lat' dir='ltr'><strong>iudice</strong></span> <span class='ocrx_word' id='word_1_171' title='bbox 264 3051 425 3131; x_wconf 73' lang='lat' dir='ltr'><strong>Raguaido</strong></span> <span class='ocrx_word' id='word_1_172' title='bbox 439 3054 600 3136; x_wconf 85' lang='lat' dir='ltr'><strong>preposito</strong></span> <span class='ocrx_word' id='word_1_173' title='bbox 609 3053 824 3128; x_wconf 83' lang='lat' dir='ltr'><strong>Uaradinensi,</strong></span> <span class='ocrx_word' id='word_1_174' title='bbox 836 3063 867 3117; x_wconf 88' lang='lat' dir='ltr'><strong>ct</strong></span> <span class='ocrx_word' id='word_1_175' title='bbox 880 3055 1031 3136; x_wconf 89' lang='lat' dir='ltr'><strong>pristaldo</strong></span> <span class='ocrx_word' id='word_1_176' title='bbox 1045 3058 1173 3121; x_wconf 88' lang='lat' dir='ltr'><strong>nomine</strong></span> 
     </span>
     <span class='ocr_line' id='line_1_26' title="bbox 148 3163 295 3247; baseline 0 -21"><span class='ocrx_word' id='word_1_177' title='bbox 148 3163 295 3247; x_wconf 78' lang='lat' dir='ltr'><strong>Georgio.</strong></span> 
     </span>
    </p>
   </div>
   <div class='ocr_carea' id='block_1_5' title="bbox 148 3256 1175 3669">
    <p class='ocr_par' dir='ltr' id='par_1_7' title="bbox 148 3256 1175 3669">
     <span class='ocr_line' id='line_1_27' title="bbox 230 3256 1174 3357; baseline 0.002 -18"><span class='ocrx_word' id='word_1_178' title='bbox 230 3275 316 3357; x_wconf 76' lang='lat' dir='ltr'><strong>(roo)</strong></span> <span class='ocrx_word' id='word_1_179' title='bbox 351 3277 529 3357; x_wconf 80' lang='lat' dir='ltr'><strong>stephanus</strong></span> <span class='ocrx_word' id='word_1_180' title='bbox 558 3256 701 3339; x_wconf 68' lang='lat' dir='ltr'><strong>us&#39;usru</strong></span> <span class='ocrx_word' id='word_1_181' title='bbox 726 3273 819 3336; x_wconf 65' lang='lat' dir='ltr'><strong>reru</strong></span> <span class='ocrx_word' id='word_1_182' title='bbox 847 3272 987 3355; x_wconf 71' lang='lat' dir='ltr'><strong>impensu</strong></span> <span class='ocrx_word' id='word_1_183' title='bbox 1013 3276 1174 3341; x_wconf 67' lang='lat' dir='ltr'><strong>srmone-s</strong></span> 
     </span>
     <span class='ocr_line' id='line_1_28' title="bbox 148 3383 1175 3468; baseline 0.001 -20"><span class='ocrx_word' id='word_1_184' title='bbox 148 3383 245 3448; x_wconf 77' lang='lat' dir='ltr'><strong>filium</strong></span> <span class='ocrx_word' id='word_1_185' title='bbox 261 3386 345 3449; x_wconf 86' lang='lat' dir='ltr'><strong>Tecu</strong></span> <span class='ocrx_word' id='word_1_186' title='bbox 360 3406 417 3468; x_wconf 90' lang='lat' dir='ltr'><strong>pro</strong></span> <span class='ocrx_word' id='word_1_187' title='bbox 433 3387 527 3459; x_wconf 80' lang='lat' dir='ltr'><strong>furto,</strong></span> <span class='ocrx_word' id='word_1_188' title='bbox 547 3386 650 3448; x_wconf 88' lang='lat' dir='ltr'><strong>iudice</strong></span> <span class='ocrx_word' id='word_1_189' title='bbox 666 3383 773 3446; x_wconf 84' lang='lat' dir='ltr'><strong>curiali</strong></span> <span class='ocrx_word' id='word_1_190' title='bbox 787 3385 901 3447; x_wconf 88' lang='lat' dir='ltr'><strong>comite</strong></span> <span class='ocrx_word' id='word_1_191' title='bbox 916 3385 955 3446; x_wconf 87' lang='lat' dir='ltr'><strong>de</strong></span> <span class='ocrx_word' id='word_1_192' title='bbox 970 3387 1102 3450; x_wconf 83' lang='lat' dir='ltr'><strong>Zouuuk</strong></span> <span class='ocrx_word' id='word_1_193' title='bbox 1115 3407 1175 3449; x_wconf 89' lang='lat' dir='ltr'><strong>no·</strong></span> 
     </span>
     <span class='ocr_line' id='line_1_29' title="bbox 148 3495 1174 3580; baseline 0.005 -23"><span class='ocrx_word' id='word_1_194' title='bbox 148 3495 231 3559; x_wconf 87' lang='lat' dir='ltr'><strong>mine</strong></span> <span class='ocrx_word' id='word_1_195' title='bbox 252 3495 390 3579; x_wconf 74' lang='lat' dir='ltr'><strong>bugeio,</strong></span> <span class='ocrx_word' id='word_1_196' title='bbox 420 3496 573 3579; x_wconf 81' lang='lat' dir='ltr'><strong>pristsido</strong></span> <span class='ocrx_word' id='word_1_197' title='bbox 598 3496 698 3578; x_wconf 78' lang='lat' dir='ltr'><strong>Moys.</strong></span> <span class='ocrx_word' id='word_1_198' title='bbox 731 3496 891 3578; x_wconf 82' lang='lat' dir='ltr'><strong>prodictus</strong></span> <span class='ocrx_word' id='word_1_199' title='bbox 916 3497 1023 3560; x_wconf 87' lang='lat' dir='ltr'><strong>Simon</strong></span> <span class='ocrx_word' id='word_1_200' title='bbox 1050 3502 1174 3580; x_wconf 83' lang='lat' dir='ltr'><strong>portato</strong></span> 
     </span>
     <span class='ocr_line' id='line_1_30' title="bbox 149 3604 660 3669; baseline 0 -1"><span class='ocrx_word' id='word_1_201' title='bbox 149 3604 295 3669; x_wconf 83' lang='lat' dir='ltr'><strong>Uaradini</strong></span> <span class='ocrx_word' id='word_1_202' title='bbox 307 3606 392 3669; x_wconf 88' lang='lat' dir='ltr'><strong>t&#39;erro</strong></span> <span class='ocrx_word' id='word_1_203' title='bbox 407 3608 588 3669; x_wconf 83' lang='lat' dir='ltr'><strong>combustus</strong></span> <span class='ocrx_word' id='word_1_204' title='bbox 602 3613 660 3668; x_wconf 79' lang='lat' dir='ltr'><strong>est</strong></span> 
     </span>
    </p>
   </div>
   <div class='ocr_carea' id='block_1_6' title="bbox 137 3715 1177 4115">
    <p class='ocr_par' dir='ltr' id='par_1_8' title="bbox 137 3715 1177 4115">
     <span class='ocr_line' id='line_1_31' title="bbox 232 3715 1175 3802; baseline 0.006 -23"><span class='ocrx_word' id='word_1_205' title='bbox 232 3715 322 3797; x_wconf 83' lang='grc'>(197)</span> <span class='ocrx_word' id='word_1_206' title='bbox 343 3716 494 3779; x_wconf 84' lang='lat' dir='ltr'><strong>Cboucad</strong></span> <span class='ocrx_word' id='word_1_207' title='bbox 509 3716 750 3781; x_wconf 83' lang='lat' dir='ltr'><strong>uxorTekudini</strong></span> <span class='ocrx_word' id='word_1_208' title='bbox 765 3716 850 3779; x_wconf 89' lang='lat' dir='ltr'><strong>serui</strong></span> <span class='ocrx_word' id='word_1_209' title='bbox 861 3718 990 3784; x_wconf 83' lang='lat' dir='ltr'><strong>Fabiani</strong></span> <span class='ocrx_word' id='word_1_210' title='bbox 1000 3727 1175 3802; x_wconf 76' lang='lat' dir='ltr'><strong>conquesta</strong></span> 
     </span>
     <span class='ocr_line' id='line_1_32' title="bbox 137 3826 1176 3913; baseline 0.005 -23"><span class='ocrx_word' id='word_1_211' title='bbox 137 3834 196 3890; x_wconf 82' lang='lat' dir='ltr'><strong>est</strong></span> <span class='ocrx_word' id='word_1_212' title='bbox 209 3827 328 3892; x_wconf 87' lang='lat' dir='ltr'><strong>Simoni</strong></span> <span class='ocrx_word' id='word_1_213' title='bbox 343 3827 525 3891; x_wconf 86' lang='lat' dir='ltr'><strong>Uaradieusi</strong></span> <span class='ocrx_word' id='word_1_214' title='bbox 547 3826 697 3909; x_wconf 71' lang='lat' dir='ltr'><strong>episcopo</strong></span> <span class='ocrx_word' id='word_1_215' title='bbox 711 3828 832 3902; x_wconf 87' lang='lat' dir='ltr'><strong>dicens,</strong></span> <span class='ocrx_word' id='word_1_216' title='bbox 853 3828 1024 3910; x_wconf 84' lang='lat' dir='ltr'><strong>quodcum</strong></span> <span class='ocrx_word' id='word_1_217' title='bbox 1044 3829 1114 3913; x_wconf 87' lang='lat' dir='ltr'><strong>ipsa</strong></span> <span class='ocrx_word' id='word_1_218' title='bbox 1134 3831 1176 3895; x_wconf 89' lang='lat' dir='ltr'><strong>sit</strong></span> 
     </span>
     <span class='ocr_line' id='line_1_33' title="bbox 148 3936 1176 4023; baseline 0.006 -25"><span class='ocrx_word' id='word_1_219' title='bbox 148 3936 261 4011; x_wconf 82' lang='lat' dir='ltr'><strong>libera,</strong></span> <span class='ocrx_word' id='word_1_220' title='bbox 281 3938 426 4002; x_wconf 84' lang='lat' dir='ltr'><strong>domiuus</strong></span> <span class='ocrx_word' id='word_1_221' title='bbox 439 3957 516 4002; x_wconf 83' lang='lat' dir='ltr'><strong>suus</strong></span> <span class='ocrx_word' id='word_1_222' title='bbox 526 3937 682 4001; x_wconf 77' lang='lat' dir='ltr'><strong>Fabianus</strong></span> <span class='ocrx_word' id='word_1_223' title='bbox 695 3939 772 4002; x_wconf 87' lang='lat' dir='ltr'><strong>uelit</strong></span> <span class='ocrx_word' id='word_1_224' title='bbox 784 3957 855 4001; x_wconf 88' lang='lat' dir='ltr'><strong>eam</strong></span> <span class='ocrx_word' id='word_1_225' title='bbox 869 3939 1015 4023; x_wconf 79' lang='lat' dir='ltr'><strong>redigere</strong></span> <span class='ocrx_word' id='word_1_226' title='bbox 1027 3941 1060 4003; x_wconf 92' lang='lat' dir='ltr'><strong>iu</strong></span> <span class='ocrx_word' id='word_1_227' title='bbox 1074 3940 1176 4005; x_wconf 87' lang='lat' dir='ltr'><strong>serui-</strong></span> 
     </span>
     <span class='ocr_line' id='line_1_34' title="bbox 149 4047 1177 4115; baseline 0.004 -6"><span class='ocrx_word' id='word_1_228' title='bbox 149 4053 259 4109; x_wconf 72' lang='lat' dir='ltr'><strong>tutem,</strong></span> <span class='ocrx_word' id='word_1_229' title='bbox 279 4047 385 4111; x_wconf 77' lang='lat' dir='ltr'><strong>Atilio</strong></span> <span class='ocrx_word' id='word_1_230' title='bbox 398 4049 477 4114; x_wconf 80' lang='lat' dir='ltr'><strong>dixit</strong></span> <span class='ocrx_word' id='word_1_231' title='bbox 490 4068 561 4112; x_wconf 85' lang='lat' dir='ltr'><strong>eam</strong></span> <span class='ocrx_word' id='word_1_232' title='bbox 575 4068 666 4112; x_wconf 85' lang='lat' dir='ltr'><strong>suam</strong></span> <span class='ocrx_word' id='word_1_233' title='bbox 680 4068 750 4112; x_wconf 88' lang='lat' dir='ltr'><strong>esse</strong></span> <span class='ocrx_word' id='word_1_234' title='bbox 765 4049 920 4114; x_wconf 88' lang='lat' dir='ltr'><strong>ancillam.</strong></span> <span class='ocrx_word' id='word_1_235' title='bbox 940 4052 994 4115; x_wconf 89' lang='lat' dir='ltr'><strong>iila</strong></span> <span class='ocrx_word' id='word_1_236' title='bbox 1007 4071 1086 4115; x_wconf 90' lang='lat' dir='ltr'><strong>uero</strong></span> <span class='ocrx_word' id='word_1_237' title='bbox 1097 4049 1177 4113; x_wconf 81' lang='lat' dir='ltr'><strong>dixit</strong></span> 
     </span>
    </p>
   </div>
   <div class='ocr_carea' id='block_1_7' title="bbox 150 4159 1176 4246">
    <p class='ocr_par' dir='ltr' id='par_1_9' title="bbox 150 4159 1176 4246">
     <span class='ocr_line' id='line_1_35' title="bbox 150 4159 1176 4246; baseline -0.002 -20"><span class='ocrx_word' id='word_1_238' title='bbox 150 4167 286 4226; x_wconf 84' lang='lat' dir='ltr'><strong>tutorem</strong></span> <span class='ocrx_word' id='word_1_239' title='bbox 300 4178 357 4223; x_wconf 85' lang='lat' dir='ltr'><strong>suc</strong></span> <span class='ocrx_word' id='word_1_240' title='bbox 371 4159 523 4229; x_wconf 75' lang='lat' dir='ltr'><strong>libertatis</strong></span> <span class='ocrx_word' id='word_1_241' title='bbox 535 4162 663 4226; x_wconf 86' lang='lat' dir='ltr'><strong>nomine</strong></span> <span class='ocrx_word' id='word_1_242' title='bbox 673 4161 806 4228; x_wconf 67' lang='lat' dir='ltr'><strong>Guuurt-</strong></span> <span class='ocrx_word' id='word_1_243' title='bbox 818 4164 1054 4246; x_wconf 70' lang='lat' dir='ltr'><strong>prenominatus</strong></span> <span class='ocrx_word' id='word_1_244' title='bbox 1067 4163 1176 4246; x_wconf 70' lang='lat' dir='ltr'><strong>itaquo</strong></span> 
     </span>
    </p>
   </div>
   <div class='ocr_carea' id='block_1_8' title="bbox 0 0 1412 4764">
    <p class='ocr_par' dir='ltr' id='par_1_10' title="bbox 0 0 1412 4764">
     <span class='ocr_line' id='line_1_36' title="bbox 0 0 1412 4764; baseline 0 0"><span class='ocrx_word' id='word_1_245' title='bbox 0 0 1412 4764; x_wconf 95' lang='lat' dir='ltr'><strong> </strong></span> 
     </span>
    </p>
   </div>
  </div>
 </body>
</html>
