2798 4764
402 341 541 390 ssourur
559 341 660 389 ussrr
680 340 888 389 nuucsucnnu
915 321 992 407 (50),
1168 322 1208 391 ib

181 508 312 576 nerunt,
332 508 365 564 et
376 520 450 565 enm
465 521 537 563 cunr
552 500 684 563 diuersis
700 519 739 562 ex
753 506 841 582 perte
856 498 984 562 Usubuu
998 507 1030 563 et
1041 499 1145 563 Eusce
1159 518 1208 563 sa·

180 615 377 686 lutsnerunt‚
397 622 428 675 et
441 612 523 675 lilios
536 611 712 674 incolarum
726 611 759 673 in
774 611 900 673 obsides
914 612 1033 694 positos
1048 611 1120 675 duci
1136 632 1208 694 prc-

182 732 398 790 sentsuerunt
425 725 496 785 ltux
511 742 587 785 uero
602 723 707 805 mpod
727 723 832 786 audito
855 722 917 785 hoc
929 723 1026 786 lecior
1042 723 1141 787 luctus
1159 732 1208 787 est

182 837 286 911 solito,
304 835 463 898 etiterum
478 835 510 896 in
523 834 693 915 Ecilburgu
707 853 866 906 reuersus,
881 853 1029 917 magnum
1043 835 1118 898 lecit
1132 855 1207 898 con·v

182 949 313 1022 uiuium,
328 955 361 1010 et
374 946 484 1029 legatis
499 946 614 1028 gaudia
628 947 847 1009 nunciantibus
862 965 995 1010 munera
1008 966 1121 1029 magns
1132 968 1206 1011 con·

185 1060 321 1125 domuit.

263 1281 336 1365 (50)
358 1280 402 1345 De
415 1283 618 1345 deuastocioor
631 1282 794 1346 Pannonis.
819 1284 906 1346 Tunc
921 1284 985 1345 dux
995 1282 1101 1366 Arpad
1115 1291 1148 1345 et
1161 1283 1210 1347 sui

189 1394 315 1469 nobiles,
329 1413 403 1456 cnm
415 1394 510 1457 tercia
520 1401 610 1475 parte
623 1393 779 1456 exercitus
790 1395 837 1457 sui
849 1396 889 1458 dc
899 1395 1069 1478 Ecilburgu
1078 1396 1210 1479 egressi,

193 1516 288 1571 rastra
299 1506 409 1570 metati
428 1516 501 1568 sunt
512 1505 598 1568 iuxta
614 1525 757 1587 campum
773 1508 858 1588 putei
873 1507 963 1583 salsi,
985 1518 1017 1571 ct
1031 1509 1105 1572 inde
1120 1509 1209 1590 equi·

193 1627 298 1694 untes,
317 1638 420 1699 usqne
436 1617 476 1679 sd
491 1626 629 1681 montem
643 1618 783 1681 Bodoctu
799 1628 1020 1700 peruenerunt.
1046 1621 1116 1682 Dux
1131 1639 1208 1697 uero

186 1732 290 1814 Arpsd
304 1731 345 1793 ab
356 1729 500 1812 orientali
516 1738 604 1811 parte
619 1730 707 1793 dedit
716 1730 900 1795 Eleudunec
914 1732 995 1813 patri
1006 1731 1141 1796 Zobclsu
1155 1732 1209 1795 sil·

183 1864 258 1906 m
276 1863 440 1925 magnam,
461 1862 522 1923 que
542 1862 625 1904 nunc
640 1843 750 1907 Uertus
772 1852 912 1917 uocatur,
932 1851 1062 1926 propter
1080 1844 1208 1926 clypeos

188 1955 454 2019 Teotbonicorum
466 1954 542 2016 inibi
552 1955 706 2019 dimissos.
722 1956 761 2017 ad
772 1957 911 2018 radicem
921 1955 1013 2018 huius
1024 1956 1114 2030 silue,
1123 1957 1209 2020 iuxta

185 2077 331 2151 mgnum
348 2067 371 2128 F
373 2074 480 2140 erteu,
501 2065 579 2128 Suae
594 2086 693 2148 nepos
709 2066 843 2129 Zcbolsu
865 2067 959 2149 longo
978 2075 1049 2148 post
1068 2075 1210 2148 tempore

186 2187 324 2243 usuum
339 2178 523 2240 construxit.
554 2178 630 2259 quid
651 2176 752 2240 ultra?
781 2179 843 2240 dux
865 2187 969 2241 autem
983 2178 1089 2260 Arpad
1109 2186 1141 2240 et
1161 2178 1211 2241 sui

183 2292 297 2356 milites
311 2291 357 2353 sic
373 2291 495 2363 eundo,
515 2291 602 2353 iuxta
617 2299 756 2353 montem
769 2290 869 2352 sancti
883 2289 1007 2351 Martini
1028 2298 1130 2351 castre
1145 2311 1210 2353 me·

184 2405 239 2468 tati
250 2411 340 2476 sunt,
362 2403 447 2465 etde
464 2402 549 2465 sonte
561 2399 691 2464 Subaris
706 2411 768 2463 tam
784 2401 842 2482 ipsi
857 2420 952 2482 quum
968 2420 1077 2462 eorum
1093 2400 1212 2465 anima·

184 2515 226 2578 lio
249 2515 413 2586 biberunt,
442 2522 474 2576 et
497 2523 635 2575 montem
658 2512 883 2584 ascendeutes,
913 2520 945 2573 et
959 2512 1028 2576 uisa
1041 2510 1214 2595 pulchritu-

192 2627 263 2690 dine
279 2635 362 2689 terre
378 2626 556 2700 Pannonis,
578 2626 669 2687 nimis
683 2625 737 2687 leti
752 2624 826 2687 sacti
840 2633 921 2688 sunt.
950 2632 982 2687 et
994 2626 1069 2689 inde
1084 2627 1213 2709 egressi,
1314 2702 1319 2708 ,

92 2786 96 2791 -
189 2758 288 2821 nsque
313 2739 354 2800 ad
376 2739 495 2801 Rabam
518 2747 550 2802 et
570 2738 748 2800 llabucesm
772 2746 944 2811 uenerunt,
973 2735 1156 2801 Sclnucrunr
1181 2747 1214 2802 et

187 2851 420 2913 Pannoniorum
442 2859 551 2931 gentes
573 2859 605 2913 et
625 2869 720 2932 regns
744 2856 962 2923 uastauerunt,
985 2856 1141 2912 eteorum
1160 2871 1210 2916 re.-

188 2964 297 3046 giones
312 2968 558 3043 occupauerunt.
580 2962 637 3023 sed
652 2959 947 3023 etCarintbinorum
958 2962 1213 3026 Moroanensium

189 3074 267 3138 fines
282 3074 401 3137 crebris
414 3074 592 3136 incursibus
608 3074 820 3155 diripuerunt,
848 3093 982 3156 quorum
1005 3075 1103 3137 multa
1118 3074 1214 3139 millia

85 3264 92 3272 .
189 3185 352 3248 bominum
372 3185 404 3247 in
419 3205 474 3248 ore
491 3183 585 3267 gladii
601 3186 798 3258 occiderunt,
820 3185 959 3267 presidio
979 3186 1213 3260 subuerterunt,

191 3307 222 3361 et
242 3298 390 3380 regiones
414 3317 523 3359 eorum
543 3298 766 3379 possederunt,
795 3306 826 3359 et
848 3318 948 3379 usque
971 3298 1003 3358 in
1024 3298 1213 3360 hodiernum

190 3409 290 3482 diem,
316 3409 486 3471 adiuuante
508 3407 652 3482 dominc,
674 3416 821 3490 potenter
842 3418 874 3471 et
895 3408 1026 3490 pacifice
1048 3409 1215 3489 posteritas

191 3540 301 3585 eorum
323 3519 450 3583 detinet.
483 3528 557 3582 tunc
578 3520 706 3582 Usubuu
727 3528 759 3582 et
772 3521 875 3582 Eusee
898 3528 988 3602 pater
1003 3521 1121 3596 Urcun‚
1143 3542 1215 3588 cum

180 3634 277 3697 omni
292 3632 431 3695 exercitu
447 3651 557 3694 eorum
571 3632 638 3694 sani
653 3640 684 3695 et
698 3632 881 3707 incolumes,
903 3653 973 3696 cnm
988 3654 1100 3719 magno
1115 3636 1215 3700 uicto·

189 3745 237 3807 ris
250 3744 373 3807 reuersi
385 3750 459 3805 sunt
473 3744 514 3805 sd
528 3745 640 3806 ducem
655 3744 770 3827 Arpad,
785 3744 863 3807 deus
878 3747 975 3820 enim,
990 3748 1078 3809 cuius
1093 3749 1214 3811 miseri-

189 3854 301 3918 cordis
322 3855 432 3937 preuis
453 3865 537 3929 crat,
562 3855 690 3919 tradidit
710 3855 782 3919 doci
802 3857 908 3939 Arpsd
931 3866 963 3937 et
983 3858 1047 3921 suis
1067 3858 1214 3921 militibus

187 3967 336 4031 inimicos
359 3987 486 4042 corum,
517 3975 549 4032 et
567 3989 626 4052 per
645 3987 756 4032 menos
778 3989 851 4035 suas
874 3969 999 4035 labores
1023 3970 1212 4055 populorum

189 4081 411 4165 possederunt
439 4080 491 4144 nbi
506 4100 578 4146 cum
592 4081 722 4150 radicati
736 4082 888 4158 fuissent,
917 4090 949 4146 et
965 4083 1033 4147 lere
1047 4083 1154 4146 omnin
1169 4081 1217 4145 ni·

184 4193 313 4274 ouon
331 4212 432 4285 regne
449 4193 511 4266 ribi
530 4194 766 4287 sobioguseot,
787 4195 909 4271 reuersi
927 4203 1001 4269 sont
1012 4195 1102 4267 iuste
1109 4197 1216 4273 occu
