<?xml version="1.0" encoding="UTF-8"?>
<!DOCTYPE html PUBLIC "-//W3C//DTD XHTML 1.0 Transitional//EN"
    "http://www.w3.org/TR/xhtml1/DTD/xhtml1-transitional.dtd">
<html xmlns="http://www.w3.org/1999/xhtml" xml:lang="en" lang="en">
 <head>
  <title>
</title>
<meta http-equiv="Content-Type" content="text/html;charset=utf-8" />
  <meta name='ocr-system' content='tesseract 3.04.00' />
  <meta name='ocr-capabilities' content='ocr_page ocr_carea ocr_par ocr_line ocrx_word'/>
</head>
<body>
  <div class='ocr_page' id='page_1' title='image "./rerumhungaricar00endlgoog/rerumhungaricar00endlgoog_0521.png"; bbox 0 0 2798 4764; ppageno 0'>
   <div class='ocr_carea' id='block_1_1' title="bbox 222 331 1024 399">
    <p class='ocr_par' dir='ltr' id='par_1_1' title="bbox 222 331 1024 399">
     <span class='ocr_line' id='line_1_1' title="bbox 222 331 1024 399; baseline 0.005 -4"><span class='ocrx_word' id='word_1_1' title='bbox 222 331 285 395; x_wconf 70' lang='lat'>512</span> <span class='ocrx_word' id='word_1_2' title='bbox 379 332 406 356; x_wconf 67' lang='lat'>¹</span> <span class='ocrx_word' id='word_1_3' title='bbox 449 348 538 397; x_wconf 74' lang='lat' dir='ltr'>mn</span> <span class='ocrx_word' id='word_1_4' title='bbox 557 348 598 395; x_wconf 81' lang='lat' dir='ltr'>rr.</span> <span class='ocrx_word' id='word_1_5' title='bbox 616 350 705 396; x_wconf 78' lang='lat' dir='ltr'>ruem</span> <span class='ocrx_word' id='word_1_6' title='bbox 726 350 902 399; x_wconf 81' lang='lat' dir='ltr'>unernruu.</span> <span class='ocrx_word' id='word_1_7' title='bbox 933 334 1024 399; x_wconf 73' lang='lat' dir='ltr'>test.</span> 
     </span>
    </p>
   </div>
   <div class='ocr_carea' id='block_1_2' title="bbox 219 498 1251 2681">
    <p class='ocr_par' dir='ltr' id='par_1_2' title="bbox 223 498 1251 899">
     <span class='ocr_line' id='line_1_2' title="bbox 226 498 1249 584; baseline 0.001 -23"><span class='ocrx_word' id='word_1_8' title='bbox 226 539 231 547; x_wconf 91' lang='lat'><em>-</em></span> <span class='ocrx_word' id='word_1_9' title='bbox 307 498 371 580; x_wconf 72' lang='lat' dir='ltr'>tut)</span> <span class='ocrx_word' id='word_1_10' title='bbox 395 502 470 562; x_wconf 86' lang='lat' dir='ltr'>item</span> <span class='ocrx_word' id='word_1_11' title='bbox 490 501 671 576; x_wconf 74' lang='lat' dir='ltr'>statuimus,</span> <span class='ocrx_word' id='word_1_12' title='bbox 698 502 785 584; x_wconf 87' lang='lat' dir='ltr'>quod</span> <span class='ocrx_word' id='word_1_13' title='bbox 807 502 839 564; x_wconf 90' lang='lat' dir='ltr'>in</span> <span class='ocrx_word' id='word_1_14' title='bbox 861 502 972 565; x_wconf 83' lang='lat' dir='ltr'>eedem</span> <span class='ocrx_word' id='word_1_15' title='bbox 995 500 1121 564; x_wconf 76' lang='lat' dir='ltr'>ciuitate</span> <span class='ocrx_word' id='word_1_16' title='bbox 1145 501 1249 562; x_wconf 82' lang='lat' dir='ltr'>furum</span> 
     </span>
     <span class='ocr_line' id='line_1_3' title="bbox 223 609 1249 687; baseline 0.002 -13"><span class='ocrx_word' id='word_1_17' title='bbox 223 609 363 674; x_wconf 75' lang='lat' dir='ltr'><strong>solemne</strong></span> <span class='ocrx_word' id='word_1_18' title='bbox 384 611 507 675; x_wconf 86' lang='lat' dir='ltr'>dnobus</span> <span class='ocrx_word' id='word_1_19' title='bbox 522 612 634 674; x_wconf 90' lang='lat' dir='ltr'>diebus</span> <span class='ocrx_word' id='word_1_20' title='bbox 655 613 687 674; x_wconf 92' lang='lat' dir='ltr'>in</span> <span class='ocrx_word' id='word_1_21' title='bbox 708 611 923 687; x_wconf 75' lang='lat' dir='ltr'>hebdomada,</span> <span class='ocrx_word' id='word_1_22' title='bbox 946 613 1093 675; x_wconf 85' lang='lat' dir='ltr'>uidelicet</span> <span class='ocrx_word' id='word_1_23' title='bbox 1107 613 1159 674; x_wconf 86' lang='lat' dir='ltr'>die</span> <span class='ocrx_word' id='word_1_24' title='bbox 1174 613 1249 676; x_wconf 82' lang='lat' dir='ltr'>lune</span> 
     </span>
     <span class='ocr_line' id='line_1_4' title="bbox 224 722 1251 806; baseline -0.001 -20"><span class='ocrx_word' id='word_1_25' title='bbox 224 732 256 786; x_wconf 90' lang='lat' dir='ltr'>et</span> <span class='ocrx_word' id='word_1_26' title='bbox 269 722 320 785; x_wconf 89' lang='lat' dir='ltr'>die</span> <span class='ocrx_word' id='word_1_27' title='bbox 334 722 414 784; x_wconf 90' lang='lat' dir='ltr'>inuis</span> <span class='ocrx_word' id='word_1_28' title='bbox 430 722 616 786; x_wconf 79' lang='lat' dir='ltr'>celebretur.</span> <span class='ocrx_word' id='word_1_29' title='bbox 638 742 675 786; x_wconf 85' lang='lat' dir='ltr'>ae</span> <span class='ocrx_word' id='word_1_30' title='bbox 691 733 835 806; x_wconf 82' lang='lat' dir='ltr'>preterea</span> <span class='ocrx_word' id='word_1_31' title='bbox 850 724 953 787; x_wconf 85' lang='lat' dir='ltr'>fornm</span> <span class='ocrx_word' id='word_1_32' title='bbox 964 723 1180 806; x_wconf 80' lang='lat' dir='ltr'>quotidianum</span> <span class='ocrx_word' id='word_1_33' title='bbox 1194 741 1251 785; x_wconf 87' lang='lat' dir='ltr'>cn·</span> 
     </span>
     <span class='ocr_line' id='line_1_5' title="bbox 223 834 579 899; baseline -0.003 0"><span class='ocrx_word' id='word_1_34' title='bbox 223 835 298 899; x_wconf 88' lang='lat' dir='ltr'>tidie</span> <span class='ocrx_word' id='word_1_35' title='bbox 311 834 475 898; x_wconf 76' lang='lat' dir='ltr'><strong>habeatur.</strong></span> <span class='ocrx_word' id='word_1_36' title='bbox 577 877 579 881; x_wconf 68' lang='lat'>,</span> 
     </span>
    </p>

    <p class='ocr_par' dir='ltr' id='par_1_3' title="bbox 220 948 1250 1569">
     <span class='ocr_line' id='line_1_6' title="bbox 304 948 1249 1033; baseline 0.001 -22"><span class='ocrx_word' id='word_1_37' title='bbox 304 949 352 1011; x_wconf 83' lang='lat' dir='ltr'>nd</span> <span class='ocrx_word' id='word_1_38' title='bbox 365 948 630 1011; x_wconf 82' lang='lat' dir='ltr'>sustentacionem</span> <span class='ocrx_word' id='word_1_39' title='bbox 646 959 749 1012; x_wconf 86' lang='lat' dir='ltr'>eutem</span> <span class='ocrx_word' id='word_1_40' title='bbox 768 950 925 1033; x_wconf 89' lang='lat' dir='ltr'>hospitum</span> <span class='ocrx_word' id='word_1_41' title='bbox 941 949 971 1011; x_wconf 93' lang='lat' dir='ltr'>in</span> <span class='ocrx_word' id='word_1_42' title='bbox 988 948 1130 1030; x_wconf 89' lang='lat' dir='ltr'>predicto</span> <span class='ocrx_word' id='word_1_43' title='bbox 1146 958 1249 1012; x_wconf 81' lang='lat' dir='ltr'>cestre</span> 
     </span>
     <span class='ocr_line' id='line_1_7' title="bbox 220 1059 1245 1143; baseline -0.002 -19"><span class='ocrx_word' id='word_1_44' title='bbox 220 1059 450 1134; x_wconf 82' lang='lat' dir='ltr'>hebitrncium,</span> <span class='ocrx_word' id='word_1_45' title='bbox 470 1061 613 1123; x_wconf 77' lang='lat' dir='ltr'>dedimus</span> <span class='ocrx_word' id='word_1_46' title='bbox 628 1070 742 1125; x_wconf 90' lang='lat' dir='ltr'>terrrm</span> <span class='ocrx_word' id='word_1_47' title='bbox 756 1063 836 1124; x_wconf 76' lang='lat' dir='ltr'>siren</span> <span class='ocrx_word' id='word_1_48' title='bbox 856 1069 993 1124; x_wconf 89' lang='lat' dir='ltr'>montem</span> <span class='ocrx_word' id='word_1_49' title='bbox 1009 1060 1127 1133; x_wconf 72' lang='lat' dir='ltr'>drach,</span> <span class='ocrx_word' id='word_1_50' title='bbox 1149 1081 1245 1143; x_wconf 73' lang='lat' dir='ltr'>quem</span> 
     </span>
     <span class='ocr_line' id='line_1_8' title="bbox 222 1169 1247 1254; baseline 0 -20"><span class='ocrx_word' id='word_1_51' title='bbox 222 1169 297 1234; x_wconf 84' lang='lat' dir='ltr'>oiim</span> <span class='ocrx_word' id='word_1_52' title='bbox 312 1189 367 1252; x_wconf 87' lang='lat' dir='ltr'>per</span> <span class='ocrx_word' id='word_1_53' title='bbox 377 1171 524 1234; x_wconf 83' lang='lat' dir='ltr'>dilectum</span> <span class='ocrx_word' id='word_1_54' title='bbox 539 1181 571 1234; x_wconf 90' lang='lat' dir='ltr'>et</span> <span class='ocrx_word' id='word_1_55' title='bbox 583 1171 710 1234; x_wconf 84' lang='lat' dir='ltr'>fidelem</span> <span class='ocrx_word' id='word_1_56' title='bbox 723 1182 879 1246; x_wconf 88' lang='lat' dir='ltr'>nostrum,</span> <span class='ocrx_word' id='word_1_57' title='bbox 900 1173 1058 1254; x_wconf 83' lang='lat' dir='ltr'>qnondam</span> <span class='ocrx_word' id='word_1_58' title='bbox 1075 1172 1247 1234; x_wconf 88' lang='lat' dir='ltr'>Dionisium</span> 
     </span>
     <span class='ocr_line' id='line_1_9' title="bbox 222 1282 1249 1348; baseline 0.003 -4"><span class='ocrx_word' id='word_1_59' title='bbox 222 1283 342 1345; x_wconf 83' lang='lat' dir='ltr'>Beuum</span> <span class='ocrx_word' id='word_1_60' title='bbox 359 1301 398 1344; x_wconf 80' lang='lat' dir='ltr'>ex</span> <span class='ocrx_word' id='word_1_61' title='bbox 419 1282 486 1345; x_wconf 86' lang='lat' dir='ltr'>eius</span> <span class='ocrx_word' id='word_1_62' title='bbox 501 1284 749 1347; x_wconf 71' lang='lat' dir='ltr'>conseruatione</span> <span class='ocrx_word' id='word_1_63' title='bbox 764 1284 906 1347; x_wconf 89' lang='lat' dir='ltr'>eiusdem</span> <span class='ocrx_word' id='word_1_64' title='bbox 921 1284 1042 1348; x_wconf 88' lang='lat' dir='ltr'>cinibns</span> <span class='ocrx_word' id='word_1_65' title='bbox 1057 1284 1249 1347; x_wconf 81' lang='lat' dir='ltr'>dinoscimus</span> 
     </span>
     <span class='ocr_line' id='line_1_10' title="bbox 221 1393 1250 1476; baseline 0 -20"><span class='ocrx_word' id='word_1_66' title='bbox 221 1394 382 1468; x_wconf 72' lang='lat' dir='ltr'>statuisse,</span> <span class='ocrx_word' id='word_1_67' title='bbox 402 1394 569 1458; x_wconf 76' lang='lat' dir='ltr'>subsertis</span> <span class='ocrx_word' id='word_1_68' title='bbox 588 1393 677 1458; x_wconf 88' lang='lat' dir='ltr'>metis</span> <span class='ocrx_word' id='word_1_69' title='bbox 692 1403 724 1457; x_wconf 80' lang='lat' dir='ltr'>et</span> <span class='ocrx_word' id='word_1_70' title='bbox 737 1394 890 1458; x_wconf 84' lang='lat' dir='ltr'>distinctis</span> <span class='ocrx_word' id='word_1_71' title='bbox 911 1406 1064 1476; x_wconf 85' lang='lat' dir='ltr'>perpetuo</span> <span class='ocrx_word' id='word_1_72' title='bbox 1084 1394 1250 1476; x_wconf 86' lang='lat' dir='ltr'>possiden-</span> 
     </span>
     <span class='ocr_line' id='line_1_11' title="bbox 221 1500 722 1569; baseline -0.002 0"><span class='ocrx_word' id='word_1_73' title='bbox 221 1505 305 1569; x_wconf 83' lang='lat' dir='ltr'>dum.</span> <span class='ocrx_word' id='word_1_74' title='bbox 713 1500 722 1513; x_wconf 70' lang='grc'><strong>“</strong></span> 
     </span>
    </p>

    <p class='ocr_par' dir='ltr' id='par_1_4' title="bbox 219 1618 1249 2681">
     <span class='ocr_line' id='line_1_12' title="bbox 304 1618 1249 1702; baseline -0.001 -22"><span class='ocrx_word' id='word_1_75' title='bbox 304 1618 450 1681; x_wconf 85' lang='lat' dir='ltr'>Ceterum</span> <span class='ocrx_word' id='word_1_76' title='bbox 465 1620 538 1702; x_wconf 82' lang='lat' dir='ltr'>qnia</span> <span class='ocrx_word' id='word_1_77' title='bbox 559 1619 652 1681; x_wconf 88' lang='lat' dir='ltr'>iidem</span> <span class='ocrx_word' id='word_1_78' title='bbox 675 1619 762 1684; x_wconf 83' lang='lat' dir='ltr'>ciues</span> <span class='ocrx_word' id='word_1_79' title='bbox 777 1641 872 1701; x_wconf 86' lang='lat' dir='ltr'>super·</span> <span class='ocrx_word' id='word_1_80' title='bbox 888 1619 979 1683; x_wconf 85' lang='lat' dir='ltr'>terris</span> <span class='ocrx_word' id='word_1_81' title='bbox 995 1629 1027 1682; x_wconf 85' lang='lat' dir='ltr'>et</span> <span class='ocrx_word' id='word_1_82' title='bbox 1042 1618 1249 1701; x_wconf 86' lang='lat' dir='ltr'>possessioni·</span> 
     </span>
     <span class='ocr_line' id='line_1_13' title="bbox 222 1726 1249 1810; baseline 0 -19"><span class='ocrx_word' id='word_1_83' title='bbox 222 1727 280 1791; x_wconf 84' lang='lat' dir='ltr'>bus</span> <span class='ocrx_word' id='word_1_84' title='bbox 294 1726 358 1790; x_wconf 90' lang='lat' dir='ltr'>suis</span> <span class='ocrx_word' id='word_1_85' title='bbox 373 1726 432 1789; x_wconf 82' lang='lat' dir='ltr'>elin</span> <span class='ocrx_word' id='word_1_86' title='bbox 446 1727 545 1790; x_wconf 81' lang='lat' dir='ltr'>eciem</span> <span class='ocrx_word' id='word_1_87' title='bbox 561 1728 754 1810; x_wconf 78' lang='lat' dir='ltr'>priniiegien</span> <span class='ocrx_word' id='word_1_88' title='bbox 771 1730 861 1791; x_wconf 88' lang='lat' dir='ltr'>nobis</span> <span class='ocrx_word' id='word_1_89' title='bbox 877 1750 1027 1794; x_wconf 80' lang='lat' dir='ltr'>concessa</span> <span class='ocrx_word' id='word_1_90' title='bbox 1043 1730 1160 1792; x_wconf 80' lang='lat' dir='ltr'>habere</span> <span class='ocrx_word' id='word_1_91' title='bbox 1174 1749 1249 1791; x_wconf 88' lang='lat' dir='ltr'>nos·</span> 
     </span>
     <span class='ocr_line' id='line_1_14' title="bbox 222 1838 1249 1913; baseline -0.001 -10"><span class='ocrx_word' id='word_1_92' title='bbox 222 1847 345 1912; x_wconf 86' lang='lat' dir='ltr'>euntnr,</span> <span class='ocrx_word' id='word_1_93' title='bbox 367 1838 418 1901; x_wconf 82' lang='lat' dir='ltr'>iile</span> <span class='ocrx_word' id='word_1_94' title='bbox 441 1838 487 1902; x_wconf 86' lang='lat' dir='ltr'>eis</span> <span class='ocrx_word' id='word_1_95' title='bbox 509 1840 694 1904; x_wconf 77' lang='lat' dir='ltr'>inconeussa</span> <span class='ocrx_word' id='word_1_96' title='bbox 715 1859 841 1903; x_wconf 84' lang='lat' dir='ltr'>seruere</span> <span class='ocrx_word' id='word_1_97' title='bbox 864 1839 1018 1913; x_wconf 87' lang='lat' dir='ltr'>nninums,</span> <span class='ocrx_word' id='word_1_98' title='bbox 1040 1848 1072 1903; x_wconf 89' lang='lat' dir='ltr'>et</span> <span class='ocrx_word' id='word_1_99' title='bbox 1092 1860 1110 1902; x_wconf 87' lang='lat' dir='ltr'>n</span> <span class='ocrx_word' id='word_1_100' title='bbox 1134 1840 1249 1902; x_wconf 89' lang='lat' dir='ltr'>nostris</span> 
     </span>
     <span class='ocr_line' id='line_1_15' title="bbox 221 1949 1249 2015; baseline 0.001 -4"><span class='ocrx_word' id='word_1_101' title='bbox 221 1949 455 2012; x_wconf 81' lang='lat' dir='ltr'>successoribus</span> <span class='ocrx_word' id='word_1_102' title='bbox 470 1957 502 2012; x_wconf 91' lang='lat' dir='ltr'>et</span> <span class='ocrx_word' id='word_1_103' title='bbox 515 1950 663 2014; x_wconf 85' lang='lat' dir='ltr'>subiectis</span> <span class='ocrx_word' id='word_1_104' title='bbox 677 1949 898 2015; x_wconf 81' lang='lat' dir='ltr'>inuiolabiliter</span> <span class='ocrx_word' id='word_1_105' title='bbox 911 1952 1083 2014; x_wconf 83' lang='lat' dir='ltr'>obseruari.</span> <span class='ocrx_word' id='word_1_106' title='bbox 1111 1951 1144 2012; x_wconf 90' lang='lat' dir='ltr'>in</span> <span class='ocrx_word' id='word_1_107' title='bbox 1160 1951 1249 2013; x_wconf 85' lang='lat' dir='ltr'>euius</span> 
     </span>
     <span class='ocr_line' id='line_1_16' title="bbox 220 2060 1249 2144; baseline -0.001 -20"><span class='ocrx_word' id='word_1_108' title='bbox 220 2060 268 2124; x_wconf 88' lang='lat' dir='ltr'>rei</span> <span class='ocrx_word' id='word_1_109' title='bbox 282 2061 465 2123; x_wconf 80' lang='lat' dir='ltr'><strong>memoriam</strong></span> <span class='ocrx_word' id='word_1_110' title='bbox 480 2069 511 2125; x_wconf 92' lang='lat' dir='ltr'>et</span> <span class='ocrx_word' id='word_1_111' title='bbox 525 2071 710 2144; x_wconf 84' lang='lat' dir='ltr'>perpetuum</span> <span class='ocrx_word' id='word_1_112' title='bbox 725 2063 900 2127; x_wconf 87' lang='lat' dir='ltr'>iirmitntem</span> <span class='ocrx_word' id='word_1_113' title='bbox 922 2070 1086 2144; x_wconf 85' lang='lat' dir='ltr'>presentes</span> <span class='ocrx_word' id='word_1_114' title='bbox 1104 2063 1249 2126; x_wconf 82' lang='lat' dir='ltr'>dedimus</span> 
     </span>
     <span class='ocr_line' id='line_1_17' title="bbox 220 2169 1248 2256; baseline 0.002 -23"><span class='ocrx_word' id='word_1_115' title='bbox 220 2169 338 2246; x_wconf 78' lang='lat' dir='ltr'>literas,</span> <span class='ocrx_word' id='word_1_116' title='bbox 359 2173 494 2256; x_wconf 82' lang='lat' dir='ltr'>duplicis</span> <span class='ocrx_word' id='word_1_117' title='bbox 514 2171 606 2255; x_wconf 83' lang='lat' dir='ltr'>sigilii</span> <span class='ocrx_word' id='word_1_118' title='bbox 625 2175 724 2236; x_wconf 86' lang='lat' dir='ltr'>nostri</span> <span class='ocrx_word' id='word_1_119' title='bbox 747 2175 917 2237; x_wconf 79' lang='lat' dir='ltr'>munimine</span> <span class='ocrx_word' id='word_1_120' title='bbox 935 2175 1109 2238; x_wconf 80' lang='lat' dir='ltr'>roboratus.</span> <span class='ocrx_word' id='word_1_121' title='bbox 1141 2174 1248 2236; x_wconf 78' lang='lat' dir='ltr'>datum</span> 
     </span>
     <span class='ocr_line' id='line_1_18' title="bbox 219 2285 1248 2368; baseline -0.001 -21"><span class='ocrx_word' id='word_1_122' title='bbox 219 2302 279 2367; x_wconf 86' lang='lat' dir='ltr'>per</span> <span class='ocrx_word' id='word_1_123' title='bbox 300 2303 409 2350; x_wconf 84' lang='lat' dir='ltr'>nrrnne</span> <span class='ocrx_word' id='word_1_124' title='bbox 432 2285 570 2366; x_wconf 74' lang='lat' dir='ltr'>magistri</span> <span class='ocrx_word' id='word_1_125' title='bbox 584 2285 727 2368; x_wconf 64' lang='lat' dir='ltr'>Fercem,</span> <span class='ocrx_word' id='word_1_126' title='bbox 748 2285 900 2368; x_wconf 77' lang='lat' dir='ltr'>prepositi</span> <span class='ocrx_word' id='word_1_127' title='bbox 920 2285 1075 2359; x_wconf 80' lang='lat' dir='ltr'>Albensis,</span> <span class='ocrx_word' id='word_1_128' title='bbox 1102 2285 1172 2347; x_wconf 82' lang='lat' dir='ltr'>anie</span> <span class='ocrx_word' id='word_1_129' title='bbox 1190 2306 1248 2346; x_wconf 89' lang='lat' dir='ltr'>no·</span> 
     </span>
     <span class='ocr_line' id='line_1_19' title="bbox 220 2397 1245 2470; baseline -0.001 -10"><span class='ocrx_word' id='word_1_130' title='bbox 220 2408 283 2461; x_wconf 86' lang='lat' dir='ltr'>stre</span> <span class='ocrx_word' id='word_1_131' title='bbox 305 2397 568 2470; x_wconf 83' lang='lat' dir='ltr'>nicecrncelirrrii,</span> <span class='ocrx_word' id='word_1_132' title='bbox 596 2397 702 2460; x_wconf 78' lang='lat' dir='ltr'>dilecti</span> <span class='ocrx_word' id='word_1_133' title='bbox 722 2406 753 2461; x_wconf 90' lang='lat' dir='ltr'>et</span> <span class='ocrx_word' id='word_1_134' title='bbox 774 2398 875 2460; x_wconf 81' lang='lat' dir='ltr'>fidelis</span> <span class='ocrx_word' id='word_1_135' title='bbox 890 2397 998 2461; x_wconf 85' lang='lat' dir='ltr'>nestri.</span> <span class='ocrx_word' id='word_1_136' title='bbox 1024 2417 1107 2460; x_wconf 87' lang='lat' dir='ltr'>anno</span> <span class='ocrx_word' id='word_1_137' title='bbox 1128 2397 1245 2460; x_wconf 89' lang='lat' dir='ltr'>domini</span> 
     </span>
     <span class='ocr_line' id='line_1_20' title="bbox 219 2506 1246 2590; baseline -0.002 -19"><span class='ocrx_word' id='word_1_138' title='bbox 219 2508 410 2571; x_wconf 79' lang='lat' dir='ltr'><strong>MCCLXVI.</strong></span> <span class='ocrx_word' id='word_1_139' title='bbox 432 2508 499 2571; x_wconf 81' lang='lat' dir='ltr'>xli.</span> <span class='ocrx_word' id='word_1_140' title='bbox 520 2506 589 2570; x_wconf 76' lang='lat' dir='ltr'>nat.</span> <span class='ocrx_word' id='word_1_141' title='bbox 612 2509 806 2582; x_wconf 79' lang='lat' dir='ltr'>Decembris,</span> <span class='ocrx_word' id='word_1_142' title='bbox 826 2508 915 2590; x_wconf 77' lang='lat' dir='ltr'>regni</span> <span class='ocrx_word' id='word_1_143' title='bbox 930 2517 1034 2571; x_wconf 86' lang='lat' dir='ltr'>autem</span> <span class='ocrx_word' id='word_1_144' title='bbox 1048 2509 1148 2571; x_wconf 88' lang='lat' dir='ltr'>nostri</span> <span class='ocrx_word' id='word_1_145' title='bbox 1163 2527 1246 2570; x_wconf 82' lang='lat' dir='ltr'>nuno</span> 
     </span>
     <span class='ocr_line' id='line_1_21' title="bbox 220 2620 334 2681; baseline 0 0"><span class='ocrx_word' id='word_1_146' title='bbox 220 2620 334 2681; x_wconf 78' lang='lat' dir='ltr'><strong>XXXI.</strong></span> 
     </span>
    </p>
   </div>
   <div class='ocr_carea' id='block_1_3' title="bbox 352 2984 1111 3203">
    <p class='ocr_par' dir='ltr' id='par_1_5' title="bbox 352 2984 1111 3203">
     <span class='ocr_line' id='line_1_22' title="bbox 352 2984 1111 3061; baseline -0.001 -2"><span class='ocrx_word' id='word_1_147' title='bbox 352 2985 508 3060; x_wconf 80' lang='lat' dir='ltr'><strong>BELAE</strong></span> <span class='ocrx_word' id='word_1_148' title='bbox 529 2985 596 3061; x_wconf 82' lang='lat' dir='ltr'>lv,</span> <span class='ocrx_word' id='word_1_149' title='bbox 621 2984 777 3060; x_wconf 76' lang='lat' dir='ltr'>REGIS</span> <span class='ocrx_word' id='word_1_150' title='bbox 811 2984 1111 3061; x_wconf 79' lang='lat' dir='ltr'><strong>DECRETUM.</strong></span> 
     </span>
     <span class='ocr_line' id='line_1_23' title="bbox 629 3139 833 3203; baseline 0 -1"><span class='ocrx_word' id='word_1_151' title='bbox 629 3139 833 3203; x_wconf 76' lang='lat' dir='ltr'>mccnxvn.</span> 
     </span>
    </p>
   </div>
   <div class='ocr_carea' id='block_1_4' title="bbox 525 3277 939 3343">
    <p class='ocr_par' dir='ltr' id='par_1_6' title="bbox 525 3277 939 3343">
     <span class='ocr_line' id='line_1_24' title="bbox 525 3277 939 3343; baseline -0.005 -11"><span class='ocrx_word' id='word_1_152' title='bbox 525 3279 549 3332; x_wconf 79' lang='lat' dir='ltr'>li</span> <span class='ocrx_word' id='word_1_153' title='bbox 564 3277 712 3329; x_wconf 66' lang='lat' dir='ltr'>membran·</span> <span class='ocrx_word' id='word_1_154' title='bbox 727 3277 846 3330; x_wconf 71' lang='lat' dir='ltr'>trinierii</span> <span class='ocrx_word' id='word_1_155' title='bbox 862 3278 939 3343; x_wconf 68' lang='lat' dir='ltr'>regii.</span> 
     </span>
    </p>
   </div>
   <div class='ocr_carea' id='block_1_5' title="bbox 211 3523 1247 4279">
    <p class='ocr_par' dir='ltr' id='par_1_7' title="bbox 217 3523 1246 3809">
     <span class='ocr_line' id='line_1_25' title="bbox 301 3523 1246 3606; baseline -0.004 -18"><span class='ocrx_word' id='word_1_156' title='bbox 301 3527 363 3588; x_wconf 85' lang='lat' dir='ltr'>Nos</span> <span class='ocrx_word' id='word_1_157' title='bbox 377 3525 451 3588; x_wconf 85' lang='lat' dir='ltr'>Beln</span> <span class='ocrx_word' id='word_1_158' title='bbox 471 3523 522 3587; x_wconf 89' lang='lat' dir='ltr'>dei</span> <span class='ocrx_word' id='word_1_159' title='bbox 544 3525 647 3606; x_wconf 79' lang='lat' dir='ltr'>gracie</span> <span class='ocrx_word' id='word_1_160' title='bbox 670 3544 725 3586; x_wconf 78' lang='lat' dir='ltr'>rex</span> <span class='ocrx_word' id='word_1_161' title='bbox 747 3524 924 3605; x_wconf 77' lang='lat' dir='ltr'>Hnngnrie,</span> <span class='ocrx_word' id='word_1_162' title='bbox 946 3534 978 3587; x_wconf 88' lang='lat' dir='ltr'>et</span> <span class='ocrx_word' id='word_1_163' title='bbox 991 3523 1167 3604; x_wconf 78' lang='lat' dir='ltr'>Stephanus</span> <span class='ocrx_word' id='word_1_164' title='bbox 1190 3543 1246 3604; x_wconf 87' lang='lat' dir='ltr'>per</span> 
     </span>
     <span class='ocr_line' id='line_1_26' title="bbox 220 3634 1246 3717; baseline 0.001 -20"><span class='ocrx_word' id='word_1_165' title='bbox 220 3638 355 3698; x_wconf 84' lang='lat' dir='ltr'>eundem</span> <span class='ocrx_word' id='word_1_166' title='bbox 370 3637 473 3698; x_wconf 89' lang='lat' dir='ltr'>iunior</span> <span class='ocrx_word' id='word_1_167' title='bbox 488 3656 544 3698; x_wconf 85' lang='lat' dir='ltr'>rex</span> <span class='ocrx_word' id='word_1_168' title='bbox 558 3635 718 3716; x_wconf 72' lang='lat' dir='ltr'>{iungaris</span> <span class='ocrx_word' id='word_1_169' title='bbox 737 3644 768 3697; x_wconf 89' lang='lat' dir='ltr'>et</span> <span class='ocrx_word' id='word_1_170' title='bbox 783 3636 847 3698; x_wconf 81' lang='lat' dir='ltr'>dux</span> <span class='ocrx_word' id='word_1_171' title='bbox 861 3634 1105 3717; x_wconf 78' lang='lat' dir='ltr'>&#39;i&#39;rensyivnnie‚</span> <span class='ocrx_word' id='word_1_172' title='bbox 1127 3645 1158 3698; x_wconf 86' lang='lat' dir='ltr'>et</span> <span class='ocrx_word' id='word_1_173' title='bbox 1172 3635 1246 3698; x_wconf 81' lang='lat' dir='ltr'>Beie</span> 
     </span>
     <span class='ocr_line' id='line_1_27' title="bbox 217 3747 710 3809; baseline 0.002 -2"><span class='ocrx_word' id='word_1_174' title='bbox 217 3747 321 3809; x_wconf 89' lang='lat' dir='ltr'>iunior</span> <span class='ocrx_word' id='word_1_175' title='bbox 335 3747 399 3808; x_wconf 88' lang='lat' dir='ltr'>dux</span> <span class='ocrx_word' id='word_1_176' title='bbox 413 3747 511 3808; x_wconf 85' lang='lat' dir='ltr'>tocius</span> <span class='ocrx_word' id='word_1_177' title='bbox 527 3747 710 3808; x_wconf 81' lang='lat' dir='ltr'>Scianonie:</span> 
     </span>
    </p>

    <p class='ocr_par' dir='ltr' id='par_1_8' title="bbox 211 3856 1247 4279">
     <span class='ocr_line' id='line_1_28' title="bbox 211 3856 1247 3941; baseline 0.003 -24"><span class='ocrx_word' id='word_1_178' title='bbox 211 3878 216 3890; x_wconf 92' lang='lat'><strong>·</strong></span> <span class='ocrx_word' id='word_1_179' title='bbox 300 3856 513 3938; x_wconf 79' lang='lat' dir='ltr'>significemus</span> <span class='ocrx_word' id='word_1_180' title='bbox 527 3859 613 3939; x_wconf 85' lang='lat' dir='ltr'>quod</span> <span class='ocrx_word' id='word_1_181' title='bbox 635 3858 756 3921; x_wconf 82' lang='lat' dir='ltr'>nobiles</span> <span class='ocrx_word' id='word_1_182' title='bbox 771 3859 931 3940; x_wconf 80' lang='lat' dir='ltr'>Hungrrie</span> <span class='ocrx_word' id='word_1_183' title='bbox 952 3859 1092 3922; x_wconf 88' lang='lat' dir='ltr'>uniuersi</span> <span class='ocrx_word' id='word_1_184' title='bbox 1107 3859 1161 3941; x_wconf 92' lang='lat' dir='ltr'>qni</span> <span class='ocrx_word' id='word_1_185' title='bbox 1179 3880 1247 3921; x_wconf 88' lang='lat' dir='ltr'>ser-</span> 
     </span>
     <span class='ocr_line' id='line_1_29' title="bbox 218 3965 1247 4052; baseline 0.001 -21"><span class='ocrx_word' id='word_1_186' title='bbox 218 3967 341 4031; x_wconf 87' lang='lat' dir='ltr'>uientes</span> <span class='ocrx_word' id='word_1_187' title='bbox 362 3965 484 4049; x_wconf 71' lang='lat' dir='ltr'>regales</span> <span class='ocrx_word' id='word_1_188' title='bbox 504 3967 659 4041; x_wconf 85' lang='lat' dir='ltr'>dicuntur,</span> <span class='ocrx_word' id='word_1_189' title='bbox 681 3970 720 4032; x_wconf 89' lang='lat' dir='ltr'>ad</span> <span class='ocrx_word' id='word_1_190' title='bbox 743 3988 802 4033; x_wconf 89' lang='lat' dir='ltr'>nos</span> <span class='ocrx_word' id='word_1_191' title='bbox 824 3969 1021 4044; x_wconf 82' lang='lat' dir='ltr'>accedentes,</span> <span class='ocrx_word' id='word_1_192' title='bbox 1043 3971 1247 4052; x_wconf 83' lang='lat' dir='ltr'>pecieruntn</span> 
     </span>
     <span class='ocr_line' id='line_1_30' title="bbox 219 4077 1246 4164; baseline 0 -21"><span class='ocrx_word' id='word_1_193' title='bbox 219 4080 310 4143; x_wconf 86' lang='lat' dir='ltr'>nobis</span> <span class='ocrx_word' id='word_1_194' title='bbox 334 4077 493 4141; x_wconf 78' lang='lat' dir='ltr'>humiliter</span> <span class='ocrx_word' id='word_1_195' title='bbox 516 4087 548 4144; x_wconf 86' lang='lat' dir='ltr'>et</span> <span class='ocrx_word' id='word_1_196' title='bbox 570 4079 700 4155; x_wconf 84' lang='lat' dir='ltr'>devote,</span> <span class='ocrx_word' id='word_1_197' title='bbox 722 4091 756 4146; x_wconf 89' lang='lat' dir='ltr'>ut</span> <span class='ocrx_word' id='word_1_198' title='bbox 773 4083 859 4164; x_wconf 86' lang='lat' dir='ltr'>ipsos</span> <span class='ocrx_word' id='word_1_199' title='bbox 879 4082 911 4145; x_wconf 91' lang='lat' dir='ltr'>in</span> <span class='ocrx_word' id='word_1_200' title='bbox 931 4080 1076 4145; x_wconf 84' lang='lat' dir='ltr'>libertate</span> <span class='ocrx_word' id='word_1_201' title='bbox 1098 4101 1115 4145; x_wconf 84' lang='lat' dir='ltr'>e</span> <span class='ocrx_word' id='word_1_202' title='bbox 1137 4103 1161 4144; x_wconf 85' lang='lat' dir='ltr'>s.</span> <span class='ocrx_word' id='word_1_203' title='bbox 1176 4081 1246 4144; x_wconf 89' lang='lat' dir='ltr'>Ste-</span> 
     </span>
     <span class='ocr_line' id='line_1_31' title="bbox 220 4190 1247 4279; baseline 0.003 -24"><span class='ocrx_word' id='word_1_204' title='bbox 220 4190 325 4279; x_wconf 73' lang='lat' dir='ltr'>phane</span> <span class='ocrx_word' id='word_1_205' title='bbox 343 4208 419 4276; x_wconf 78' lang='lat' dir='ltr'>rege</span> <span class='ocrx_word' id='word_1_206' title='bbox 440 4196 555 4255; x_wconf 72' lang='lat' dir='ltr'>statute</span> <span class='ocrx_word' id='word_1_207' title='bbox 573 4199 607 4256; x_wconf 90' lang='lat' dir='ltr'>et</span> <span class='ocrx_word' id='word_1_208' title='bbox 620 4190 749 4258; x_wconf 71' lang='lat' dir='ltr'>obtentu</span> <span class='ocrx_word' id='word_1_209' title='bbox 765 4192 968 4277; x_wconf 72' lang='lat' dir='ltr'>dignaremur</span> <span class='ocrx_word' id='word_1_210' title='bbox 980 4209 1191 4270; x_wconf 74' lang='lat' dir='ltr'>conseruare,</span> <span class='ocrx_word' id='word_1_211' title='bbox 1212 4201 1247 4258; x_wconf 90' lang='lat' dir='ltr'>ut</span> 
     </span>
    </p>
   </div>
   <div class='ocr_carea' id='block_1_6' title="bbox 0 0 1404 4764">
    <p class='ocr_par' dir='ltr' id='par_1_9' title="bbox 0 0 1404 4764">
     <span class='ocr_line' id='line_1_32' title="bbox 0 0 1404 4764; baseline 0 0"><span class='ocrx_word' id='word_1_212' title='bbox 0 0 1404 4764; x_wconf 95' lang='lat' dir='ltr'> </span> 
     </span>
    </p>
   </div>
  </div>
 </body>
</html>
