2798 4764
473 330 603 380 morsos
623 327 833 377 norcmonurr
854 305 912 394 (b).
1164 304 1205 375 78

181 489 276 572 ipsine
292 485 486 552 defensionis
501 486 752 551 misericordium
767 486 915 568 consequi
935 484 1071 560 ualeret,
1090 485 1123 552 in
1136 485 1206 568 ipse

180 598 295 684 regalis
315 599 402 664 sedis
416 599 559 672 ciuitate,
580 618 641 683 que
656 598 733 660 Alba
753 605 959 680 nuncupatur,
977 597 1037 661 rub
1058 595 1150 660 laude
1172 605 1206 660 et

181 713 269 776 titulo
287 711 448 794 genitricis
469 711 521 774 dei
542 711 692 773 famosam
712 718 744 774 et
764 710 914 793 grandem
929 708 1092 773 ecclesium
1106 729 1204 791 opere

181 822 312 889 mirifico
322 832 505 887 construere
516 823 608 906 cepit.
630 843 691 906 qur
708 822 846 904 perfecta
857 821 889 883 iu
900 821 1096 884 confectione
1107 822 1205 904 ipsius

182 937 314 1002 ecclesie
327 937 491 1019 ipsamque
505 935 620 1019 regalis
635 935 856 1018 magnitudinis
875 933 1069 1008 reseruauir,
1089 935 1205 1016 tutique
1313 1016 1318 1025 ι

181 1069 247 1114 earn
260 1037 448 1112 liberalitate
461 1048 638 1122 roborauit,
660 1055 693 1111 ut
707 1046 809 1111 nultus
824 1045 1132 1130 archiepiscoporum
1155 1045 1207 1108 uel

183 1164 400 1247 episcoporum
413 1162 446 1224 in
460 1181 499 1225 en
508 1161 660 1244 cuiusque
674 1160 917 1223 iurisdictionem
928 1158 1070 1223 baberet
1092 1157 1206 1221 deiude

184 1272 339 1337 emoroicis
352 1273 406 1356 qui
421 1292 490 1336 eam
504 1273 543 1335 ad
558 1272 713 1335 bonorem
734 1272 785 1335 dei
805 1271 998 1345 officiatem,
1028 1269 1206 1352 prebendas

185 1385 286 1470 hrpus
299 1385 418 1451 statuit.
449 1384 607 1449 constituit
628 1394 731 1448 autem
750 1386 782 1447 in
799 1384 868 1467 ipso
882 1384 976 1448 inicio
991 1383 1206 1446 consensionis

194 1497 418 1561 ruincinitate
429 1496 673 1560 ierosolimitana
684 1497 849 1560 cenobium
860 1495 1112 1568 monarchorum,
1120 1495 1206 1578 quod

192 1611 350 1675 addictum
362 1611 588 1694 quottidianum
602 1612 719 1694 prediis
735 1612 875 1675 etuineis
890 1611 1101 1694 loeupletauit
1122 1609 1206 1674 aliud
1304 1635 1306 1639 ·

187 1742 308 1807 quoque
330 1724 552 1787 monasterium
574 1725 606 1786 in
628 1723 707 1787 urbe
725 1724 862 1787 Romano
884 1743 983 1806 prope
1003 1723 1103 1786 sancti
1122 1721 1206 1785 Petri

185 1835 345 1900 estasim
359 1836 397 1899 ad
412 1836 564 1899 bonorem
584 1835 683 1899 saneti
698 1835 955 1917 prothomartyris
965 1833 1115 1916 Stephani
1130 1850 1205 1897 con·

184 1957 327 2024 metus
348 1948 453 2031 ibique
468 1948 524 2010 XII
540 1949 707 2012 canonicor
721 1933 849 2022 locauit,
871 1956 903 2011 et
913 1966 967 2009 eos
982 1947 1097 2029 prediis
1112 1955 1143 2010 et
1157 1947 1206 2010 ni·

183 2061 247 2124 aeis
269 2059 401 2124 dotauit
430 2061 540 2123 domos
559 2080 636 2123 uero
657 2059 827 2143 hospitates
848 2079 907 2142 pro
929 2059 1103 2144 peregrinis
1125 2058 1206 2122 reci·

183 2171 303 2253 piendis
317 2169 477 2234 edificauit
490 2181 522 2235 et
535 2171 616 2235 bene
631 2172 776 2236 murauit.

262 2283 377 2346 Merito
399 2303 475 2366 ergo
493 2284 525 2345 in
546 2292 612 2347 toto
633 2285 750 2347 mundo
764 2283 918 2347 famosum
941 2285 1073 2365 adeptus
1087 2291 1135 2346 est
1148 2301 1206 2344 no·

182 2413 252 2458 men
267 2394 440 2477 spostolici.
467 2395 542 2476 quia
557 2396 614 2458 etsi
629 2396 696 2477 ipse
712 2393 947 2477 euangelisnndi
961 2415 1025 2458 non
1039 2393 1206 2481 assumpsit

182 2506 333 2581 officium,
355 2507 531 2590 predicator
547 2515 650 2571 tamen
664 2516 697 2570 et
709 2508 857 2590 magister
872 2506 1002 2569 eximius
1016 2506 1141 2590 populis
1155 2524 1206 2568 so·

181 2617 294 2683 latium
312 2620 447 2702 prebens
470 2621 574 2684 estitit.
605 2621 738 2703 quedam
758 2637 839 2683 uero
859 2628 949 2683 nocte
963 2620 1082 2684 monitu
1099 2619 1205 2683 diuino
1278 2673 1281 2688 ,

182 2734 306 2796 nemine
319 2734 437 2796 sciente
451 2734 536 2797 solus
550 2734 591 2798 ad
605 2732 770 2797 ecclesiam
785 2733 881 2806 uenit,
895 2752 993 2815 seque
1003 2742 1206 2816 prosternens

182 2836 361 2907 oracionem
381 2862 440 2927 pro
461 2863 559 2928 regno
579 2864 637 2909 suo
652 2844 691 2907 ad
706 2844 866 2907 dominum
888 2843 978 2908 fudit.
1006 2863 1140 2928 cumque
1162 2843 1205 2906 ibi

183 2954 384 3039 languentem
397 2976 568 3039 pauperem
582 2955 670 3020 iebre
685 2957 868 3040 depressum
882 2956 1088 3039 ingemiscere
1103 2965 1134 3020 et
1144 2957 1206 3020 cia·

182 3087 267 3131 mare
291 3068 447 3141 audisset,
475 3076 562 3131 ueste
577 3090 638 3152 qua
653 3077 722 3132 eret
741 3068 867 3132 indutus
886 3087 1057 3152 pauperem
1071 3069 1206 3152 operuit.

182 3199 255 3243 nex
268 3178 312 3242 itii
326 3199 453 3243 manum
466 3181 630 3263 imponens
644 3181 683 3244 ab
696 3179 875 3245 infirmitate
886 3181 1022 3256 curauit,
1037 3181 1205 3265 diuinaque

182 3290 282 3355 m’rtus
296 3300 329 3353 et
341 3291 446 3373 gracia
459 3290 492 3353 in
506 3293 570 3354 uita
583 3312 639 3355 sua
649 3293 857 3356 demonstrari
871 3290 980 3355 uoluit.
1000 3293 1207 3376 quippequo·

182 3401 267 3464 ciens
280 3400 411 3465 alicuius
431 3401 567 3466 bominis
585 3401 747 3466 iufirmitas
763 3403 889 3466 auribus
904 3403 968 3467 suis
982 3402 1121 3466 intimata
1134 3403 1206 3478 fuit,

182 3513 278 3576 nisse
291 3513 351 3575 sibi
367 3533 425 3594 pro
437 3513 601 3587 medicina,
622 3532 716 3596 quam
730 3522 803 3577 tuuc
818 3514 851 3576 in
865 3513 1003 3595 presenti
1014 3521 1137 3596 poteret
1150 3513 1207 3578 ba·

182 3623 278 3698 bere.
300 3624 482 3706 particulam
495 3625 585 3707 panis
599 3621 650 3685 uel
665 3623 764 3706 pomi,
789 3623 943 3687 redolenti
957 3624 1149 3703 mandatum,
1172 3635 1208 3692 ut

180 3753 277 3799 sanus
291 3743 440 3819 pergeret
452 3736 633 3810 transmisit,
656 3744 689 3800 et
702 3736 753 3799 dei
767 3735 997 3818 propiciacione
1012 3739 1144 3803 uerbum
1159 3738 1206 3822 ip-

181 3846 249 3911 sias
264 3846 432 3912 comitante
445 3847 547 3910 statim
560 3847 741 3931 sospitatem
758 3850 886 3932 recepit.
919 3888 923 3895 ,

267 4069 316 4152 (8)
339 4072 382 4134 De
394 4073 506 4136 decue
518 4074 647 4155 predum
659 4077 736 4156 repis
746 4075 898 4157 Moeris
911 4084 938 4140 et
951 4076 986 4140 de
998 4079 1125 4142 siderio
1139 4096 1208 4140 cos·

180 4195 234 4251 trs
246 4187 463 4269 impuriorem.
506 4185 651 4266 Quadam
671 4188 765 4274 ipitrrr
784 4196 877 4257 nocte
898 4208 958 4277 per
976 4189 1207 4265 reueleoionern
