2798 4764
316 343 578 407 conarrrurrosss
598 360 732 406 srnoous
754 358 909 407 enarrare.
950 343 1041 407 tm.
1130 340 1192 407 591

165 516 257 590 serit,
278 516 454 597 ingressum
477 515 610 578 ecclesie
633 524 665 578 et
685 516 923 598 percepcionem
944 533 1000 577 seu
1021 513 1191 596 participa·

163 629 286 690 cionem
308 636 574 690 sacramentorum
599 647 700 709 usqne
726 629 765 689 ad
787 626 1029 688 satisfactionem
1052 625 1190 687 omnium

164 746 387 820 occupatorum
402 759 439 800 nc
454 741 684 801 subtractorum
697 740 796 800 eciam
813 735 986 799 ablatorum
998 737 1056 797 sibi
1068 736 1192 800 nouerit

162 851 356 923 interdictos,
378 853 472 913 saluis
489 851 555 912 aliis
572 849 718 931 predictis
738 860 769 912 et
783 850 814 910 in
829 849 897 910 aliis
913 847 1190 911 constitucionibus

163 963 277 1024 nostris
293 962 461 1043 expressis.

247 1069 313 1151 (50)
334 1072 505 1133 statuimus
527 1071 612 1152 quod
637 1071 721 1133 nulla
745 1091 881 1152 persona
903 1070 1116 1133 ecclesiastica
1137 1076 1192 1132 ant

165 1182 261 1243 eciam
277 1182 425 1242 secularis
439 1183 653 1263 cuiuscunque
669 1183 707 1243 sit
722 1183 929 1255 excellencie,
948 1182 1076 1255 ordinis,
1091 1180 1193 1263 digni·
1223 1179 1230 1185 ’

164 1293 235 1354 tatis
249 1301 301 1353 aut
314 1301 423 1365 status,
452 1295 503 1355 uel
518 1294 576 1354 sub
592 1301 738 1374 pretextu
753 1294 829 1355 inris
845 1302 1036 1376 patronatus,
1056 1293 1141 1375 qnod
1156 1312 1190 1355 so

165 1403 284 1464 babere
299 1402 394 1475 dicat,
409 1404 578 1464 contendat
591 1403 642 1464 uel
657 1412 794 1476 asserat,
815 1405 913 1466 autin
930 1405 1062 1466 ueritate
1077 1404 1192 1465 babeat

164 1512 196 1572 in
212 1513 365 1593 aliquibus
380 1514 576 1574 monasteriis
590 1514 641 1575 uel
657 1514 796 1575 ecclesiis
811 1523 917 1576 nostre
932 1513 1114 1595 legacionis,
1133 1532 1191 1576 seu

165 1622 226 1684 alio
238 1642 427 1705 quocunqne
443 1632 585 1706 pretextu
602 1625 653 1686 uel
668 1626 773 1698 modo,
788 1626 1011 1687 monasterium
1026 1624 1078 1687 uel
1089 1623 1192 1686 eccle·

165 1735 225 1796 sios
248 1735 387 1817 predicta
408 1736 439 1796 in
459 1735 572 1818 quibus
592 1736 662 1796 iura
680 1736 860 1798 huiusmodi
881 1738 1047 1800 conabere
1063 1744 1192 1798 conten·

165 1846 256 1919 dunt,
277 1856 330 1910 aut
350 1846 467 1929 aliquid
490 1849 529 1908 de
551 1848 642 1909 bonis
663 1849 713 1909 uel
738 1847 858 1911 iuribus
880 1851 919 1910 ad
940 1851 1022 1930 ipsas
1042 1846 1191 1910 ecclesias

165 1959 215 2019 nel
241 1961 429 2022 monasteria
453 1960 666 2041 spectantibus
696 1981 752 2042 per
777 1980 812 2023 se
837 1962 889 2024 nel
915 1961 992 2024 alios
1017 1978 1190 2041 occupare,

164 2073 321 2145 uendere,
343 2074 479 2146 donare,
502 2081 698 2155 permutare,
720 2074 837 2148 locare,
859 2082 912 2136 aut
927 2075 988 2135 alio
1002 2075 1096 2135 modo
1112 2090 1191 2154 quo·

165 2203 289 2263 curaque
312 2184 465 2257 alienare,
486 2204 542 2245 seu
558 2184 639 2245 bona
652 2185 721 2266 ipsa
736 2192 789 2246 aut
803 2185 921 2247 tructus
936 2184 1058 2266 aliquos
1072 2184 1104 2244 in
1119 2202 1191 2264 per-

165 2303 294 2376 petuum
309 2296 359 2357 uel
375 2296 414 2357 ad
430 2304 564 2376 tempus.
586 2305 639 2358 aut
653 2298 729 2358 alias
743 2298 775 2358 in
792 2297 938 2370 feudum,
960 2316 1015 2358 seu
1029 2298 1061 2357 in
1075 2297 1190 2377 pignos

166 2408 252 2479 dare,
266 2408 440 2469 concedere
456 2407 509 2469 uel
524 2409 675 2488 recipere,
691 2416 745 2470 ant
759 2407 876 2492 aliquid
890 2409 975 2471 aliud
989 2411 1072 2470 circa
1086 2409 1191 2488 dispo·

164 2517 317 2579 sicionem
340 2528 371 2579 et
393 2517 627 2580 ordinacionem
649 2517 851 2581 ecclesiarum
876 2528 908 2580 et
929 2520 1190 2580 monasteriorum

167 2629 377 2709 predictorum
399 2650 456 2692 seu
477 2631 632 2692 bonorum
655 2631 816 2692 mobilium
840 2631 890 2693 uel
911 2630 1115 2693 immobilium
1138 2636 1192 2692 ant

166 2761 201 2803 se
223 2743 437 2815 mouencium,
470 2750 501 2803 et
526 2741 639 2803 inriunr
665 2744 836 2804 eorundem
860 2742 986 2823 propria
1009 2741 1191 2804 auctoritato

166 2862 351 2933 attemptare
371 2862 565 2934 presumant,
586 2855 670 2916 ueris
685 2855 825 2935 patronis
841 2853 1061 2927 ecclesiarum,
1085 2870 1193 2916 mona·

165 2966 348 3039 steriorum,
370 2964 540 3047 legacionis
561 2966 681 3046 prefate
703 2967 734 3027 in
753 2967 867 3048 quibus
883 2967 1024 3029 ecelesiis
1039 2975 1071 3028 ct
1085 2982 1193 3027 mona-

164 3076 267 3138 steriis
291 3077 340 3137 ins
359 3076 501 3138 obtinent
521 3084 704 3157 patronatus
725 3077 794 3139 iure
816 3077 1006 3159 competenti
1027 3076 1191 3138 occasione

165 3188 342 3250 huiusmodi
365 3196 546 3269 patronatus
568 3199 693 3250 seruato
713 3189 745 3249 in
768 3197 905 3261 tuntum,
933 3190 966 3249 in
987 3186 1191 3267 quantumin

165 3300 224 3359 hac
249 3308 338 3380 parte
363 3301 501 3382 patronis
521 3299 722 3361 ecclesiarum
746 3300 898 3362 canonica
918 3298 1057 3359 instituta
1078 3314 1192 3359 conce·

166 3411 252 3472 dunt.
280 3419 529 3493 transgressores
544 3420 647 3472 autem
662 3409 898 3472 constitucionis
913 3408 1091 3471 huiusmodi
1106 3414 1192 3488 post-

164 3541 258 3602 quam
273 3542 290 3582 a
306 3522 481 3584 diecesanis
495 3530 526 3583 et
540 3521 606 3583 aliis
620 3521 835 3602 superioribus
848 3521 970 3583 illarum
986 3518 1191 3582 ecclesiarum

163 3635 322 3716 inquibus
337 3634 477 3716 predicta
492 3632 543 3693 uel
559 3633 769 3714 predictorum
786 3633 891 3716 aliqua
906 3632 1116 3713 attemptanit,
1133 3646 1191 3714 par

163 3747 345 3810 charitatem
367 3746 516 3808 admoniti
539 3746 672 3820 luerint,
695 3744 753 3808 nisi
773 3745 852 3808 inira
876 3743 1041 3807 terminum
1061 3745 1100 3807 ab
1114 3743 1209 3826 ipsis,

165 3856 342 3919 diecesanls
363 3859 416 3921 uel
441 3877 498 3939 per
519 3857 596 3919 elios
618 3857 769 3919 dictarum
790 3856 993 3918 ecclesiarum
1011 3857 1189 3936 superiores

164 3968 365 4030 statuendum
386 3968 505 4032 eisdem
524 3970 564 4031 ab
585 3969 724 4051 ipsarum
739 3968 942 4030 ecclesiarum
965 3966 1017 4029 uel
1033 3973 1191 4029 monaste·

164 4076 299 4151 riorum,
313 4096 370 4141 sen
384 4079 554 4154 bonorum,
570 4097 605 4141 ac
619 4080 733 4141 iurium
748 4080 922 4142 eorundem
937 4098 1032 4160 super
1041 4076 1190 4160 predictis

163 4189 389 4253 molestaciooo
408 4199 442 4256 et
456 4189 698 4274 perturbacione
719 4190 916 4265 destiterint,
940 4197 973 4253 et
990 4189 1030 4252 ad
1048 4187 1203 4271 ipsoram
