2798 4764
472 336 656 389 mororum
684 334 725 388 ne
746 335 860 389 rim
1119 315 1196 401 tib·

238 493 303 577 (60)
324 495 421 579 cyogt
439 496 536 559 obbae
554 495 595 557 do
609 495 722 577 Zeptoe
744 494 882 577 impeciit
903 495 1020 559 Benom
1043 493 1083 558 de
1105 490 1182 559 oilie

156 607 307 690 Scerepin
320 628 405 671 nono
420 618 522 671 castro
537 609 576 670 de
591 606 765 671 latrocinio.
785 606 888 669 iudice
899 603 1028 669 Nicolno
1042 604 1183 687 poietin·

156 719 288 790 comite,
309 717 461 798 pristoido
476 718 587 800 Epidio
603 718 643 779 do
659 715 733 779 uitia
747 717 821 779 Osa.
841 734 977 798 numque
991 715 1077 777 Bene
1088 714 1186 789 Um·

157 829 222 893 dini
237 838 363 911 portare
377 828 495 891 ferrum
511 848 580 891 esse
595 835 733 909 paratus,
747 826 984 908 prenominatus
999 827 1095 888 nbbos
1109 825 1184 893 etb-

157 941 285 1023 tersopit
305 941 453 1003 iudicium
479 940 554 1002 ferri
578 938 751 1011 candentis,
772 938 880 1000 dicens
902 939 988 1020 quod
1012 936 1090 1000 salsa
1115 934 1185 1019 opi·

158 1053 252 1114 niono
268 1050 443 1132 predictum
457 1050 573 1112 Bonam
589 1049 628 1110 de
642 1048 806 1111 latrocinio
820 1049 1019 1131 imperiisset

240 1159 306 1242 (61)
329 1161 447 1224 Tekmo
471 1170 503 1224 et
527 1161 627 1222 Pousa
657 1159 696 1222 de
723 1159 796 1224 niiln
821 1160 950 1241 Chybnr
976 1159 1188 1240 impeoieront

160 1272 316 1335 Andream
332 1270 542 1334 conuitlanum
556 1289 648 1333 suum
663 1270 702 1331 do
718 1269 812 1333 iorto.
840 1271 944 1333 indice
960 1270 1059 1333 Tobia
1078 1267 1187 1335 onriffi

162 1381 275 1444 comite
300 1383 339 1445 de
362 1380 509 1452 Zoonok,
537 1379 686 1462 pristaldo
709 1379 818 1443 Fintnr
842 1381 882 1444 de
907 1379 979 1442 oilla
993 1380 1100 1443 Tibur.
1119 1376 1187 1463 'qui

161 1512 233 1556 enm
258 1492 367 1557 directi
393 1502 499 1557 essent
523 1490 730 1564 Uaradinum,
764 1491 973 1574 prenominati
998 1492 1119 1555 Tekma
1154 1495 1188 1555 et

164 1607 266 1668 Poura
291 1603 546 1686 subterfugerunt
569 1603 718 1665 iudicium
741 1602 818 1664 ferri
842 1601 1014 1675 candentis,
1045 1601 1187 1667 dicente·

162 1715 247 1796 quod
272 1713 350 1777 solra
374 1713 524 1795 opinione
547 1712 723 1794 predictum
737 1713 895 1776 Andrenm
919 1714 958 1776 de
981 1712 1065 1776 forto
1087 1711 1189 1793 impe·

163 1797 298 1888 eiiesent.
327 1843 386 1906 pro
399 1823 483 1886 bono
500 1831 604 1887 tamen
619 1823 704 1905 pacis
718 1822 860 1886 Andreae
874 1822 926 1885 sur
939 1821 1083 1906 promisit
1097 1821 1189 1887 sotto·

161 1934 266 1999 iecore
281 1935 389 1999 iudici.

245 2044 312 2126 (θῆ)
334 2046 419 2109 Senk
441 2047 480 2110 de
496 2045 569 2110 uitio
584 2044 708 2108 Obonik
730 2045 869 2127 impeoiit
884 2046 1019 2119 Texem,
1040 2046 1189 2123 Erdeom,

161 2155 284 2228 Biznm,
306 2155 421 2217 Cesaro
440 2164 472 2219 et
491 2156 575 2218 Snint
595 2156 634 2217 de
656 2155 717 2216 atio
740 2155 802 2217 uiia
817 2155 948 2237 Obonyc
969 2177 1027 2237 pro
1042 2165 1191 2239 quattuor

164 2265 287 2329 marcis.
316 2266 419 2329 iudice
434 2267 605 2329 Benedicto
619 2264 751 2340 comite,
774 2266 924 2349 pristaldo
939 2268 1047 2330 Azario
1060 2268 1101 2330 do
1117 2265 1192 2330 uilla

96 2394 102 2402 ·
165 2377 277 2443 Tinod.
305 2377 539 2458 prenominatus
553 2376 637 2440 Sonk
654 2385 776 2457 portato
791 2378 875 2441 ferro
890 2378 1149 2463 iustificatuepest.

245 2487 310 2569 (63)
331 2489 477 2563 loannes,
498 2489 613 2562 Nehoi,
633 2490 738 2552 Benso
757 2491 797 2553 de
820 2489 895 2553 uitta
915 2476 1024 2573 Nengp
1040 2488 1194 2572 imperio·

165 2608 236 2662 runt
250 2600 442 2680 Stephanum
457 2600 496 2662 de
512 2599 586 2662 uitia
600 2599 688 2663 Soeia
703 2620 760 2682 pro
776 2600 957 2675 homicidio,
975 2602 1060 2666 etde
1076 2603 1192 2667 damno

170 2721 241 2779 octo
261 2730 448 2774 morcarum.
487 2709 591 2773 iudice
605 2711 742 2793 Tibncyo
761 2712 876 2775 comite
896 2732 917 2775 a
934 2730 1010 2796 rege
1038 2713 1195 2796 delegato,

170 2821 322 2904 pristoido
336 2821 457 2884 Somne.
479 2820 655 2901 Stephanus
668 2829 792 2903 portato
805 2822 890 2886 ferro
905 2825 1071 2888 mundatus
1084 2833 1143 2888 eet.

251 2931 317 3012 (6))
338 2932 456 3015 Miinoy
478 2932 518 3008 dp
537 2933 610 2996 uitia
631 2932 744 3017 Goneg
770 2934 906 3016 impetiit
922 2935 1041 2998 Vanam
1062 2936 1102 2997 de
1120 2933 1195 3001 uitta

169 3042 272 3108 neten
297 3043 337 3106 de
361 3043 477 3105 damno
501 3062 630 3107 suerum
652 3065 758 3109 rernm
783 3047 823 3109 od
845 3046 1079 3109 estimaoionem
1103 3045 1195 3111 untur

169 3172 274 3218 marce
297 3163 329 3218 et
348 3136 486 3217 dimidio.
515 3154 618 3217 iudice
633 3154 810 3219 Alexandro
831 3157 945 3219 comite
966 3157 1006 3219 de
1026 3154 1195 3236 Zobolohy,

171 3264 321 3345 pristaldo
335 3284 434 3346 quest
455 3266 494 3326 de
515 3263 588 3326 uilia
600 3265 718 3326 [tuboe.
749 3264 857 3326 Uanno
871 3272 993 3346 portato
1007 3263 1092 3326 ferro
1107 3263 1196 3328 inett-

170 3373 279 3437 fioatnr
297 3384 355 3438 est.

252 3481 319 3565 (65)
338 3485 443 3548 Annas
455 3483 531 3567 Cegl
542 3484 582 3548 de
593 3483 707 3567 Zeploe
719 3484 855 3565 impeciit
866 3484 999 3548 nitianos
1011 3485 1196 3559 neonem,

170 3595 291 3659 scilieet
310 3598 425 3670 Znnzo,
454 3596 585 3669 Pentek,
605 3595 730 3669 Brtam,
749 3595 949 3668 Forensium,
971 3595 1142 3659 Mattheum
1163 3602 1196 3661 ot

171 3704 282 3768 Galum
296 3726 355 3790 pro
369 3704 545 3769 latrocinio.
576 3706 680 3769 iudice
694 3705 821 3769 Nicolao
837 3705 973 3788 palatino
987 3707 1111 3782 comite,
1132 3705 1197 3791 pri·

169 3814 270 3881 staldo
284 3816 397 3900 Epidio
411 3817 451 3881 de
466 3815 540 3881 uilia
556 3816 629 3879 Osa.
658 3837 729 3880 enm
749 3831 878 3883 uentum
892 3826 975 3881 esset
988 3818 1196 3894 noradinum,

171 3925 329 4007 predictos
343 3928 440 3994 abbae
453 3928 650 3993 renunciauit
663 3928 779 3992 indicio
794 3929 869 3993 ferri
885 3930 1048 3995 candentie
1056 3975 1067 4006 ,
1087 3930 1196 3994 dicem

171 4037 257 4120 quod
270 4035 350 4103 false
363 4040 512 4139 opinione
525 4041 671 4105 homines
692 4042 889 4127 supradictos
904 4043 944 4108 de
957 4041 1123 4108 latrocinio
1134 4042 1196 4109 in·

169 4148 329 4236 peeiirret.
