<?xml version="1.0" encoding="UTF-8"?>
<!DOCTYPE html PUBLIC "-//W3C//DTD XHTML 1.0 Transitional//EN"
    "http://www.w3.org/TR/xhtml1/DTD/xhtml1-transitional.dtd">
<html xmlns="http://www.w3.org/1999/xhtml" xml:lang="en" lang="en">
 <head>
  <title>
</title>
<meta http-equiv="Content-Type" content="text/html;charset=utf-8" />
  <meta name='ocr-system' content='tesseract 3.04.00' />
  <meta name='ocr-capabilities' content='ocr_page ocr_carea ocr_par ocr_line ocrx_word'/>
</head>
<body>
  <div class='ocr_page' id='page_1' title='image "./rerumhungaricar00endlgoog/rerumhungaricar00endlgoog_0733.png"; bbox 0 0 2798 4764; ppageno 0'>
   <div class='ocr_carea' id='block_1_1' title="bbox 199 338 908 409">
    <p class='ocr_par' dir='ltr' id='par_1_1' title="bbox 199 338 908 409">
     <span class='ocr_line' id='line_1_1' title="bbox 199 338 908 409; baseline -0.011 0"><span class='ocrx_word' id='word_1_1' title='bbox 199 338 264 409; x_wconf 67' lang='lat' dir='ltr'><strong>&#39;m</strong></span> <span class='ocrx_word' id='word_1_2' title='bbox 521 352 708 405; x_wconf 74' lang='lat' dir='ltr'><strong>nomnen</strong></span> <span class='ocrx_word' id='word_1_3' title='bbox 730 356 772 403; x_wconf 75' lang='lat' dir='ltr'><strong>nr</strong></span> <span class='ocrx_word' id='word_1_4' title='bbox 794 352 908 403; x_wconf 78' lang='lat' dir='ltr'><strong>rma.</strong></span> 
     </span>
    </p>
   </div>
   <div class='ocr_carea' id='block_1_2' title="bbox 198 508 1258 4034">
    <p class='ocr_par' dir='ltr' id='par_1_2' title="bbox 201 508 1258 688">
     <span class='ocr_line' id='line_1_2' title="bbox 201 508 1258 595; baseline -0.01 -16"><span class='ocrx_word' id='word_1_5' title='bbox 201 512 303 578; x_wconf 84' lang='lat' dir='ltr'><strong>staldo</strong></span> <span class='ocrx_word' id='word_1_6' title='bbox 323 515 388 595; x_wconf 77' lang='lat' dir='ltr'><strong>Any</strong></span> <span class='ocrx_word' id='word_1_7' title='bbox 411 514 451 576; x_wconf 91' lang='lat' dir='ltr'><strong>dc</strong></span> <span class='ocrx_word' id='word_1_8' title='bbox 474 511 547 575; x_wconf 88' lang='lat' dir='ltr'><strong>uitta</strong></span> <span class='ocrx_word' id='word_1_9' title='bbox 569 513 639 577; x_wconf 82' lang='lat' dir='ltr'><strong>Usa.</strong></span> <span class='ocrx_word' id='word_1_10' title='bbox 666 512 764 575; x_wconf 91' lang='lat' dir='ltr'><strong>homo</strong></span> <span class='ocrx_word' id='word_1_11' title='bbox 783 511 890 594; x_wconf 87' lang='lat' dir='ltr'><strong>itaque</strong></span> <span class='ocrx_word' id='word_1_12' title='bbox 912 508 1090 572; x_wconf 77' lang='lat' dir='ltr'><strong>Anthoneu</strong></span> <span class='ocrx_word' id='word_1_13' title='bbox 1117 514 1258 589; x_wconf 82' lang='lat' dir='ltr'><strong>portato</strong></span> 
     </span>
     <span class='ocr_line' id='line_1_3' title="bbox 202 625 828 688; baseline -0.002 0"><span class='ocrx_word' id='word_1_14' title='bbox 202 625 288 688; x_wconf 79' lang='lat' dir='ltr'><strong>torro</strong></span> <span class='ocrx_word' id='word_1_15' title='bbox 304 627 484 687; x_wconf 86' lang='lat' dir='ltr'><strong>combustus</strong></span> <span class='ocrx_word' id='word_1_16' title='bbox 500 632 557 687; x_wconf 76' lang='lat' dir='ltr'><strong>est</strong></span> <span class='ocrx_word' id='word_1_17' title='bbox 823 679 828 687; x_wconf 91' lang='lat'><em>.</em></span> 
     </span>
    </p>

    <p class='ocr_par' dir='ltr' id='par_1_3' title="bbox 200 731 1257 2135">
     <span class='ocr_line' id='line_1_4' title="bbox 285 731 1257 817; baseline -0.004 -19"><span class='ocrx_word' id='word_1_18' title='bbox 285 735 371 817; x_wconf 77' lang='lat' dir='ltr'><strong>(33t)</strong></span> <span class='ocrx_word' id='word_1_19' title='bbox 392 736 544 797; x_wconf 85' lang='lat' dir='ltr'><strong>Martinus</strong></span> <span class='ocrx_word' id='word_1_20' title='bbox 558 734 640 797; x_wconf 85' lang='lat' dir='ltr'><strong>titius</strong></span> <span class='ocrx_word' id='word_1_21' title='bbox 655 735 758 817; x_wconf 77' lang='lat' dir='ltr'><strong>Grege</strong></span> <span class='ocrx_word' id='word_1_22' title='bbox 778 733 916 816; x_wconf 83' lang='lat' dir='ltr'><strong>impeciit</strong></span> <span class='ocrx_word' id='word_1_23' title='bbox 928 731 1151 814; x_wconf 78' lang='lat' dir='ltr'><strong>ionbagiones</strong></span> <span class='ocrx_word' id='word_1_24' title='bbox 1167 731 1257 794; x_wconf 82' lang='lat' dir='ltr'><strong>Ethe</strong></span> 
     </span>
     <span class='ocr_line' id='line_1_5' title="bbox 201 843 1252 928; baseline -0.007 -17"><span class='ocrx_word' id='word_1_25' title='bbox 201 848 258 911; x_wconf 85' lang='lat' dir='ltr'><strong>titti</strong></span> <span class='ocrx_word' id='word_1_26' title='bbox 280 847 407 910; x_wconf 80' lang='lat' dir='ltr'><strong>Achiuis</strong></span> <span class='ocrx_word' id='word_1_27' title='bbox 432 847 564 920; x_wconf 84' lang='lat' dir='ltr'><strong>comitis,</strong></span> <span class='ocrx_word' id='word_1_28' title='bbox 592 846 710 909; x_wconf 81' lang='lat' dir='ltr'><strong>sciticet</strong></span> <span class='ocrx_word' id='word_1_29' title='bbox 734 847 867 928; x_wconf 78' lang='lat' dir='ltr'><strong>Cheym,</strong></span> <span class='ocrx_word' id='word_1_30' title='bbox 893 847 1071 924; x_wconf 84' lang='lat' dir='ltr'><strong>Tumpam,</strong></span> <span class='ocrx_word' id='word_1_31' title='bbox 1103 843 1252 915; x_wconf 80' lang='lat' dir='ltr'><strong>ottmm,</strong></span> 
     </span>
     <span class='ocr_line' id='line_1_6' title="bbox 203 953 1257 1038; baseline -0.007 -15"><span class='ocrx_word' id='word_1_32' title='bbox 203 959 342 1033; x_wconf 82' lang='lat' dir='ltr'><strong>Oliorih,</strong></span> <span class='ocrx_word' id='word_1_33' title='bbox 363 960 492 1032; x_wconf 89' lang='lat' dir='ltr'><strong>Pacam,</strong></span> <span class='ocrx_word' id='word_1_34' title='bbox 514 960 628 1021; x_wconf 85' lang='lat' dir='ltr'><strong>Tnsam</strong></span> <span class='ocrx_word' id='word_1_35' title='bbox 644 978 700 1038; x_wconf 83' lang='lat' dir='ltr'><strong>pro</strong></span> <span class='ocrx_word' id='word_1_36' title='bbox 717 966 842 1021; x_wconf 89' lang='lat' dir='ltr'><strong>centum</strong></span> <span class='ocrx_word' id='word_1_37' title='bbox 857 955 959 1038; x_wconf 86' lang='lat' dir='ltr'><strong>porois</strong></span> <span class='ocrx_word' id='word_1_38' title='bbox 973 953 1143 1018; x_wconf 84' lang='lat' dir='ltr'><strong>uiolenter</strong></span> <span class='ocrx_word' id='word_1_39' title='bbox 1158 955 1257 1017; x_wconf 79' lang='lat' dir='ltr'><strong>abta·</strong></span> 
     </span>
     <span class='ocr_line' id='line_1_7' title="bbox 202 1066 1256 1151; baseline -0.008 -16"><span class='ocrx_word' id='word_1_40' title='bbox 202 1070 252 1135; x_wconf 81' lang='lat' dir='ltr'><strong>tis.</strong></span> <span class='ocrx_word' id='word_1_41' title='bbox 279 1072 383 1133; x_wconf 90' lang='lat' dir='ltr'><strong>iudice</strong></span> <span class='ocrx_word' id='word_1_42' title='bbox 398 1072 478 1133; x_wconf 84' lang='lat' dir='ltr'><strong>Mica</strong></span> <span class='ocrx_word' id='word_1_43' title='bbox 499 1070 610 1132; x_wconf 78' lang='lat' dir='ltr'>comite</span> <span class='ocrx_word' id='word_1_44' title='bbox 627 1071 665 1132; x_wconf 90' lang='lat' dir='ltr'><strong>dc</strong></span> <span class='ocrx_word' id='word_1_45' title='bbox 679 1070 792 1131; x_wconf 87' lang='lat' dir='ltr'><strong>Biohor</strong></span> <span class='ocrx_word' id='word_1_46' title='bbox 813 1067 963 1151; x_wconf 86' lang='lat' dir='ltr'><strong>pristaido</strong></span> <span class='ocrx_word' id='word_1_47' title='bbox 976 1069 1076 1131; x_wconf 87' lang='lat' dir='ltr'><strong>lanou</strong></span> <span class='ocrx_word' id='word_1_48' title='bbox 1102 1066 1175 1130; x_wconf 85' lang='lat' dir='ltr'><strong>fitio</strong></span> <span class='ocrx_word' id='word_1_49' title='bbox 1193 1067 1256 1128; x_wconf 85' lang='lat' dir='ltr'><strong>Sit·</strong></span> 
     </span>
     <span class='ocr_line' id='line_1_8' title="bbox 202 1179 1254 1264; baseline -0.003 -18"><span class='ocrx_word' id='word_1_50' title='bbox 202 1184 310 1247; x_wconf 81' lang='lat' dir='ltr'><strong>ueat&#39;ri.</strong></span> <span class='ocrx_word' id='word_1_51' title='bbox 341 1182 492 1244; x_wconf 83' lang='lat' dir='ltr'><strong>Martinus</strong></span> <span class='ocrx_word' id='word_1_52' title='bbox 507 1183 612 1264; x_wconf 88' lang='lat' dir='ltr'><strong>itaque</strong></span> <span class='ocrx_word' id='word_1_53' title='bbox 627 1190 659 1244; x_wconf 89' lang='lat' dir='ltr'><strong>et</strong></span> <span class='ocrx_word' id='word_1_54' title='bbox 673 1181 843 1262; x_wconf 85' lang='lat' dir='ltr'><strong>pristaldos</strong></span> <span class='ocrx_word' id='word_1_55' title='bbox 858 1181 924 1242; x_wconf 89' lang='lat' dir='ltr'><strong>eius</strong></span> <span class='ocrx_word' id='word_1_56' title='bbox 940 1179 1040 1260; x_wconf 83' lang='lat' dir='ltr'><strong>prima</strong></span> <span class='ocrx_word' id='word_1_57' title='bbox 1056 1181 1254 1260; x_wconf 80' lang='lat' dir='ltr'><strong>septimana</strong></span> 
     </span>
     <span class='ocr_line' id='line_1_9' title="bbox 203 1282 1255 1374; baseline -0.004 -17"><span class='ocrx_word' id='word_1_58' title='bbox 203 1294 330 1357; x_wconf 87' lang='lat' dir='ltr'><strong>domine</strong></span> <span class='ocrx_word' id='word_1_59' title='bbox 345 1293 378 1355; x_wconf 90' lang='lat' dir='ltr'><strong>in</strong></span> <span class='ocrx_word' id='word_1_60' title='bbox 392 1282 584 1355; x_wconf 63' lang='lat' dir='ltr'><strong>toa‘fuerunt</strong></span> <span class='ocrx_word' id='word_1_61' title='bbox 599 1291 761 1364; x_wconf 84' lang='lat' dir='ltr'><strong>Uaradini,</strong></span> <span class='ocrx_word' id='word_1_62' title='bbox 782 1291 989 1374; x_wconf 68' lang='lat' dir='ltr'><strong>prenominati</strong></span> <span class='ocrx_word' id='word_1_63' title='bbox 1003 1299 1116 1352; x_wconf 75' lang='lat' dir='ltr'><strong>atatem</strong></span> <span class='ocrx_word' id='word_1_64' title='bbox 1131 1293 1255 1353; x_wconf 83' lang='lat' dir='ltr'><strong>iouha·</strong></span> 
     </span>
     <span class='ocr_line' id='line_1_10' title="bbox 204 1402 1254 1488; baseline -0.004 -19"><span class='ocrx_word' id='word_1_65' title='bbox 204 1405 314 1488; x_wconf 81' lang='lat' dir='ltr'><strong>giones</strong></span> <span class='ocrx_word' id='word_1_66' title='bbox 336 1426 399 1466; x_wconf 88' lang='lat' dir='ltr'><strong>non</strong></span> <span class='ocrx_word' id='word_1_67' title='bbox 421 1405 557 1467; x_wconf 87' lang='lat' dir='ltr'><strong>suerunt.</strong></span> <span class='ocrx_word' id='word_1_68' title='bbox 584 1405 639 1466; x_wconf 90' lang='lat' dir='ltr'><strong>sed</strong></span> <span class='ocrx_word' id='word_1_69' title='bbox 663 1405 790 1485; x_wconf 85' lang='lat' dir='ltr'><strong>quidam</strong></span> <span class='ocrx_word' id='word_1_70' title='bbox 813 1402 960 1466; x_wconf 78' lang='lat' dir='ltr'><strong>sacerdos</strong></span> <span class='ocrx_word' id='word_1_71' title='bbox 982 1402 1123 1464; x_wconf 88' lang='lat' dir='ltr'><strong>ueniens</strong></span> <span class='ocrx_word' id='word_1_72' title='bbox 1148 1403 1254 1477; x_wconf 81' lang='lat' dir='ltr'><strong>dixit,</strong></span> 
     </span>
     <span class='ocr_line' id='line_1_11' title="bbox 204 1514 1253 1600; baseline -0.004 -20"><span class='ocrx_word' id='word_1_73' title='bbox 204 1518 291 1600; x_wconf 82' lang='lat' dir='ltr'><strong>qnod</strong></span> <span class='ocrx_word' id='word_1_74' title='bbox 315 1517 460 1580; x_wconf 90' lang='lat' dir='ltr'><strong>dominus</strong></span> <span class='ocrx_word' id='word_1_75' title='bbox 482 1516 606 1578; x_wconf 87' lang='lat' dir='ltr'><strong>illorum</strong></span> <span class='ocrx_word' id='word_1_76' title='bbox 628 1525 710 1578; x_wconf 88' lang='lat' dir='ltr'><strong>esset</strong></span> <span class='ocrx_word' id='word_1_77' title='bbox 730 1517 761 1577; x_wconf 89' lang='lat' dir='ltr'><strong>in</strong></span> <span class='ocrx_word' id='word_1_78' title='bbox 782 1516 885 1589; x_wconf 90' lang='lat' dir='ltr'><strong>curia,</strong></span> <span class='ocrx_word' id='word_1_79' title='bbox 906 1523 937 1577; x_wconf 89' lang='lat' dir='ltr'><strong>et</strong></span> <span class='ocrx_word' id='word_1_80' title='bbox 950 1514 1017 1576; x_wconf 88' lang='lat' dir='ltr'><strong>sine</strong></span> <span class='ocrx_word' id='word_1_81' title='bbox 1033 1514 1178 1577; x_wconf 90' lang='lat' dir='ltr'><strong>domino</strong></span> <span class='ocrx_word' id='word_1_82' title='bbox 1194 1536 1253 1578; x_wconf 89' lang='lat' dir='ltr'><strong>co·</strong></span> 
     </span>
     <span class='ocr_line' id='line_1_12' title="bbox 203 1626 1252 1711; baseline -0.003 -18"><span class='ocrx_word' id='word_1_83' title='bbox 203 1649 275 1693; x_wconf 89' lang='lat' dir='ltr'><strong>rom</strong></span> <span class='ocrx_word' id='word_1_84' title='bbox 295 1630 354 1711; x_wconf 80' lang='lat' dir='ltr'><strong>ipsi</strong></span> <span class='ocrx_word' id='word_1_85' title='bbox 375 1649 438 1690; x_wconf 94' lang='lat' dir='ltr'><strong>non</strong></span> <span class='ocrx_word' id='word_1_86' title='bbox 458 1637 564 1690; x_wconf 87' lang='lat' dir='ltr'><strong>essent</strong></span> <span class='ocrx_word' id='word_1_87' title='bbox 585 1628 660 1690; x_wconf 85' lang='lat' dir='ltr'><strong>iussi</strong></span> <span class='ocrx_word' id='word_1_88' title='bbox 683 1627 803 1690; x_wconf 83' lang='lat' dir='ltr'><strong>uenire.</strong></span> <span class='ocrx_word' id='word_1_89' title='bbox 823 1626 976 1689; x_wconf 86' lang='lat' dir='ltr'><strong>Martinus</strong></span> <span class='ocrx_word' id='word_1_90' title='bbox 997 1626 1112 1708; x_wconf 86' lang='lat' dir='ltr'><strong>itaque</strong></span> <span class='ocrx_word' id='word_1_91' title='bbox 1130 1636 1168 1689; x_wconf 85' lang='lat' dir='ltr'><strong>et</strong></span> <span class='ocrx_word' id='word_1_92' title='bbox 1184 1628 1252 1710; x_wconf 83' lang='lat' dir='ltr'><strong>pri-</strong></span> 
     </span>
     <span class='ocr_line' id='line_1_13' title="bbox 204 1737 1252 1819; baseline 0.001 -18"><span class='ocrx_word' id='word_1_93' title='bbox 204 1739 324 1802; x_wconf 85' lang='lat' dir='ltr'><strong>statdos</strong></span> <span class='ocrx_word' id='word_1_94' title='bbox 339 1741 424 1811; x_wconf 90' lang='lat' dir='ltr'><strong>eius,</strong></span> <span class='ocrx_word' id='word_1_95' title='bbox 446 1746 478 1799; x_wconf 90' lang='lat' dir='ltr'><strong>nt</strong></span> <span class='ocrx_word' id='word_1_96' title='bbox 498 1738 557 1819; x_wconf 84' lang='lat' dir='ltr'><strong>ipsi</strong></span> <span class='ocrx_word' id='word_1_97' title='bbox 573 1740 733 1812; x_wconf 84' lang='lat' dir='ltr'><strong>dixerunt,</strong></span> <span class='ocrx_word' id='word_1_98' title='bbox 755 1739 795 1801; x_wconf 85' lang='lat' dir='ltr'><strong>ad</strong></span> <span class='ocrx_word' id='word_1_99' title='bbox 809 1739 943 1800; x_wconf 82' lang='lat' dir='ltr'><strong>iudicem</strong></span> <span class='ocrx_word' id='word_1_100' title='bbox 959 1737 1120 1817; x_wconf 77' lang='lat' dir='ltr'><strong>prefatum</strong></span> <span class='ocrx_word' id='word_1_101' title='bbox 1137 1739 1252 1802; x_wconf 86' lang='lat' dir='ltr'><strong>redie-</strong></span> 
     </span>
     <span class='ocr_line' id='line_1_14' title="bbox 204 1849 1252 1929; baseline 0 -16"><span class='ocrx_word' id='word_1_102' title='bbox 204 1858 295 1922; x_wconf 85' lang='lat' dir='ltr'><strong>runt,</strong></span> <span class='ocrx_word' id='word_1_103' title='bbox 309 1859 342 1912; x_wconf 90' lang='lat' dir='ltr'><strong>ot</strong></span> <span class='ocrx_word' id='word_1_104' title='bbox 357 1869 374 1911; x_wconf 89' lang='lat' dir='ltr'><strong>a</strong></span> <span class='ocrx_word' id='word_1_105' title='bbox 389 1850 492 1911; x_wconf 88' lang='lat' dir='ltr'><strong>iudice</strong></span> <span class='ocrx_word' id='word_1_106' title='bbox 507 1850 545 1911; x_wconf 98' lang='lat' dir='ltr'><strong>ad</strong></span> <span class='ocrx_word' id='word_1_107' title='bbox 561 1869 618 1911; x_wconf 90' lang='lat' dir='ltr'><strong>nos</strong></span> <span class='ocrx_word' id='word_1_108' title='bbox 633 1851 754 1912; x_wconf 88' lang='lat' dir='ltr'><strong>reuersi</strong></span> <span class='ocrx_word' id='word_1_109' title='bbox 771 1852 929 1923; x_wconf 84' lang='lat' dir='ltr'><strong>dixerunt,</strong></span> <span class='ocrx_word' id='word_1_110' title='bbox 945 1849 1031 1929; x_wconf 86' lang='lat' dir='ltr'><strong>quod</strong></span> <span class='ocrx_word' id='word_1_111' title='bbox 1047 1849 1155 1912; x_wconf 85' lang='lat' dir='ltr'><strong>iudex</strong></span> <span class='ocrx_word' id='word_1_112' title='bbox 1170 1870 1252 1913; x_wconf 86' lang='lat' dir='ltr'><strong>oon·</strong></span> 
     </span>
     <span class='ocr_line' id='line_1_15' title="bbox 200 1959 1251 2053; baseline 0.002 -30"><span class='ocrx_word' id='word_1_113' title='bbox 200 1960 365 2053; x_wconf 82' lang='lat' dir='ltr'><strong>demnaoit</strong></span> <span class='ocrx_word' id='word_1_114' title='bbox 378 1959 458 2033; x_wconf 85' lang='lat' dir='ltr'><strong>ilios,</strong></span> <span class='ocrx_word' id='word_1_115' title='bbox 476 1960 618 2022; x_wconf 79' lang='lat' dir='ltr'><strong>eteniam</strong></span> <span class='ocrx_word' id='word_1_116' title='bbox 634 1981 650 2022; x_wconf 84' lang='lat' dir='ltr'><strong>a</strong></span> <span class='ocrx_word' id='word_1_117' title='bbox 666 1961 803 2042; x_wconf 86' lang='lat' dir='ltr'><strong>capitulo</strong></span> <span class='ocrx_word' id='word_1_118' title='bbox 819 1981 876 2043; x_wconf 87' lang='lat' dir='ltr'><strong>pro</strong></span> <span class='ocrx_word' id='word_1_119' title='bbox 891 1961 1113 2024; x_wconf 85' lang='lat' dir='ltr'><strong>condemnatis</strong></span> <span class='ocrx_word' id='word_1_120' title='bbox 1129 1961 1251 2025; x_wconf 81' lang='lat' dir='ltr'><strong>haberi</strong></span> 
     </span>
     <span class='ocr_line' id='line_1_16' title="bbox 204 2071 374 2135; baseline -0.006 -2"><span class='ocrx_word' id='word_1_121' title='bbox 204 2071 374 2135; x_wconf 80' lang='lat' dir='ltr'><strong>mandauit.</strong></span> 
     </span>
    </p>

    <p class='ocr_par' dir='ltr' id='par_1_4' title="bbox 198 2177 1249 2824">
     <span class='ocr_line' id='line_1_17' title="bbox 286 2177 1249 2265; baseline 0.005 -23"><span class='ocrx_word' id='word_1_122' title='bbox 286 2177 374 2263; x_wconf 80' lang='lat'>(335)</span> <span class='ocrx_word' id='word_1_123' title='bbox 396 2180 547 2244; x_wconf 86' lang='lat' dir='ltr'><strong>Martinus</strong></span> <span class='ocrx_word' id='word_1_124' title='bbox 566 2181 648 2245; x_wconf 86' lang='lat' dir='ltr'><strong>titius</strong></span> <span class='ocrx_word' id='word_1_125' title='bbox 664 2182 783 2246; x_wconf 90' lang='lat' dir='ltr'><strong>Cochid</strong></span> <span class='ocrx_word' id='word_1_126' title='bbox 802 2182 940 2265; x_wconf 73' lang='lat' dir='ltr'><strong>impediit</strong></span> <span class='ocrx_word' id='word_1_127' title='bbox 952 2183 1076 2244; x_wconf 83' lang='lat' dir='ltr'><strong>Nonam</strong></span> <span class='ocrx_word' id='word_1_128' title='bbox 1102 2182 1148 2247; x_wconf 87' lang='lat' dir='ltr'><strong>de</strong></span> <span class='ocrx_word' id='word_1_129' title='bbox 1171 2185 1249 2247; x_wconf 85' lang='lat' dir='ltr'><strong>uitia</strong></span> 
     </span>
     <span class='ocr_line' id='line_1_18' title="bbox 207 2293 1249 2374; baseline 0.002 -18"><span class='ocrx_word' id='word_1_130' title='bbox 207 2293 348 2356; x_wconf 88' lang='lat' dir='ltr'><strong>Uosuarii</strong></span> <span class='ocrx_word' id='word_1_131' title='bbox 369 2312 427 2374; x_wconf 85' lang='lat' dir='ltr'><strong>pro</strong></span> <span class='ocrx_word' id='word_1_132' title='bbox 449 2301 597 2374; x_wconf 82' lang='lat' dir='ltr'><strong>quattuor</strong></span> <span class='ocrx_word' id='word_1_133' title='bbox 618 2296 747 2366; x_wconf 87' lang='lat' dir='ltr'><strong>marcis,</strong></span> <span class='ocrx_word' id='word_1_134' title='bbox 768 2293 873 2356; x_wconf 87' lang='lat' dir='ltr'><strong>indice</strong></span> <span class='ocrx_word' id='word_1_135' title='bbox 893 2296 1036 2356; x_wconf 90' lang='lat' dir='ltr'><strong>Dumeno</strong></span> <span class='ocrx_word' id='word_1_136' title='bbox 1056 2297 1184 2358; x_wconf 80' lang='lat' dir='ltr'><strong>comite</strong></span> <span class='ocrx_word' id='word_1_137' title='bbox 1209 2297 1249 2359; x_wconf 90' lang='lat' dir='ltr'><strong>de</strong></span> 
     </span>
     <span class='ocr_line' id='line_1_19' title="bbox 205 2402 1248 2485; baseline 0.004 -20"><span class='ocrx_word' id='word_1_138' title='bbox 205 2402 363 2476; x_wconf 84' lang='lat' dir='ltr'><strong>Bodolou,</strong></span> <span class='ocrx_word' id='word_1_139' title='bbox 394 2403 544 2485; x_wconf 85' lang='lat' dir='ltr'><strong>pristatdo</strong></span> <span class='ocrx_word' id='word_1_140' title='bbox 562 2405 647 2466; x_wconf 87' lang='lat' dir='ltr'><strong>Gusti</strong></span> <span class='ocrx_word' id='word_1_141' title='bbox 671 2405 711 2467; x_wconf 86' lang='lat' dir='ltr'><strong>de</strong></span> <span class='ocrx_word' id='word_1_142' title='bbox 733 2405 807 2467; x_wconf 84' lang='lat' dir='ltr'><strong>uitta</strong></span> <span class='ocrx_word' id='word_1_143' title='bbox 828 2403 982 2466; x_wconf 87' lang='lat' dir='ltr'><strong>Solumns.</strong></span> <span class='ocrx_word' id='word_1_144' title='bbox 1013 2405 1071 2484; x_wconf 87' lang='lat' dir='ltr'><strong>qui</strong></span> <span class='ocrx_word' id='word_1_145' title='bbox 1089 2404 1248 2468; x_wconf 76' lang='lat' dir='ltr'><strong>Uaradini</strong></span> 
     </span>
     <span class='ocr_line' id='line_1_20' title="bbox 206 2513 1249 2597; baseline 0.004 -21"><span class='ocrx_word' id='word_1_146' title='bbox 206 2513 309 2577; x_wconf 79' lang='lat' dir='ltr'><strong>taliter</strong></span> <span class='ocrx_word' id='word_1_147' title='bbox 323 2523 555 2588; x_wconf 84' lang='lat' dir='ltr'><strong>conuenerunt,</strong></span> <span class='ocrx_word' id='word_1_148' title='bbox 577 2516 663 2597; x_wconf 85' lang='lat' dir='ltr'><strong>quod</strong></span> <span class='ocrx_word' id='word_1_149' title='bbox 678 2516 777 2576; x_wconf 83' lang='lat' dir='ltr'><strong>Numa</strong></span> <span class='ocrx_word' id='word_1_150' title='bbox 792 2515 881 2577; x_wconf 87' lang='lat' dir='ltr'><strong>daret</strong></span> <span class='ocrx_word' id='word_1_151' title='bbox 896 2514 1028 2575; x_wconf 84' lang='lat' dir='ltr'><strong>Martino</strong></span> <span class='ocrx_word' id='word_1_152' title='bbox 1042 2535 1146 2577; x_wconf 91' lang='lat' dir='ltr'><strong>unam</strong></span> <span class='ocrx_word' id='word_1_153' title='bbox 1164 2538 1249 2579; x_wconf 86' lang='lat' dir='ltr'><strong>mar·</strong></span> 
     </span>
     <span class='ocr_line' id='line_1_21' title="bbox 206 2626 1248 2706; baseline 0.004 -18"><span class='ocrx_word' id='word_1_154' title='bbox 206 2646 273 2689; x_wconf 90' lang='lat' dir='ltr'><strong>cam</strong></span> <span class='ocrx_word' id='word_1_155' title='bbox 297 2633 328 2688; x_wconf 87' lang='lat' dir='ltr'><strong>et</strong></span> <span class='ocrx_word' id='word_1_156' title='bbox 349 2627 523 2698; x_wconf 84' lang='lat' dir='ltr'><strong>dimidiam,</strong></span> <span class='ocrx_word' id='word_1_157' title='bbox 545 2636 576 2689; x_wconf 87' lang='lat' dir='ltr'><strong>ct</strong></span> <span class='ocrx_word' id='word_1_158' title='bbox 597 2628 679 2688; x_wconf 84' lang='lat' dir='ltr'><strong>idem</strong></span> <span class='ocrx_word' id='word_1_159' title='bbox 700 2626 792 2688; x_wconf 89' lang='lat' dir='ltr'><strong>iudici</strong></span> <span class='ocrx_word' id='word_1_160' title='bbox 813 2627 1021 2698; x_wconf 76' lang='lat' dir='ltr'><strong>satisfaceret,</strong></span> <span class='ocrx_word' id='word_1_161' title='bbox 1043 2635 1174 2706; x_wconf 87' lang='lat' dir='ltr'><strong>partem</strong></span> <span class='ocrx_word' id='word_1_162' title='bbox 1191 2649 1248 2691; x_wconf 89' lang='lat' dir='ltr'><strong>ao-</strong></span> 
     </span>
     <span class='ocr_line' id='line_1_22' title="bbox 198 2737 702 2824; baseline -0.002 -26"><span class='ocrx_word' id='word_1_163' title='bbox 198 2745 269 2824; x_wconf 68' lang='lat' dir='ltr'><strong>tem</strong></span> <span class='ocrx_word' id='word_1_164' title='bbox 284 2737 425 2817; x_wconf 82' lang='lat' dir='ltr'><strong>pristaldi</strong></span> <span class='ocrx_word' id='word_1_165' title='bbox 441 2737 590 2799; x_wconf 82' lang='lat' dir='ltr'><strong>Martinus</strong></span> <span class='ocrx_word' id='word_1_166' title='bbox 606 2739 702 2800; x_wconf 86' lang='lat' dir='ltr'><strong>daret.</strong></span> 
     </span>
    </p>

    <p class='ocr_par' dir='ltr' id='par_1_5' title="bbox 207 2845 1249 3573">
     <span class='ocr_line' id='line_1_23' title="bbox 291 2845 1249 2929; baseline 0.011 -26"><span class='ocrx_word' id='word_1_167' title='bbox 291 2845 379 2923; x_wconf 81' lang='grc'>(336)</span> <span class='ocrx_word' id='word_1_168' title='bbox 402 2846 484 2906; x_wconf 78' lang='lat' dir='ltr'><strong>Uoda</strong></span> <span class='ocrx_word' id='word_1_169' title='bbox 501 2846 580 2907; x_wconf 85' lang='lat' dir='ltr'><strong>titius</strong></span> <span class='ocrx_word' id='word_1_170' title='bbox 596 2848 732 2908; x_wconf 85' lang='lat' dir='ltr'><strong>Farcasii</strong></span> <span class='ocrx_word' id='word_1_171' title='bbox 752 2848 890 2928; x_wconf 81' lang='lat' dir='ltr'><strong>impeciit</strong></span> <span class='ocrx_word' id='word_1_172' title='bbox 907 2848 1135 2929; x_wconf 75' lang='lat' dir='ltr'><strong>ioubagioncm</strong></span> <span class='ocrx_word' id='word_1_173' title='bbox 1154 2852 1249 2914; x_wconf 80' lang='lat' dir='ltr'><strong>Lam·</strong></span> 
     </span>
     <span class='ocr_line' id='line_1_24' title="bbox 207 2954 1249 3040; baseline 0.008 -24"><span class='ocrx_word' id='word_1_174' title='bbox 207 2955 305 3037; x_wconf 85' lang='lat' dir='ltr'><strong>perti,</strong></span> <span class='ocrx_word' id='word_1_175' title='bbox 321 2954 438 3016; x_wconf 84' lang='lat' dir='ltr'><strong>scilicet</strong></span> <span class='ocrx_word' id='word_1_176' title='bbox 455 2955 566 3037; x_wconf 77' lang='lat' dir='ltr'><strong>{legun</strong></span> <span class='ocrx_word' id='word_1_177' title='bbox 583 2958 622 3018; x_wconf 89' lang='lat' dir='ltr'><strong>de</strong></span> <span class='ocrx_word' id='word_1_178' title='bbox 638 2957 793 3021; x_wconf 87' lang='lat' dir='ltr'><strong>occisione</strong></span> <span class='ocrx_word' id='word_1_179' title='bbox 809 2958 978 3040; x_wconf 84' lang='lat' dir='ltr'><strong>patrissui.</strong></span> <span class='ocrx_word' id='word_1_180' title='bbox 999 2959 1053 3040; x_wconf 91' lang='lat' dir='ltr'><strong>qui</strong></span> <span class='ocrx_word' id='word_1_181' title='bbox 1071 2981 1148 3023; x_wconf 80' lang='lat' dir='ltr'><strong>cum</strong></span> <span class='ocrx_word' id='word_1_182' title='bbox 1164 2963 1249 3024; x_wconf 86' lang='lat' dir='ltr'><strong>iudi·</strong></span> 
     </span>
     <span class='ocr_line' id='line_1_25' title="bbox 208 3066 1247 3152; baseline 0.008 -24"><span class='ocrx_word' id='word_1_183' title='bbox 208 3067 266 3130; x_wconf 87' lang='lat' dir='ltr'><strong>cati</strong></span> <span class='ocrx_word' id='word_1_184' title='bbox 282 3067 321 3129; x_wconf 90' lang='lat' dir='ltr'><strong>ab</strong></span> <span class='ocrx_word' id='word_1_185' title='bbox 333 3066 453 3128; x_wconf 73' lang='lat' dir='ltr'><strong>Erectio</strong></span> <span class='ocrx_word' id='word_1_186' title='bbox 468 3087 624 3149; x_wconf 68' lang='lat' dir='ltr'><strong>yconomo</strong></span> <span class='ocrx_word' id='word_1_187' title='bbox 636 3068 833 3143; x_wconf 77' lang='lat' dir='ltr'><strong>t&#39;aradiensi,</strong></span> <span class='ocrx_word' id='word_1_188' title='bbox 846 3089 916 3130; x_wconf 91' lang='lat' dir='ltr'><strong>cum</strong></span> <span class='ocrx_word' id='word_1_189' title='bbox 933 3069 1083 3150; x_wconf 85' lang='lat' dir='ltr'><strong>pristatdo</strong></span> <span class='ocrx_word' id='word_1_190' title='bbox 1096 3072 1247 3152; x_wconf 82' lang='lat' dir='ltr'><strong>ipsorum</strong></span> 
     </span>
     <span class='ocr_line' id='line_1_26' title="bbox 207 3178 1247 3251; baseline 0.007 -10"><span class='ocrx_word' id='word_1_191' title='bbox 207 3178 331 3241; x_wconf 81' lang='lat' dir='ltr'><strong>Micone</strong></span> <span class='ocrx_word' id='word_1_192' title='bbox 356 3189 475 3241; x_wconf 84' lang='lat' dir='ltr'><strong>starent</strong></span> <span class='ocrx_word' id='word_1_193' title='bbox 500 3181 538 3241; x_wconf 84' lang='lat' dir='ltr'><strong>ad</strong></span> <span class='ocrx_word' id='word_1_194' title='bbox 565 3181 712 3241; x_wconf 86' lang='lat' dir='ltr'><strong>iudicium</strong></span> <span class='ocrx_word' id='word_1_195' title='bbox 739 3180 812 3242; x_wconf 84' lang='lat' dir='ltr'><strong>ferri</strong></span> <span class='ocrx_word' id='word_1_196' title='bbox 838 3180 1008 3251; x_wconf 87' lang='lat' dir='ltr'><strong>candentis,</strong></span> <span class='ocrx_word' id='word_1_197' title='bbox 1040 3185 1247 3248; x_wconf 84' lang='lat' dir='ltr'><strong>reconcitiati</strong></span> 
     </span>
     <span class='ocr_line' id='line_1_27' title="bbox 208 3290 1249 3372; baseline 0.007 -21"><span class='ocrx_word' id='word_1_198' title='bbox 208 3298 279 3351; x_wconf 90' lang='lat' dir='ltr'><strong>snnt</strong></span> <span class='ocrx_word' id='word_1_199' title='bbox 303 3292 362 3362; x_wconf 85' lang='lat' dir='ltr'><strong>ita,</strong></span> <span class='ocrx_word' id='word_1_200' title='bbox 384 3292 468 3372; x_wconf 85' lang='lat' dir='ltr'><strong>qnod</strong></span> <span class='ocrx_word' id='word_1_201' title='bbox 492 3292 669 3352; x_wconf 87' lang='lat' dir='ltr'><strong>nominatus</strong></span> <span class='ocrx_word' id='word_1_202' title='bbox 684 3299 769 3352; x_wconf 84' lang='lat' dir='ltr'><strong>actor</strong></span> <span class='ocrx_word' id='word_1_203' title='bbox 785 3291 900 3353; x_wconf 89' lang='lat' dir='ltr'><strong>dimisit</strong></span> <span class='ocrx_word' id='word_1_204' title='bbox 915 3290 1106 3352; x_wconf 89' lang='lat' dir='ltr'><strong>nominatum</strong></span> <span class='ocrx_word' id='word_1_205' title='bbox 1123 3296 1249 3357; x_wconf 86' lang='lat' dir='ltr'><strong>adner-</strong></span> 
     </span>
     <span class='ocr_line' id='line_1_28' title="bbox 207 3400 1249 3488; baseline 0.008 -26"><span class='ocrx_word' id='word_1_206' title='bbox 207 3400 325 3462; x_wconf 75' lang='lat' dir='ltr'><strong>sarium</strong></span> <span class='ocrx_word' id='word_1_207' title='bbox 340 3420 429 3488; x_wconf 78' lang='lat' dir='ltr'><strong>snum</strong></span> <span class='ocrx_word' id='word_1_208' title='bbox 447 3421 502 3481; x_wconf 80' lang='lat' dir='ltr'><strong>pro</strong></span> <span class='ocrx_word' id='word_1_209' title='bbox 517 3401 696 3473; x_wconf 85' lang='lat' dir='ltr'><strong>innocente,</strong></span> <span class='ocrx_word' id='word_1_210' title='bbox 720 3401 814 3463; x_wconf 84' lang='lat' dir='ltr'><strong>indici</strong></span> <span class='ocrx_word' id='word_1_211' title='bbox 831 3411 933 3464; x_wconf 89' lang='lat' dir='ltr'><strong>autem</strong></span> <span class='ocrx_word' id='word_1_212' title='bbox 949 3411 980 3464; x_wconf 84' lang='lat' dir='ltr'><strong>et</strong></span> <span class='ocrx_word' id='word_1_213' title='bbox 994 3402 1152 3481; x_wconf 86' lang='lat' dir='ltr'><strong>pristatdo</strong></span> <span class='ocrx_word' id='word_1_214' title='bbox 1169 3428 1249 3469; x_wconf 87' lang='lat' dir='ltr'><strong>con·</strong></span> 
     </span>
     <span class='ocr_line' id='line_1_29' title="bbox 208 3510 673 3573; baseline 0 -3"><span class='ocrx_word' id='word_1_215' title='bbox 208 3518 362 3572; x_wconf 87' lang='lat' dir='ltr'><strong>nonerunt</strong></span> <span class='ocrx_word' id='word_1_216' title='bbox 376 3510 466 3571; x_wconf 87' lang='lat' dir='ltr'><strong>simut</strong></span> <span class='ocrx_word' id='word_1_217' title='bbox 482 3510 673 3573; x_wconf 81' lang='lat' dir='ltr'><strong>satisfacere.</strong></span> 
     </span>
    </p>

    <p class='ocr_par' dir='ltr' id='par_1_6' title="bbox 208 3619 1249 4034">
     <span class='ocr_line' id='line_1_30' title="bbox 291 3619 1247 3704; baseline 0.014 -25"><span class='ocrx_word' id='word_1_218' title='bbox 291 3620 375 3699; x_wconf 80' lang='grc'>(337)</span> <span class='ocrx_word' id='word_1_219' title='bbox 398 3623 512 3682; x_wconf 85' lang='lat' dir='ltr'><strong>Forcos</strong></span> <span class='ocrx_word' id='word_1_220' title='bbox 535 3619 615 3680; x_wconf 84' lang='lat' dir='ltr'><strong>filios</strong></span> <span class='ocrx_word' id='word_1_221' title='bbox 637 3622 691 3683; x_wconf 89' lang='lat' dir='ltr'><strong>lna</strong></span> <span class='ocrx_word' id='word_1_222' title='bbox 713 3622 834 3682; x_wconf 85' lang='lat' dir='ltr'><strong>comitis</strong></span> <span class='ocrx_word' id='word_1_223' title='bbox 854 3622 1016 3704; x_wconf 84' lang='lat' dir='ltr'><strong>requisiuit</strong></span> <span class='ocrx_word' id='word_1_224' title='bbox 1038 3633 1111 3685; x_wconf 84' lang='lat' dir='ltr'><strong>ante</strong></span> <span class='ocrx_word' id='word_1_225' title='bbox 1130 3626 1247 3692; x_wconf 84' lang='lat' dir='ltr'><strong>Ladis-</strong></span> 
     </span>
     <span class='ocr_line' id='line_1_31' title="bbox 208 3727 1248 3815; baseline 0.013 -25"><span class='ocrx_word' id='word_1_226' title='bbox 208 3727 290 3791; x_wconf 82' lang='lat' dir='ltr'><strong>laum</strong></span> <span class='ocrx_word' id='word_1_227' title='bbox 307 3734 452 3793; x_wconf 87' lang='lat' dir='ltr'><strong>comitem</strong></span> <span class='ocrx_word' id='word_1_228' title='bbox 466 3734 505 3794; x_wconf 90' lang='lat' dir='ltr'><strong>de</strong></span> <span class='ocrx_word' id='word_1_229' title='bbox 521 3732 604 3792; x_wconf 74' lang='lat' dir='ltr'><strong>Baoh</strong></span> <span class='ocrx_word' id='word_1_230' title='bbox 628 3741 658 3793; x_wconf 86' lang='lat' dir='ltr'><strong>et</strong></span> <span class='ocrx_word' id='word_1_231' title='bbox 672 3733 807 3794; x_wconf 79' lang='lat' dir='ltr'><strong>iudicem</strong></span> <span class='ocrx_word' id='word_1_232' title='bbox 824 3734 910 3794; x_wconf 88' lang='lat' dir='ltr'><strong>curie</strong></span> <span class='ocrx_word' id='word_1_233' title='bbox 926 3733 1096 3815; x_wconf 85' lang='lat' dir='ltr'><strong>quosdam,</strong></span> <span class='ocrx_word' id='word_1_234' title='bbox 1119 3738 1248 3804; x_wconf 84' lang='lat' dir='ltr'><strong>scilicet</strong></span> 
     </span>
     <span class='ocr_line' id='line_1_32' title="bbox 209 3839 1247 3924; baseline 0.013 -25"><span class='ocrx_word' id='word_1_235' title='bbox 209 3839 358 3912; x_wconf 81' lang='lat' dir='ltr'><strong>Atheum,</strong></span> <span class='ocrx_word' id='word_1_236' title='bbox 373 3843 514 3917; x_wconf 87' lang='lat' dir='ltr'><strong>Petrum,</strong></span> <span class='ocrx_word' id='word_1_237' title='bbox 530 3843 653 3904; x_wconf 88' lang='lat' dir='ltr'><strong>Endum</strong></span> <span class='ocrx_word' id='word_1_238' title='bbox 669 3853 699 3905; x_wconf 90' lang='lat' dir='ltr'><strong>ct</strong></span> <span class='ocrx_word' id='word_1_239' title='bbox 711 3844 864 3903; x_wconf 76' lang='lat' dir='ltr'><strong>Abarcum</strong></span> <span class='ocrx_word' id='word_1_240' title='bbox 879 3842 959 3907; x_wconf 83' lang='lat' dir='ltr'><strong>filios</strong></span> <span class='ocrx_word' id='word_1_241' title='bbox 975 3843 1110 3924; x_wconf 85' lang='lat' dir='ltr'><strong>Cepani,</strong></span> <span class='ocrx_word' id='word_1_242' title='bbox 1127 3848 1247 3912; x_wconf 86' lang='lat' dir='ltr'><strong>dicens</strong></span> 
     </span>
     <span class='ocr_line' id='line_1_33' title="bbox 209 3949 1249 4034; baseline 0.012 -24"><span class='ocrx_word' id='word_1_243' title='bbox 209 3949 295 4033; x_wconf 81' lang='lat' dir='ltr'><strong>ipsos</strong></span> <span class='ocrx_word' id='word_1_244' title='bbox 317 3969 391 4012; x_wconf 88' lang='lat' dir='ltr'><strong>suos</strong></span> <span class='ocrx_word' id='word_1_245' title='bbox 410 3970 479 4013; x_wconf 87' lang='lat' dir='ltr'><strong>csse</strong></span> <span class='ocrx_word' id='word_1_246' title='bbox 501 3952 673 4027; x_wconf 87' lang='lat' dir='ltr'><strong>libertinos,</strong></span> <span class='ocrx_word' id='word_1_247' title='bbox 694 3951 737 4014; x_wconf 86' lang='lat' dir='ltr'><strong>itti</strong></span> <span class='ocrx_word' id='word_1_248' title='bbox 753 3959 856 4014; x_wconf 90' lang='lat' dir='ltr'><strong>antem</strong></span> <span class='ocrx_word' id='word_1_249' title='bbox 870 3953 1103 4034; x_wconf 85' lang='lat' dir='ltr'><strong>responderunt</strong></span> <span class='ocrx_word' id='word_1_250' title='bbox 1118 3976 1158 4017; x_wconf 88' lang='lat' dir='ltr'><strong>se</strong></span> <span class='ocrx_word' id='word_1_251' title='bbox 1174 3979 1249 4022; x_wconf 91' lang='lat' dir='ltr'><strong>om·</strong></span> 
     </span>
    </p>
   </div>
   <div class='ocr_carea' id='block_1_3' title="bbox 208 4061 1248 4249">
    <p class='ocr_par' dir='ltr' id='par_1_7' title="bbox 208 4061 1248 4249">
     <span class='ocr_line' id='line_1_34' title="bbox 208 4061 1248 4152; baseline 0.007 -27"><span class='ocrx_word' id='word_1_252' title='bbox 208 4061 283 4126; x_wconf 84' lang='lat' dir='ltr'><strong>nino</strong></span> <span class='ocrx_word' id='word_1_253' title='bbox 298 4082 368 4126; x_wconf 86' lang='lat' dir='ltr'><strong>esse</strong></span> <span class='ocrx_word' id='word_1_254' title='bbox 384 4062 509 4134; x_wconf 86' lang='lat' dir='ltr'><strong>liberos,</strong></span> <span class='ocrx_word' id='word_1_255' title='bbox 528 4072 558 4124; x_wconf 91' lang='lat' dir='ltr'><strong>et</strong></span> <span class='ocrx_word' id='word_1_256' title='bbox 573 4063 770 4127; x_wconf 85' lang='lat' dir='ltr'><strong>adduxerunt</strong></span> <span class='ocrx_word' id='word_1_257' title='bbox 784 4072 971 4126; x_wconf 83' lang='lat' dir='ltr'><strong>assertorem</strong></span> <span class='ocrx_word' id='word_1_258' title='bbox 985 4064 1139 4129; x_wconf 83' lang='lat' dir='ltr'><strong>libertatis</strong></span> <span class='ocrx_word' id='word_1_259' title='bbox 1154 4070 1248 4152; x_wconf 86' lang='lat' dir='ltr'><strong>ipso·</strong></span> 
     </span>
     <span class='ocr_line' id='line_1_35' title="bbox 208 4173 1248 4249; baseline 0.01 -9"><span class='ocrx_word' id='word_1_260' title='bbox 208 4194 278 4241; x_wconf 86' lang='lat' dir='ltr'><strong>rum</strong></span> <span class='ocrx_word' id='word_1_261' title='bbox 293 4183 325 4239; x_wconf 86' lang='lat' dir='ltr'><strong>et</strong></span> <span class='ocrx_word' id='word_1_262' title='bbox 338 4173 556 4248; x_wconf 84' lang='lat' dir='ltr'><strong>defensorem,</strong></span> <span class='ocrx_word' id='word_1_263' title='bbox 576 4175 705 4242; x_wconf 87' lang='lat' dir='ltr'><strong>nomine</strong></span> <span class='ocrx_word' id='word_1_264' title='bbox 719 4178 854 4242; x_wconf 80' lang='lat' dir='ltr'><strong>Stanom</strong></span> <span class='ocrx_word' id='word_1_265' title='bbox 871 4175 970 4240; x_wconf 88' lang='lat' dir='ltr'><strong>titium</strong></span> <span class='ocrx_word' id='word_1_266' title='bbox 985 4177 1111 4242; x_wconf 82' lang='lat' dir='ltr'><strong>loannis</strong></span> <span class='ocrx_word' id='word_1_267' title='bbox 1132 4182 1248 4249; x_wconf 73' lang='lat' dir='ltr'><strong>cuins·</strong></span> 
     </span>
    </p>
   </div>
   <div class='ocr_carea' id='block_1_4' title="bbox 0 0 1408 4764">
    <p class='ocr_par' dir='ltr' id='par_1_8' title="bbox 0 0 1408 4764">
     <span class='ocr_line' id='line_1_36' title="bbox 0 0 1408 4764; baseline 0 0"><span class='ocrx_word' id='word_1_268' title='bbox 0 0 1408 4764; x_wconf 95' lang='lat' dir='ltr'><strong> </strong></span> 
     </span>
    </p>
   </div>
  </div>
 </body>
</html>
