2798 4764
215 306 275 373 ill
333 322 480 371 mmet
493 322 633 371 sancum
647 324 720 371 vrrs
733 325 759 371 s.
774 325 927 373 srarnuu
944 327 1036 373 nusrs
1049 307 1127 395 (tu).

213 485 245 543 et
264 488 298 542 ut
311 476 398 560 pacis
418 497 477 560 per
491 496 585 560 quam
601 476 743 542 Christus
765 478 874 540 orbem
895 478 1103 556 coadunauit,
1123 500 1159 545 se
1174 481 1242 545 iore

211 590 362 675 probaret
381 586 497 664 lilium,
524 589 610 671 quod
634 588 738 653 nullus
761 589 856 652 alium
880 589 1036 655 hostiliter
1059 590 1244 668 inuaderet,

210 720 306 765 nemo
326 700 465 763 uicinum
485 699 552 765 sine
575 700 681 763 iudicii
704 701 939 767 examinacione
961 702 1103 777 lederet,
1131 705 1244 769 uiduas

212 820 245 877 et
256 812 416 895 orphanos
431 810 534 873 nullus
550 812 760 895 opprimeret,
781 812 1020 896 subscripsione
1039 813 1156 879 sederis
1175 836 1240 880 non

211 924 371 1009 pereuntis
395 923 530 1006 posteris
550 923 615 987 suis
636 923 761 1007 reliquit
781 924 961 989 stabilitum.
990 926 1029 988 ad
1045 928 1244 992 consorcium

212 1053 290 1098 uero
305 1033 412 1117 regni,
435 1033 584 1115 precipue
606 1052 700 1097 causa
720 1034 838 1097 sobolis
858 1036 1080 1119 propagando,
1099 1056 1244 1103 sororem

116 1128 122 1145 ⁸
210 1162 341 1209 romane
364 1144 522 1235 dignitatis
536 1145 677 1227 augusti,
699 1143 846 1211 uidelicet
859 1146 1004 1223 Henrici,
1026 1147 1080 1231 qui
1099 1150 1140 1212 oh
1155 1169 1243 1215 man-

209 1255 411 1319 suetudinem
433 1273 570 1330 morum,
592 1256 661 1337 pius
681 1262 730 1318 est
748 1256 933 1338 appellatus,
957 1256 1074 1321 Gislam
1095 1259 1242 1336 nomine,

209 1367 269 1431 sibi
291 1367 322 1429 in
346 1366 544 1430 matrimonio
565 1367 713 1442 sociauit,
740 1385 834 1448 quam
855 1367 1005 1431 unctione
1019 1367 1155 1433 crismsli
1168 1389 1241 1453 per·
1339 1358 1348 1375 ’

209 1488 353 1556 uncum,
381 1479 554 1562 gestamine
579 1497 695 1541 corone
718 1478 806 1560 regni
833 1477 952 1540 sociam
977 1499 1047 1543 esse
1069 1482 1241 1545 coustituit.

210 1611 273 1675 que
288 1589 388 1673 qualis
403 1609 480 1671 erga
494 1588 545 1651 dei
560 1587 677 1652 cultum
692 1589 869 1652 ornandum
884 1589 1037 1666 extiterit,
1066 1611 1160 1675 quam
1176 1591 1240 1656 sre-

209 1721 311 1787 quens
334 1707 367 1763 ct
387 1698 528 1763 benefica
551 1698 635 1761 circu
656 1699 716 1762 deo
737 1698 950 1762 seruiencium
970 1702 1238 1785 congregacioues

209 1810 406 1896 apparuerit,
419 1807 587 1873 multarum
602 1808 803 1873 ecclesiarum
819 1829 928 1874 cruces
942 1820 975 1876 et
987 1831 1065 1875 uasa
1079 1811 1131 1876 uel
1145 1834 1238 1897 para·

209 1932 334 1997 menta,
356 1940 454 2004 opere
470 1917 600 1982 mirifico
614 1919 695 1983 lacta
710 1919 762 1983 uel
777 1928 938 1995 contexta,
959 1942 1060 2006 usque
1075 1921 1170 1987 bodie
1193 1933 1239 1988 te·

207 2041 338 2101 stantun.
378 2052 435 2117 pre
461 2032 581 2096 cunctis
606 2039 711 2095 tamen
736 2032 847 2096 domus
875 2034 1076 2116 episcopatus
1102 2036 1239 2118 bezpre·

207 2145 347 2220 ruiensis,
367 2163 464 2227 quam
484 2143 551 2225 ipsa
573 2161 592 2205 a
612 2140 818 2206 fundamento
834 2151 971 2227 ceptam,
993 2145 1137 2209 omnibus
1151 2144 1242 2210 sufli-

207 2256 328 2321 cientiis
349 2254 389 2318 ad
411 2252 580 2318 seruicium
603 2253 671 2327 dei,
692 2253 724 2315 in
739 2273 816 2316 auro
832 2251 884 2317 uel
898 2262 1047 2337 argento,
1068 2255 1237 2320 uestimen-

140 2382 149 2397 ·
205 2368 310 2453 lisque
324 2366 547 2450 multiplicibus
561 2365 708 2428 nobiliter
721 2365 897 2430 adornauit.
924 2366 992 2449 ipse
1006 2387 1085 2433 uero
1100 2388 1157 2432 rex
1171 2368 1238 2453 epi·

206 2482 316 2564 scopia
336 2499 438 2562 nuper
457 2479 595 2560 incepta,
616 2487 679 2540 tam
699 2476 845 2541 uidelicet
865 2477 964 2559 ipsam
985 2478 1238 2563 archiepiscopa-

205 2590 285 2664 lem,
305 2610 399 2673 quam
413 2609 522 2652 omnes
542 2588 738 2672 episcopales
754 2587 911 2662 ecclesias,
933 2587 1157 2671 amplissimam
1172 2591 1236 2653 sin·

206 2702 288 2787 gulis
310 2703 472 2784 assignans
491 2700 657 2773 diocesim,
679 2708 710 2762 ct
730 2699 899 2781 unicuique
919 2720 1045 2781 semper
1069 2701 1235 2783 preficiens

205 2812 355 2877 idoneum
378 2809 552 2893 presulem,
573 2809 666 2872 simul
687 2829 758 2873 cum
773 2810 921 2885 abbaciis,
941 2808 1060 2893 prediis
1079 2817 1111 2874 et
1131 2812 1235 2886 curiis,

207 2922 331 2989 familiis
360 2932 393 2987 et
418 2921 592 2985 redditibus
619 2919 807 3004 regulariter
834 2921 998 3004 disposuit.
1032 2922 1179 2989 crucibus
1204 2930 1236 2985 et

206 3036 290 3101 uuus
312 3034 442 3117 aliisque
463 3030 709 3117 supellectilibus
727 3031 768 3095 ad
786 3032 994 3097 ministerium
1009 3033 1061 3098 dei
1075 3034 1236 3117 pertinen·

205 3148 299 3222 abus,
327 3145 501 3211 secuudum
527 3145 613 3228 quod
638 3144 809 3228 unicuique
834 3164 915 3227 opus
939 3144 1013 3220 suit,
1041 3130 1236 3221 sufficienter

205 3257 385 3332 decorauit,
406 3265 439 3320 et
457 3253 588 3338 singulis
603 3256 710 3330 annis,
731 3256 881 3338 quamdiu
901 3255 1037 3331 aduixit,
1058 3276 1190 3320 munera
1204 3263 1235 3319 et

205 3369 384 3437 oblaciones
414 3366 663 3450 superaugebat,
695 3386 736 3430 ne
761 3366 879 3450 aliquid
900 3366 1095 3430 extrinsecus
1121 3387 1235 3450 quere·

203 3490 291 3556 rent,
317 3481 370 3564 qui
392 3478 497 3543 officio
517 3479 684 3542 sanctuarii
706 3485 865 3562 preerant.
892 3477 1118 3542 monachorum
1139 3477 1234 3542 uitam

204 3600 237 3658 et
250 3591 527 3655 conuersacionem
549 3611 632 3654 nunc
655 3610 714 3673 per
727 3589 824 3663 alios,
845 3608 930 3653 nunc
944 3589 1166 3670 perseipsum
1180 3608 1234 3651 ex·

203 3698 370 3788 plorando,
391 3700 556 3785 diligenter
571 3700 785 3773 examinabat,
807 3706 967 3781 torpentes
981 3716 1129 3779 arguens,
1152 3695 1232 3777 uigi-

202 3813 250 3879 les
269 3813 329 3878 sub
349 3813 520 3879 dilectione
541 3814 746 3877 constituens.
779 3809 1001 3872 canonicorum
1023 3805 1232 3870 ministerium

202 4038 453 4113 commendabat,
466 4035 639 4100 secundum
653 4032 830 4117 apostolum
840 4030 985 4095 omnibus
999 4029 1105 4095 omnia
1118 4029 1231 4109 lactus,

202 4159 238 4220 ut
250 4169 361 4251 omnes
374 4144 583 4215 lucrifaceret
