2798 4764
403 338 541 389 aroma
561 342 661 388 ceses
682 342 893 390 mesaneos
915 322 994 409 (2⁰).
1173 320 1213 391 21

264 609 330 692 (w)
366 611 501 687 Qualiter
524 621 627 673 contro
648 610 751 688 Bydor
775 603 895 672 enumera
918 619 968 672 ert.
1022 609 1112 672 Missi
1136 628 1214 673 uero

182 724 289 805 Arpad
308 722 422 794 ducis,¹
435 722 564 785 Usubuu
588 729 620 784 et
633 721 746 796 Ueiuc,
774 722 904 784 fluuium
919 721 1042 784 Thiscie
1064 722 1096 782 in
1119 729 1214 804 portu

182 836 268 916 any
290 834 622 914 transnauigaunrunt,
653 841 684 894 et
703 834 776 896 hinc
801 833 922 915 egressi
943 827 980 894 in'
998 840 1132 896 castrum
1153 833 1214 917 135-

181 946 241 1009 hor
262 945 444 1019 uenientes,
466 946 579 1008 ducem
598 937 825 1008 Menumorout
840 943 1073 1018 salutauerunt,
1101 952 1133 1009 et
1155 945 1212 1009 do}

181 1060 284 1131 naria,
305 1079 367 1140 qne
380 1059 443 1119 dux
458 1078 566 1119 eorum
583 1057 719 1130 miserat,
741 1059 770 1121 ei
784 1066 1058 1140 presentauerunt.
1081 1048 1216 1122 tandein

181 1190 258 1233 uero
280 1171 428 1233 mandata
451 1171 557 1252 Arpad
580 1170 668 1232 ducis
693 1171 722 1231 ei
751 1161 942 1244 referentes,
972 1178 1086 1234 terrain
1119 1190 1213 1252 quarn

179 1282 467 1365 prenominauirnus
491 1281 744 1362 postulauerunt.
778 1284 842 1344 dux
866 1291 969 1344 autem
991 1283 1214 1346 Menumorout

182 1414 236 1456 eos
257 1394 394 1476 benigne
415 1393 550 1474 recepit,
579 1402 610 1455 et
625 1392 757 1455 diuersis
780 1393 870 1455 donis
891 1394 1017 1466 ditatos,
1041 1393 1140 1456 tercia
1161 1390 1225 1456 die‘

183 1507 355 1588 repatriare
375 1505 526 1587 precepit.
556 1506 669 1586 quihus
691 1513 795 1566 tanen
819 1504 860 1566 itu
881 1495 1065 1586 respondit,
1085 1504 1211 1568 dicenst

183 1619 277 1681 dicite
294 1618 433 1699 Arpadio
456 1617 527 1679 doci
546 1617 721 1698 Hungarie,
751 1617 878 1680 domino
898 1625 1020 1679 nostro:
1050 1617 1211 1681 debitores

183 1749 288 1793 snmus
309 1729 339 1792 ei
360 1737 393 1791 ut
415 1729 532 1791 amicus
555 1730 672 1803 arnico,
698 1730 730 1791 in
749 1719 892 1792 omnibus
908 1750 970 1812 que
986 1731 1015 1792 ei
1030 1731 1211 1794 necessaria

184 1849 269 1915 runt,
296 1841 371 1924 qnia
392 1841 510 1922 hospes
532 1841 626 1903 horno
645 1852 693 1906 est
714 1852 745 1905 et
763 1843 795 1904 in
815 1842 919 1905 meritis
937 1843 1073 1925 indiget,
1094 1851 1211 1907 terram

183 1964 286 2016 auten
296 1973 390 2036 quam
405 1952 516 2035 petiuit
529 1973 548 2014 a
562 1962 668 2017 nostra
682 1955 800 2035 gracia,
815 1954 993 2017 nutlatenus
1008 1949 1210 2018 concedimus

182 2064 272 2126 nobis
285 2064 478 2126 uiuentibus.
498 2064 559 2125 hoc
575 2066 672 2127 eciam
686 2065 814 2147 indigne
829 2066 965 2140 tulimus,
979 2068 1065 2149 quod
1079 2066 1211 2129 Seianus

183 2178 244 2238 dux
269 2176 298 2238 ei
320 2176 478 2238 concessit
495 2177 660 2239 maximam
682 2185 817 2251 terram,
846 2185 900 2240 aut
922 2186 1052 2260 propter
1070 2198 1209 2242 amorem

182 2298 215 2351 ut
228 2290 352 2362 dicitur,
373 2298 427 2350 aut
448 2297 577 2369 propter
590 2289 734 2351 timorem
755 2290 841 2370 qnod
861 2296 1005 2370 negatur.
1032 2308 1091 2350 nos
1106 2298 1209 2352 autern

182 2420 239 2464 nec
260 2407 392 2482 propter
406 2419 543 2462 amorem
567 2419 625 2462 nec
649 2408 778 2479 propter
793 2400 935 2461 timorem
959 2399 988 2460 ci
1010 2387 1211 2461 concedimus

182 2523 313 2587 terram,
336 2515 433 2576 eciam
452 2522 604 2595 quantum
628 2513 764 2595 pugillus
786 2522 928 2594 caperet,
949 2511 1024 2575 licet
1036 2512 1149 2574 dixerit
1163 2513 1211 2575 ius

182 2648 269 2690 snum
286 2647 368 2688 esso.
398 2636 428 2689 et
442 2627 540 2689 ererba
555 2645 689 2688 sunnon
704 2624 893 2688 conturbant
908 2625 1043 2687 animum
1059 2631 1211 2700 nostrum,

182 2758 221 2802 eo
234 2740 321 2821 qnod
337 2739 533 2801 mandauerit
548 2739 637 2800 nolis
652 2758 685 2801 se
702 2738 904 2800 descendisse
919 2738 958 2799 de
978 2757 1095 2819 genere
1107 2726 1210 2800 Athiie

182 2852 276 2932 regis,
289 2851 345 2933 qui
359 2850 515 2931 flagellum
532 2850 581 2911 dei
597 2850 769 2922 dicebatur,
781 2849 833 2931 qui
848 2850 946 2911 eciam
961 2849 1100 2912 uiolenta
1114 2839 1208 2912 manu

182 2969 330 3042 rapuerat
345 2969 459 3024 terram
476 2960 558 3022 hanc
573 2963 613 3022 ab
628 2970 722 3024 atauo
736 2980 823 3034 meo,
851 2961 909 3024 sed
922 2969 1027 3024 tamen
1043 2944 1137 3023 ruodo
1152 2980 1210 3043 per

182 3075 317 3157 graciam
333 3074 451 3136 dornini
472 3075 532 3135 ruci
547 3074 744 3155 imperatoris
759 3073 1092 3157 Constantinopolitani
1116 3093 1208 3137 nemo

183 3185 297 3267 poterit
318 3185 443 3248 auterre
463 3186 503 3246 de
524 3185 666 3247 manibus
683 3185 770 3272 meis.
792 3194 824 3246 et
837 3186 898 3249 hoc
914 3186 996 3248 dicto
1011 3185 1098 3248 dedit
1112 3186 1158 3248 eis
1173 3185 1209 3247 ti·

182 3297 323 3364 cencium
337 3298 519 3359 recedendi.
541 3304 615 3358 tunc
630 3297 759 3359 Usubuu
773 3306 805 3359 et
820 3297 913 3360 Uelec
931 3297 1027 3379 legati
1049 3296 1137 3359 ducis
1151 3296 1210 3357 Ar-

182 3410 245 3491 pad
258 3428 353 3472 cursu
368 3408 513 3471 celeriori
535 3409 574 3470 ad
596 3409 757 3471 dominnm
778 3428 866 3471 serum
889 3412 1158 3489 properauerunt,
1179 3414 1211 3471 et

183 3522 347 3584 uenientes
371 3521 517 3582 mandata
539 3520 760 3583 Menumorout
782 3519 909 3581 domino
932 3536 989 3579 suo
1013 3517 1085 3580 duci
1104 3517 1209 3600 Arpad

181 3630 366 3695 retulerunt.
395 3631 501 3712 Arpad
516 3649 594 3692 nero
615 3633 679 3692 dux
700 3639 732 3691 et
752 3630 800 3692 sui
821 3630 944 3693 nobiles
957 3628 1019 3693 hoc
1034 3629 1208 3708 audientes,

181 3742 346 3806 iracundia
360 3743 444 3803 ducti
459 3748 549 3814 snut,
571 3749 603 3804 ct
617 3742 719 3804 statim
735 3749 845 3805 contra
859 3761 930 3806 eum
946 3743 1117 3805 exercitum
1139 3741 1210 3805 mit·

180 3862 248 3917 tere
269 3853 506 3916 ordinauerunt.
536 3861 608 3914 tunc
633 3854 879 3926 constituerunt,
908 3854 994 3934 quod
1009 3853 1094 3915 Tosn
1118 3860 1210 3933 pater

181 3964 278 4037 Lelu,
298 3963 481 4027 etZobolsu
500 3962 583 4027 filius
596 3963 714 4038 Eleud,
742 3983 839 4047 aquo
861 3983 960 4045 genus
978 3963 1057 4024 Saac
1078 3963 1211 4027 descen·

183 4075 241 4150 dit,
261 4095 323 4139 nec
344 4094 409 4138 non
421 4075 579 4139 Tnhutum
601 4083 692 4157 pater
712 4076 834 4148 Horca,
855 4093 933 4137 auus
947 4072 1048 4138 Geula
1069 4080 1101 4137 et
1119 4076 1211 4137 Zurn-

180 4187 251 4267 bcr,
279 4187 432 4273 equuus
452 4206 552 4276 genus
570 4184 692 4274 Moglut
711 4173 1001 4262 descendit,irent.
1026 4184 1081 4274 qui
1100 4203 1171 4249 cum
1190 4201 1210 4252 t
