2798 4764
213 308 275 377 iii
321 328 452 377 asum
462 330 496 375 u.
509 328 711 375 scaturrirent
725 329 766 373 ns
780 328 986 376 neronuaxoo
1000 328 1113 375 senso.
1155 313 1245 378 teet.

215 494 247 549 et
267 485 416 567 magistro
439 484 665 565 Cognosoenti,
694 485 847 548 canonico
878 486 1100 567 strigoniensi,
1130 488 1244 548 nuncio

215 606 247 660 et
268 596 431 679 capellano
456 595 589 678 predicti
611 596 728 657 domini
751 597 862 678 legati,
889 597 958 658 nice
983 617 1019 659 ae
1042 598 1167 659 nornine
1184 600 1245 658 lio-

217 726 309 769 mane
332 705 466 769 ecclesie
481 715 512 768 et
527 707 664 768 omnium
685 707 887 768 eeclesiarum
905 708 1055 790 Utrgarie,
1076 718 1187 789 sponte
1209 729 1244 771 ae

216 820 332 883 deuote
346 819 413 881 sine
430 819 632 891 condicione,
648 820 734 880 tactis
752 821 957 881 saerosanctis
977 820 1151 901 euangeliis
1172 842 1245 901 pro-

216 932 366 994 mittimus
381 932 573 1004 scieramus,
595 932 678 1012 qnod
702 931 731 991 in
748 931 891 992 omnibus
915 940 946 992 et
968 932 1142 1011 peremnia
1164 933 1245 992 bona

216 1042 280 1107 iide
295 1045 469 1107 tenebimus
491 1055 521 1107 et
540 1044 777 1106 obseruabimus
798 1064 880 1105 nuuc
896 1052 926 1105 ct
942 1044 972 1103 in
988 1043 1124 1105 futurum
1141 1046 1245 1104 onrnia

218 1162 251 1219 et
271 1153 393 1237 singula
417 1155 553 1237 capitula
583 1155 762 1236 supradicta
790 1175 846 1218 nos
869 1156 1048 1237 tongeneia,
1076 1165 1107 1217 ct
1132 1156 1163 1215 in
1192 1156 1245 1228 iis,

220 1286 282 1350 que
295 1275 428 1350 tangunt
446 1267 619 1348 predictum
634 1266 794 1328 dominum
817 1275 955 1328 nostrum
971 1287 1094 1346 regern,
1114 1287 1247 1347 presen-

218 1387 281 1443 tem
304 1379 355 1442 uei
379 1378 472 1442 atium
495 1380 548 1462 qui
571 1400 626 1460 pro
653 1388 792 1462 tempore
813 1380 920 1452 fuerit,
943 1378 1087 1441 dabimus
1108 1379 1246 1440 studiose

220 1510 364 1573 operam,
385 1492 536 1574 rogando,
557 1491 729 1565 hortando,
750 1491 943 1554 consulendo
958 1490 990 1552 in
1006 1490 1149 1552 omnibus
1165 1491 1246 1552 bona

220 1604 301 1677 tide,
333 1610 488 1685 quatenus
517 1603 621 1664 omnia
654 1612 685 1665 et
716 1602 839 1684 singula
863 1602 998 1684 capitula
1023 1602 1248 1682 suprascripta,

221 1712 350 1796 impleat
365 1715 487 1794 penitus
510 1723 539 1776 et
555 1714 712 1776 obserant.

303 1824 394 1887 Anno
413 1825 451 1886 ab
470 1823 691 1886 incarnacione
712 1825 749 1885 D.
764 1824 799 1884 N.
814 1825 837 1884 t.
855 1822 889 1885 C.
909 1822 1135 1885 ttccxxxut.
1167 1823 1248 1882 Pon·

222 1933 295 1998 ufic.
318 1934 435 1996 domini
457 1934 599 2016 Gregorii
622 1936 655 1997 P.
668 1936 702 1996 P.
716 1935 770 1995 tx.
792 1954 874 1996 anno
896 1938 1040 2015 septimo,
1062 1935 1112 1995 die
1129 1933 1249 1995 duode-

222 2045 315 2121 einro,
337 2055 471 2109 exeunte
487 2048 641 2129 nogium,
663 2046 790 2108 iuerrrnt
806 2047 864 2109 iste
878 2046 1011 2108 feliciter
1025 2053 1103 2118 aeta,
1126 2047 1156 2106 in
1173 2063 1248 2105 eorr-

223 2158 347 2223 sistorio
358 2159 489 2240 predicti
504 2159 621 2221 domini
633 2159 756 2221 Andree
772 2158 866 2221 incliti
880 2158 963 2239 regis
974 2157 1117 2237 Uirgarie,
1133 2156 1249 2218 ibidem

224 2270 421 2352 presentibus
450 2270 684 2332 uenerabilibus
712 2269 800 2331 Cleto
828 2267 991 2350 Agr-iensi,
1029 2266 1250 2329 liar-tholomeo

224 2378 448 2461 Uesprimieusi
466 2381 640 2463 episcopis,
662 2390 694 2443 et
707 2380 798 2442 dictis
812 2378 1030 2461 iobagionibus
1052 2387 1124 2439 tune
1147 2379 1251 2439 iuran-

224 2491 325 2563 tibus,
346 2499 377 2552 et
392 2488 546 2553 tttchrete
569 2490 727 2571 preposito
748 2489 925 2572 Tp·tulerrsi,
948 2488 1113 2549 [incensio
1135 2488 1169 2548 Α.
1186 2488 1252 2549 dia-

227 2620 308 2664 cono
323 2603 523 2675 Sasuarensi,
544 2603 692 2664 lacobino
711 2603 750 2664 dc
765 2612 874 2663 sancto
890 2600 1078 2673 benedicto,
1100 2601 1251 2661 canonico

183 2740 191 2753 ·
229 2712 428 2785 Cenadiensi,
448 2722 479 2774 et
493 2714 560 2774 atiis
581 2714 667 2795 regni
683 2712 838 2774 nobilibus
854 2733 944 2793 quarn
960 2712 1100 2794 pluribus
1116 2711 1252 2773 existen·

228 2822 310 2885 tibus
325 2822 356 2883 in
373 2822 485 2883 eodem
501 2823 704 2897 consistorio,
724 2824 757 2884 in
778 2822 857 2884 silua
872 2844 933 2903 que
949 2824 1126 2885 nominatur
1142 2824 1253 2903 Bereg.
