2798 4764
565 1012 743 1096 lllllllllAE
766 1012 798 1096 ll
833 1011 955 1096 lllllllS

503 1185 1021 1277 tURnMENTUM

745 1360 785 1403 os

248 1478 524 1545 REPORMANDO
539 1478 674 1545 llEGNO
688 1480 727 1543 ΙΝ
741 1479 857 1543 stuta
872 1478 1004 1541 BEREG
1025 1472 1276 1539 PllAESTlTUM.

656 1618 870 1683 mccxxxu

548 1791 573 1843 R
591 1794 695 1856 nasto
713 1788 836 1843 tubulorii
848 1789 976 1841 Vsticeul.

332 2049 429 2115 Vobis
452 2050 578 2114 domine
599 2051 727 2125 lacohc,
756 2050 939 2114 Preuestine
957 2046 1075 2122 electe,
1104 2046 1277 2130 apostolice

248 2160 333 2225 sedis
347 2161 467 2245 legate,
488 2161 558 2225 uice
581 2169 613 2225 et
627 2162 754 2225 nomine
769 2160 909 2225 Romane
933 2160 1065 2225 ecclesie
1087 2168 1118 2223 et
1137 2159 1276 2221 omnium

248 2272 454 2337 ecclesiarum
476 2274 620 2357 luparie.
646 2292 705 2337 nos
724 2273 866 2336 Andreas
888 2292 945 2337 rex
960 2270 1121 2355 ilungarie
1140 2272 1279 2333 iuramus

249 2386 289 2449 ad
310 2394 417 2449 sancta
431 2384 482 2448 dei
502 2383 683 2469 euangelia,
705 2385 810 2449 omnia
832 2393 863 2449 et
882 2382 1005 2467 singula
1028 2382 1161 2465 capitula
1181 2381 1279 2444 inira-

248 2498 364 2579 scripta
384 2497 568 2573 obseruare,
590 2506 762 2563 statuentes
778 2518 817 2561 ca
835 2496 938 2561 aliliis
955 2496 1069 2560 nostris
1084 2505 1115 2559 et
1130 2514 1148 2556 a
1163 2494 1279 2558 nostris

248 2606 485 2671 successorihus
504 2608 536 2670 iu
559 2617 746 2690 perpetuum
770 2608 932 2671 obseruari
953 2616 985 2671 et
1005 2606 1037 2669 iu
1053 2605 1139 2669 nullo
1154 2614 1279 2667 cuntra-

248 2720 379 2793 uenire,
401 2740 588 2803 quacunque
603 2721 788 2795 occasione,
811 2720 862 2783 uel
879 2718 1022 2783 fraudem
1037 2718 1232 2782 committere
1247 2716 1279 2778 in

249 2826 312 2901 eis,
334 2829 410 2912 quin
423 2829 514 2903 fiant,
535 2831 616 2894 sicut
635 2831 765 2893 iuferius
782 2830 991 2895 continentur.
1023 2842 1053 2894 et
1069 2831 1279 2914 precipiemus

249 2941 394 3003 omnibus
416 2942 547 3004 subditis
572 2942 687 3005 nrrstris
710 2943 741 3005 iu
762 2963 861 3028 reguo
884 2951 1002 3017 nostro,
1024 2944 1110 3027 quod
1126 2943 1231 3006 omnia
1249 2950 1281 3004 et

249 3053 373 3135 singula
397 3054 576 3117 obseruent.
610 3054 680 3117 etsi
696 3055 749 3137 qui
765 3054 863 3118 nostri
879 3054 1018 3118 mandati
1034 3063 1280 3136 transgressores

249 3164 423 3238 extiterint,
444 3166 525 3228 sicut
538 3166 695 3238 decuerit,
716 3165 893 3248 puniemus.
915 3173 946 3229 et
961 3166 1112 3229 iaciemus
1126 3165 1206 3227 lilios
1222 3183 1280 3225 nu·

248 3283 330 3338 stros
351 3283 382 3338 et
403 3277 608 3360 iohbagiones
628 3277 748 3351 iurare,
776 3278 950 3341 secundum
971 3277 1056 3360 quod
1078 3275 1209 3339 interius
1238 3276 1278 3337 (le

248 3386 427 3451 loramento
442 3408 550 3451 coruru
566 3388 754 3452 continetur.
776 3387 919 3470 Capitula
934 3394 1036 3452 eutem
1052 3397 1124 3451 sunt
1138 3388 1215 3450 hec:

333 3502 392 3575 (1)
413 3501 537 3573 ludens,
559 3502 748 3564 Sarracenos
763 3501 830 3564 siue
845 3501 1016 3564 ismaelitas
1039 3501 1078 3561 rle
1095 3509 1199 3562 cetero
1215 3520 1277 3561 non

249 3610 448 3694 preficiemos
468 3620 574 3675 nostre
593 3632 734 3687 camere,
755 3621 901 3687 monete,
923 3612 1051 3686 salibus,
1072 3611 1211 3675 collectis
1226 3612 1278 3674 uel

250 3719 407 3803 aliquibus
428 3722 559 3803 publicis
580 3722 703 3798 officiis,
723 3744 782 3787 nec
796 3724 1022 3787 associabimus
1043 3745 1098 3787 eos
1121 3723 1280 3805 prefectis,

249 3852 310 3897 uec
330 3833 362 3895 iu
385 3832 529 3897 fraudem
551 3833 668 3918 aliquid
688 3836 857 3911 iaciemus,
881 3838 1117 3920 propterquod
1140 3836 1180 3899 ab
1202 3835 1279 3919 ipsis

249 3944 372 4028 possint
385 3944 519 4027 opprimi
534 3944 710 4010 Christiani.

332 4056 389 4131 (2)
408 4056 487 4119 ltem
501 4076 560 4119 uec
573 4058 790 4139 permittemus
801 4058 833 4122 in
845 4067 911 4124 toto
921 4080 1021 4143 regno
1033 4069 1141 4124 nostro
1152 4061 1278 4135 ludens,

249 4166 440 4233 Saracenos
459 4169 512 4235 uel
523 4170 694 4235 lsmetlitas
706 4170 817 4257 prefici
830 4171 922 4237 elicui
935 4172 1064 4259 publico
1077 4171 1196 4237 otiicio.
