2798 4764
226 317 288 386 346
425 335 548 385 smirci
568 335 735 385 nccncrou
757 337 936 385 cononum
957 329 1057 383 neers.

311 491 388 570 (45)
403 492 529 556 Denarii
545 502 615 558 octo
626 492 680 576 qui
696 495 736 559 de
749 491 857 557 liberis
871 492 1001 575 singulis
1016 491 1255 575 colligebantur,

228 607 355 670 amodo
377 626 441 669 non
455 607 658 688 accipiantur.
684 608 723 670 de
745 606 888 670 ciuilibus
909 581 1160 669 hebdomadariis
1183 614 1254 669 octo

229 718 376 782 denarios
400 719 590 801 precipimus
621 718 743 802 colligi,
775 719 857 782 iuter
883 739 961 799 quos
991 717 1110 781 scilicet
1133 718 1159 780 si
1184 717 1254 799 quis

226 831 317 906 liher,
337 851 402 893 non
424 851 443 893 a
463 852 555 914 rege,
576 833 634 895 sed
653 832 692 895 ah
715 832 812 913 ipsius
828 832 960 894 ciuibus.
989 831 1015 893 si
1029 840 1134 894 autem
1150 830 1255 903 liberi,

228 944 282 1027 qui
296 944 364 1026 regi
379 943 529 1025 perfines
546 964 654 1006 eorum
670 942 898 1026 transmigranti
916 963 1032 1024 equos,
1054 962 1166 1004 currus
1181 942 1256 1004 suh-

228 1054 388 1119 ductories
408 1064 438 1117 et
459 1055 592 1118 seruicia
615 1055 818 1137 stipendiaria
839 1055 1096 1137 suppeditabant,
1121 1064 1255 1136 quatuor

227 1167 374 1233 denarios
390 1167 579 1248 persulcant.
602 1176 633 1229 et
646 1166 788 1229 similiter
803 1165 902 1239 liberi,
917 1166 1053 1249 quicum
1068 1165 1114 1228 eis
1126 1166 1256 1227 cohahi-

226 1287 294 1342 tare
310 1280 542 1353 consenserint‚
564 1286 656 1341 antea
670 1287 793 1341 exeant.

310 1391 389 1469 (46)
411 1391 524 1474 Siquis
538 1391 712 1454 Ismaelitas
727 1392 757 1453 in
774 1391 891 1454 ieiunio
903 1412 959 1454 seu
975 1390 1166 1453 comestione
1182 1410 1255 1472 por·

227 1505 297 1568 cine
312 1525 439 1588 quoque
455 1504 556 1566 caruis
572 1505 748 1577 uescencia,
770 1505 821 1566 uel
836 1503 867 1565 in
883 1502 1047 1566 ablucione
1062 1512 1115 1565 aut
1129 1504 1160 1565 in
1176 1524 1255 1584 quo·

226 1616 304 1680 libet
317 1636 373 1679 sue
388 1624 473 1679 secte
489 1616 628 1678 facinore
641 1614 905 1698 deprehenderit,
927 1614 1061 1678 lsmalite
1076 1616 1142 1697 regi
1155 1616 1255 1697 depu-

227 1737 342 1793 tentur.
373 1727 426 1811 qui
442 1725 517 1790 ue'ro
533 1748 587 1790 eos
603 1729 787 1802 accusabat,
809 1729 848 1790 de
863 1727 1044 1790 substancia
1058 1747 1168 1789 eorum
1185 1747 1255 1808 par·

225 1840 445 1921 temaccipiat.

310 1952 392 2027 (47)
415 1951 586 2034 Unicuique
600 1950 672 2016 uille
685 1952 910 2015 ismaelitarum
921 1951 1084 2016 ecclesium
1097 1951 1254 2026 edificare,

228 2064 267 2127 de
283 2064 458 2146 eademque
473 2063 548 2126 uilla
563 2065 667 2125 dotem
685 2065 760 2127 dare
781 2064 982 2145 precipimus.
1012 2085 1074 2146 que
1089 2074 1254 2146 postquam

225 2175 370 2239 edificata
383 2175 488 2250 tuerit,
509 2176 612 2238 media
628 2196 697 2257 pars
717 2174 790 2239 uille
808 2177 1033 2239 Ismaelitarum
1055 2177 1162 2238 uillam
1177 2178 1254 2238 emi-

226 2297 311 2372 gret,
335 2287 442 2370 sicque
457 2288 640 2351 altrinsecus
655 2290 803 2361 sedeant,
825 2297 855 2350 et
876 2287 965 2371 quasi
988 2289 1081 2350 unius
1104 2289 1201 2350 moris
1222 2289 1254 2350 in

227 2399 335 2474 domo,
364 2420 446 2461 nunc
468 2399 631 2461 nobiseum
654 2400 684 2461 in
707 2420 769 2462 una
790 2401 965 2482 eademque
986 2398 1121 2463 ecclesia
1140 2400 1253 2463 Christi

225 2510 258 2573 in
273 2511 380 2573 diuina
394 2511 583 2573 unanimiter
597 2511 778 2574 consistent.

307 2622 386 2697 (48)
408 2623 635 2684 {smaelitarum
647 2643 723 2685 uero
736 2623 840 2686 nullus
852 2624 965 2686 audeat
976 2622 1070 2685 silium
1084 2644 1171 2686 suam
1183 2623 1253 2686 iun-

226 2753 300 2817 gere
316 2733 516 2796 matrimonio
531 2734 663 2796 alicuius
679 2736 717 2796 de
733 2744 826 2817 gente
841 2756 914 2808 sua,
936 2737 992 2798 sed
1008 2747 1122 2800 nostru.

308 2845 389 2921 (49)
411 2845 442 2907 Si
458 2846 527 2926 quis
543 2847 768 2909 lsmaelitarum
789 2847 928 2929 hospites
949 2848 1109 2922 habuerit,
1131 2848 1182 2911 uel
1197 2848 1252 2910 ali-

226 2975 319 3039 quem
342 2957 373 3017 in
398 2956 577 3018 conuiuium
600 2959 793 3039 erogauerit‚
821 2967 883 3021 tom
905 2959 973 3040 ipse
995 2979 1087 3040 quam
1115 2960 1250 3023 conuiue

225 3067 292 3131 eius
308 3069 346 3130 de
362 3065 492 3149 porcina
505 3076 625 3130 tuntum
644 3088 738 3131 carne
754 3079 933 3132 uescantur.

307 3181 387 3255 (50)
409 3179 441 3240 Si
464 3179 534 3261 quis
559 3179 715 3241 homicida
739 3189 813 3263 aput
835 3181 980 3244 comitem
1005 3184 1056 3246 uel
1081 3182 1251 3265 quemlibet

223 3290 411 3366 inueniatur,
434 3311 490 3373 per
503 3291 650 3353 nuncium
663 3292 803 3374 episcopi
819 3294 857 3355 ad
872 3293 1081 3375 penitenciam
1093 3303 1250 3376 queratur,

225 3423 317 3486 quem
338 3402 364 3465 si
385 3403 507 3466 mittere
529 3403 684 3477 renuerit,
707 3405 818 3466 eodem
833 3424 902 3468 cum
918 3405 1075 3468 homicida
1089 3406 1251 3469 sentencia

222 3513 360 3578 feriatur.

304 3621 472 3689 patricidia
485 3636 516 3690 et
529 3636 707 3711 ceteraque
723 3629 971 3711 pretitulauimus
986 3628 1156 3692 homicidia
1168 3628 1250 3710 epis-

222 3755 374 3816 coporum
390 3757 523 3800 censure
539 3758 650 3800 uacare
666 3739 874 3813 decreuimus,
896 3742 948 3822 qui
969 3741 1053 3803 iuxta
1068 3740 1249 3823 qualitatem

221 3845 394 3909 facinorum
415 3858 445 3911 et
460 3870 685 3930 personarum,
708 3862 800 3934 prout
813 3853 890 3934 ipsis
905 3855 1007 3916 uisum
1024 3854 1134 3926 luerit,
1155 3873 1250 3915 cano·

219 3959 290 4022 nice
304 3958 461 4033 finiantur,
482 3959 634 4043 simplicia
655 3984 733 4027 uero
755 3965 937 4028 huiusmodi
960 3966 1130 4030 homicidia
1144 3967 1184 4028 ab
1199 3984 1250 4026 ar·

220 4071 407 4134 chidiacono
428 4081 460 4135 et
480 4073 583 4136 iudice
601 4075 736 4138 seculari
751 4076 937 4151 iudicentur,
959 4078 998 4140 de
1015 4078 1127 4158 quihus
1144 4087 1174 4141 et
1189 4077 1248 4161 ipsi

219 4202 336 4248 nonam
351 4192 382 4248 et
396 4182 549 4248 decimam
562 4194 685 4270 partem
699 4186 782 4253 inter
795 4208 830 4253 se
846 4187 1046 4273 disperciant.
