2798 4764
376 360 515 409 monui
535 362 636 408 cesus
657 361 866 409 nuucuouuu
885 345 965 422 (³2).
1146 347 1187 411 D

242 629 313 705 (32)
337 630 492 692 liecestre
509 627 622 694 llrmur
635 641 662 691 et
673 631 767 711 (lusio
781 629 874 709 Epor.
916 631 1027 695 Postea
1047 632 1110 695 dux
1131 632 1189 695 Ar·

155 741 219 824 ped
233 750 266 805 et
279 741 330 804 sui
343 741 465 805 nobiles
479 741 552 802 hinc
567 741 702 823 egressi,
717 742 883 804 uenientes
894 763 995 825 usque
1006 744 1046 808 cd
1056 744 1186 807 lluuium

154 855 288 936 Nerua,
314 863 347 916 et
367 861 468 916 cestre
489 855 597 916 metati
623 862 697 916 suut
723 854 810 916 iuxta
832 853 950 916 riuulos
971 864 1138 935 eqourum,
1168 876 1188 922 ι

155 967 226 1029 loeo
246 964 301 1029 illo
322 967 376 1047 qui
401 946 483 1029 nunc
506 965 618 1028 dicitur
639 965 731 1029 Casu.
772 965 825 1028 ubi
848 965 945 1029 eciam
968 965 1056 1029 dedit
1075 977 1188 1031 terrum

156 1097 303 1160 magnum
326 1077 517 1140 Ousadunec
542 1078 621 1158 putri
648 1078 782 1150 Ursuur,
814 1087 846 1139 ct
871 1077 914 1138 ibi
940 1087 1048 1158 posteo
1075 1079 1189 1142 Ursuur

156 1189 241 1253 lilius
262 1188 332 1253 eius
348 1190 389 1251 od
411 1197 503 1269 caput
521 1189 664 1252 eiusdem
685 1189 820 1251 lluminis
842 1198 978 1251 castrum
1001 1190 1188 1267 construxit,

157 1302 245 1383 quod
259 1318 344 1365 nunc
357 1310 494 1364 castrum
510 1301 628 1364 Ursuur
640 1310 846 1382 nuncupetur.
874 1302 947 1364 hinc
962 1321 1040 1364 uero
1055 1301 1120 1364 dux
1133 1303 1190 1365 Ar*-

158 1413 222 1494 pud
236 1421 268 1475 et
281 1412 330 1474 sui
344 1412 483 1492 egressi,
506 1421 663 1475 uenerunt
677 1432 777 1494 usque
791 1413 831 1475 ad
845 1413 975 1477 fluuium
990 1414 1085 1496 Egur,
1101 1421 1133 1475 et
1145 1413 1188 1476 ibi

161 1525 275 1606 perulis
288 1510 421 1605 tuguriis
438 1524 543 1606 plures
559 1525 626 1586 dies
641 1536 890 1606 permanserunt,
905 1534 937 1589 et
950 1534 1089 1589 montem
1101 1525 1187 1589 illum

160 1654 257 1716 super
269 1654 365 1716 quem
384 1635 456 1696 duci
472 1634 579 1697 folieta
598 1634 756 1709 iecerunt,
777 1638 1019 1702 nominnuerunt
1031 1638 1187 1703 Zenuhol·

159 1767 230 1819 mu,
250 1756 283 1810 et
294 1754 395 1809 cestre
410 1767 522 1809 eurum
536 1717 661 1810 idemut
679 1748 809 1812 alluuie
822 1749 950 1812 l'storos
965 1769 1067 1831 usque
1082 1751 1121 1814 ed
1136 1769 1188 1824 cn,-

159 1868 259 1921 slrum
269 1859 432 1921 Puroelou.
455 1858 569 1921 deiude
583 1859 700 1940 egressi
717 1869 871 1921 uenerunt
885 1880 986 1942 usque
1000 1860 1041 1923 ad
1055 1862 1187 1924 fluuium

159 1973 281 2052 logon,
301 1979 334 2033 et
347 1980 447 2032 castre
466 1970 572 2033 metuti
592 1978 665 2032 sunt
686 1992 742 2053 per
761 1971 953 2052 crepidinem
970 1972 1110 2035 eiusdem
1129 1973 1189 2034 llu-

159 2083 264 2156 ιιιιίι,
285 2100 304 2145 ι
318 2082 444 2144 Thiscia
459 2101 558 2163 usque
573 2083 614 2144 ad
627 2082 740 2144 siluam
755 2084 870 2156 iletre,
891 2090 924 2145 et
942 2084 1190 2165 subiugouerunt

159 2194 220 2256 sibi
240 2213 352 2256 omnes
371 2192 563 2257 habitatores
587 2202 685 2268 terre,
716 2213 733 2255 u
757 2194 855 2258 Crisio
876 2196 1036 2278 usquead
1057 2196 1189 2259 fluuium

159 2309 264 2389 Zogea
286 2317 320 2370 et
333 2325 434 2388 usque
450 2307 489 2370 ed
504 2305 615 2369 situum
630 2308 741 2388 Zepus.
772 2314 844 2368 tunc
859 2307 923 2369 dux
937 2306 1041 2386 Arpad
1062 2306 1093 2367 in
1108 2306 1190 2370 silua

159 2419 260 2483 Hatra
282 2420 371 2483 dedit
394 2429 508 2482 terrum
530 2438 675 2500 magnam
696 2418 827 2480 Edunec
850 2426 882 2480 ct
902 2418 1115 2488 Edumernec,
1136 2416 1190 2481 uhi

134 2601 138 2609 ,
161 2541 271 2614 postea
285 2532 365 2595 l’otn
385 2552 485 2614 nepos
506 2551 616 2595 eorum
639 2537 775 2593 castrum
797 2527 982 2602 construxit,
1001 2549 1041 2591 ex
1056 2546 1190 2610 quorum

160 2645 260 2708 eciam
276 2643 428 2726 progenie
448 2643 544 2726 longo
559 2650 630 2725 post
645 2652 786 2725 tempore
801 2662 857 2704 rex
872 2640 998 2704 Samuel
1019 2640 1189 2719 descendit,

160 2756 217 2838 quui
231 2777 289 2838 pro
302 2775 360 2820 sue
373 2757 489 2838 pietate
505 2756 573 2820 Oba
588 2757 767 2819 uocabatur.

243 2979 314 3055 (33)
343 2980 387 3042 lle
400 2992 495 3044 cestro
509 2981 651 3060 Nottqrud
672 2992 698 3044 et
711 2981 811 3044 Nicro.
855 2981 890 3042 lu
905 2980 1025 3042 eisdem
1040 2978 1188 3060 tempori·

161 3092 220 3153 bus
240 3092 304 3154 dux
318 3093 439 3173 Arpad,
461 3093 534 3154 dum
549 3112 584 3154 se
599 3113 657 3174 per
672 3093 784 3155 milites
798 3113 872 3156 suos
887 3092 1019 3155 uidisset
1034 3090 1075 3154 ita
1091 3089 1187 3152 subli-

160 3214 279 3266 matum
302 3213 334 3268 et
355 3213 455 3268 tutum
476 3225 561 3278 esse,
583 3214 657 3268 tunc
676 3205 784 3269 habito
807 3205 889 3268 iuter
907 3224 943 3267 se
959 3200 1090 3266 consilio
1106 3201 1188 3264 misit

162 3313 276 3378 multos
289 3314 403 3378 milites
417 3315 450 3377 in
464 3316 717 3398 expedicionem,
732 3317 785 3400 qui
800 3317 1004 3399 subiugarent
1016 3314 1075 3376 sibi
1090 3332 1188 3395 popu·

160 3425 226 3489 lum
241 3427 281 3490 de
296 3436 397 3490 meno
412 3427 533 3492 Gumur
550 3439 582 3492 et
595 3431 751 3512 Nougred,
773 3438 805 3494 et
817 3429 844 3491 si
857 3428 983 3492 fortuna
997 3426 1043 3488 eis
1056 3426 1188 3500 irrueret,

160 3549 235 3603 tunc
256 3541 464 3603 ascenderent
484 3561 595 3605 uersus
615 3542 695 3605 fines
715 3542 919 3612 Boemorum‚
946 3556 1047 3620 usque
1071 3537 1111 3601 cd
1136 3555 1188 3601 ca·

159 3661 260 3714 utrum
275 3653 368 3716 Nitrn.
396 3652 510 3735 quibus
525 3653 624 3716 ecium
638 3652 787 3715 militibus
809 3653 841 3715 iu
855 3650 1095 3732 expedicionem
1110 3669 1187 3712 euu-

160 3762 245 3825 tibue
265 3763 422 3845 principes
444 3771 476 3825 et
497 3763 642 3827 ductores
661 3763 819 3827 constituit
840 3764 920 3826 duos
940 3760 1022 3824 lilios
1040 3759 1188 3823 auunculi

159 3873 211 3936 sui
231 3873 348 3948 iluiec,
370 3875 525 3938 Zuurdum
545 3883 577 3938 et
591 3874 763 3950 Cadusum,
783 3893 842 3937 nec
862 3893 926 3938 non
944 3874 1069 3936 llubum
1089 3890 1187 3935 unum

160 3987 202 4050 de
214 3985 436 4069 principalibus
456 3988 609 4069 personis.
638 3996 711 4051 lunc
723 3987 757 4051 hi
772 3994 835 4051 tres
851 3987 984 4062 domini,
1009 3995 1136 4068 acceptu
1148 3984 1188 4049 li·

159 4099 270 4164 cencia
290 4119 310 4164 ιι
331 4101 410 4163 duce
425 4101 547 4183 Arped,
575 4101 694 4184 egressi
716 4107 791 4164 sunt
809 4099 911 4164 eloco
928 4098 983 4162 illo
997 4099 1052 4181 qui
1075 4097 1188 4160 dicitur

159 4211 294 4288 imm,
314 4213 493 4297 equitans
514 4214 602 4320 iuxtt
614 4213 746 4279 nouum
758 4213 912 4297 Hunguu,
933 4219 965 4278 ct
978 4212 1114 4276 eundem
1128 4207 1188 4277 llus
