2798 4764
212 336 273 403 tet
315 354 402 403 rann
416 355 456 402 n.
470 352 560 402 anan
575 355 723 401 caesurae
738 353 895 399 uosmrou
910 352 941 398 nr
954 350 1115 397 raumara.
1145 329 1235 396 tata

293 508 357 590 (12)
380 510 472 584 Quod
487 510 512 571 si
527 510 622 571 iudex
637 518 799 590 suspectus
814 507 990 579 habebitur,
1011 514 1042 567 et
1057 515 1144 567 actor
1158 503 1237 586 legi-

213 624 319 686 timam
340 641 465 682 cansam
486 622 695 682 recusaeionis
717 620 951 700 inallegauerit,
973 619 1153 680 conuocatis
1170 637 1236 678 om·

213 736 304 798 nibus
320 733 490 794 maioribus
505 733 655 804 ciuitatis,
676 733 744 812 ipso
764 732 867 792 iudice
887 739 1048 812 presente,
1070 730 1234 810 negocium

214 846 384 909 decidatur.
413 846 452 906 de
468 864 601 926 quorum
624 844 784 905 sentencia
803 845 828 903 si
850 843 952 903 adbuc
967 841 1164 921 contingeret
1179 842 1237 901 du-

212 956 322 1027 bitari,
344 964 375 1017 et
394 965 480 1016 actor
493 956 690 1035 importunus
711 973 765 1014 eos
788 955 826 1015 ad
847 954 930 1035 regis
951 953 1094 1015 citauerit
1109 971 1238 1033 presen-

213 1067 310 1138 ciam,
333 1066 417 1127 solus
432 1066 526 1126 iudex
542 1085 598 1145 pro
615 1065 681 1125 aliis
697 1065 840 1125 omnibus
854 1064 900 1125 ire
921 1072 1072 1124 teneatur.

296 1174 363 1256 (13)
385 1177 504 1236 Eodem
519 1176 628 1247 modo,
650 1195 708 1255 pro
723 1194 910 1256 quacunque
930 1194 1023 1236 causa
1045 1175 1178 1236 iudicem
1194 1174 1237 1234 ci·

214 1288 318 1351 uitatis
334 1296 364 1349 et
379 1289 475 1359 ciues,
499 1285 548 1347 uel
564 1287 649 1346 ciues
664 1285 748 1347 solos
764 1286 804 1347 ad
819 1287 900 1366 regis
916 1286 1109 1365 presenciam
1128 1286 1152 1345 si
1168 1287 1237 1365 (puis

215 1398 339 1469 citaret,
362 1417 424 1458 non
440 1406 563 1459 tenetur
576 1397 621 1457 ire
637 1397 695 1457 nisi
711 1396 794 1458 solus
809 1396 904 1458 iudex
920 1397 1063 1458 ciuitatis.

296 1505 362 1587 (ll)
384 1508 477 1581 Quod
498 1507 524 1567 si
545 1508 613 1587 quis
637 1506 773 1587 aliquem
792 1507 894 1568 ciuem
917 1507 967 1569 uel
989 1506 1085 1579 ciues,
1107 1527 1169 1568 non
1184 1529 1235 1568 re-

214 1619 340 1701 quirens
362 1628 453 1679 antea
473 1616 624 1677 iusticiam
647 1617 705 1676 sibi
726 1615 793 1677 fieri
817 1616 951 1678 aiudice
968 1616 1110 1687 ciuitatis,
1133 1618 1172 1677 ad
1187 1637 1237 1677 rc-

215 1749 287 1811 gem
306 1728 466 1799 citauerit,
488 1748 545 1807 pro
564 1728 615 1789 illo
638 1727 689 1789 uel
712 1726 773 1788 illis
794 1729 888 1790 iudex
907 1729 952 1789 ire
974 1729 1141 1800 tenebitur,
1163 1738 1193 1790 et
1208 1730 1237 1791 ei

215 1841 323 1901 citatur
339 1839 484 1900 refundet
505 1858 677 1918 expensae,
698 1840 837 1919 eoquod
854 1848 1031 1920 contempta
1053 1841 1236 1902 auctoritate

214 1950 323 2032 legalis
347 1949 522 2031 priuilegii,
544 1950 602 2010 sibi
624 1950 755 2029 cogniti,
777 1950 955 2032 irrequisito
976 1951 1078 2011 iudice
1095 1951 1238 2024 ciuitatis,

214 2061 393 2143 satigauerit
408 2080 479 2122 cunr
495 2061 611 2121 trustra
624 2059 782 2121 laboribus
798 2068 830 2122 et
842 2061 999 2142 expensis.

297 2170 360 2253 (15)
384 2172 475 2233 Ciues
491 2180 594 2233 autem
610 2171 739 2233 liberam
761 2172 899 2233 habeant
920 2173 1130 2253 undecunque
1150 2171 1238 2232 uolu-

213 2284 292 2346 erint
304 2283 439 2364 eligendi
455 2283 633 2345 facultatem
649 2283 786 2343 iudicem
799 2281 934 2343 ciuitatis
949 2283 1040 2343 nobis
1056 2293 1238 2363 presentan-

213 2395 305 2468 dum,
327 2404 358 2457 et
379 2395 517 2455 mutandi
539 2394 673 2455 eundem
697 2393 855 2455 annuatim
878 2412 935 2474 pro
954 2415 1010 2455 sue
1030 2394 1158 2456 arbitrio
1182 2416 1238 2456 uo-

211 2505 348 2567 luntatis.

294 2615 358 2696 (16)
380 2619 456 2677 ltem
481 2618 506 2677 si
530 2618 599 2697 quis
622 2618 660 2678 de
683 2616 808 2678 ciuitate
831 2616 898 2676 sine
920 2616 1037 2677 herede
1058 2618 1239 2689 decesserit,

213 2728 252 2789 de
273 2728 366 2788 rebus
388 2728 451 2788 suis
473 2727 638 2789 mobilibus
658 2728 787 2788 liberam
810 2727 925 2788 habeat
940 2727 1127 2808 disponendi
1143 2727 1239 2788 lacul-

212 2844 307 2898 tatem
321 2837 496 2917 cuicunque
512 2837 656 2899 uoluerit.
678 2857 728 2898 res
746 2857 821 2898 uero
838 2836 1023 2910 immobiles,
1045 2840 1166 2909 domus,
1186 2860 1239 2898 cu-

213 2947 309 3020 riam,
331 2948 451 3020 uineas,
473 2957 587 3009 terram
604 2956 635 3009 et
649 2946 818 3020 beneficia,
840 2967 968 3008 suorum
989 2948 1164 3009 conciuium
1184 2950 1239 3010 ba-

213 3057 278 3118 bito
294 3057 423 3118 consilio
440 3059 530 3119 trxori
550 3077 604 3119 sue
629 3057 680 3117 uel
699 3056 790 3117 alicui
813 3066 1018 3137 cognatorum
1040 3078 1167 3119 suorum
1189 3080 1240 3121 re-

214 3165 349 3248 linquat,
371 3169 413 3231 ita
428 3176 544 3239 tamen,
567 3168 650 3248 quod
666 3186 724 3227 nec
739 3185 796 3247 per
811 3168 926 3248 ipsum,
950 3188 1009 3229 nec
1025 3189 1082 3248 per
1098 3189 1238 3241 uxorem,

214 3295 273 3338 nec
294 3296 349 3357 per
370 3285 519 3357 cognatos
540 3296 558 3338 a
581 3277 792 3339 iurisdictione
812 3278 945 3340 ciuitatis
968 3279 1088 3359 possint
1110 3279 1238 3340 alienari

216 3387 266 3448 uel
281 3388 373 3448 eximi
390 3388 440 3448 uel
456 3387 560 3448 auelli.

298 3495 364 3576 (17)
386 3499 462 3559 ltem
478 3499 502 3556 si
520 3499 587 3578 quis
603 3499 767 3560 intestatus
784 3499 964 3572 decesserit,
978 3509 1009 3561 et
1024 3520 1082 3561 nec
1098 3521 1238 3573 uxorem,

215 3627 272 3669 nec
286 3607 367 3668 filios
383 3608 434 3668 uel
450 3617 600 3688 cognatos
615 3609 774 3681 habuerit,
796 3610 857 3670 due
873 3620 978 3690 partes
994 3631 1098 3672 rerum
1113 3631 1237 3673 suarum

216 3739 272 3800 per
288 3719 371 3778 uiros
394 3718 456 3777 lide
478 3719 608 3797 dignos,
631 3720 763 3779 consilio
786 3721 901 3781 ciuium
922 3722 960 3782 ad
983 3722 1043 3782 hoe
1064 3723 1239 3802 deputatos,

214 3827 405 3909 pauperibus
424 3835 454 3887 et
469 3825 600 3889 ecclesie
616 3828 749 3892 ciuitatis
765 3828 906 3891 eiusdem
921 3829 1156 3904 distribuantur,
1178 3841 1240 3894 ter-

216 3936 265 3999 cia
281 3955 359 3997 uero
374 3956 447 4017 pars
462 3938 501 3998 ad
516 3938 679 4002 utilitatem
696 3939 827 4002 ciuitatis
843 3950 1034 4003 reseruetur.

298 4047 364 4128 (18)
385 4050 462 4111 ltem
483 4053 664 4124 statuimus,
692 4053 777 4134 quod
799 4052 830 4113 in
852 4053 962 4114 eadem
986 4054 1109 4117 ciuitate
1133 4055 1238 4118 forum

213 4162 353 4227 solemne
372 4162 494 4224 duobus
516 4163 625 4228 diebus
644 4165 676 4225 in
694 4163 908 4240 bebdomada,
929 4164 1076 4230 uidelicet
1098 4168 1148 4229 die
1164 4167 1237 4231 lune
