2798 4764
389 358 565 413 Moesus
585 360 708 413 umen
727 363 918 417 monum
934 343 1019 430 (tou
1155 342 1219 424 Μ

187 527 304 584 tem
316 522 380 579 um
394 513 477 581 ultre
488 515 681 591 Danubium,
703 536 796 601 uuam
811 519 887 583 eitra
901 539 1012 585 sorum
1025 519 1059 583 in
1072 517 1220 593 monibus

186 629 381 702 hmuerunt,
401 627 459 691 sed
481 627 559 692 eitra
579 646 643 692 non
663 627 722 701 tuit
742 629 786 692 sic
807 630 948 695 fonditus
962 630 1121 705 desolata,
1141 629 1219 714 uada
1297 650 1302 658 ·

186 741 229 805 ibi
243 760 302 805 sua
315 739 452 804 tentoria
469 753 534 802 non
547 738 701 816 tixsrsrnt,
721 742 779 806 ssd
793 742 986 808 transeundo
1001 742 1154 826 quidquid
1167 741 1218 810 itt·

187 859 343 919 uenerunt
366 848 557 915 unanimiter
578 850 809 918 destruxerunt.
837 853 949 918 ruditis
963 853 1218 937 torqueremus
1254 902 1259 909 -

187 963 259 1038 bus,
280 963 366 1045 quod
381 961 503 1026 Tartari
523 963 772 1045 aspernabantur
791 964 999 1033 Thositoniam
1022 982 1218 1047 expugnaro,

188 1073 452 1156 quamplurimum
467 1073 569 1148 dolui,
583 1075 658 1157 quia
671 1075 713 1138 ibi
728 1095 838 1141 manus
850 1075 1064 1141 oecidenoium
1078 1077 1217 1144 euadere

79 1179 84 1186 ’
188 1185 357 1267 opinabar:
372 1195 405 1249 et
417 1185 545 1268 gauisus
559 1184 604 1247 uu
620 1203 683 1249 non
698 1184 873 1261 modicum,
886 1185 961 1269 quia
970 1186 1218 1257 Christianorum

189 1297 344 1362 excidium
359 1297 525 1361 nitebatur.
547 1298 604 1361 sed
618 1296 774 1363 maiorum
788 1317 897 1380 regum
913 1299 953 1361 de
967 1299 1115 1362 mandato
1130 1298 1217 1366 ineos

188 1407 292 1488 pimus
305 1427 363 1489 per
377 1407 601 1489 depopulatam
616 1415 731 1473 terram
746 1408 964 1481 retrocedere,
986 1426 1057 1470 oum
1072 1407 1217 1473 curribus

191 1519 329 1584 oneratis
347 1519 457 1600 spoliis
481 1528 515 1583 et
538 1519 754 1595 armamentis,
780 1517 992 1584 iumentorum
1014 1526 1046 1582 et
1066 1536 1218 1601 pesoru

189 1629 339 1711 gregium
349 1628 542 1711 pedetentim
556 1629 691 1693 latebras
706 1636 738 1692 et
750 1647 850 1711 opaea
862 1630 997 1693 saltuum
1010 1628 1218 1712 exquirendo,

188 1750 223 1803 ut
237 1760 300 1823 que
313 1749 440 1823 reperta
451 1742 485 1805 in
498 1741 721 1823 progressibus
737 1760 804 1804 non
814 1741 955 1816 inerant,
975 1741 1009 1804 in
1021 1739 1218 1823 regressibus

188 1853 414 1918 inuenirentur.
436 1862 468 1918 et
481 1853 527 1916 sio
540 1853 767 1918 retrocedendo
782 1853 930 1935 paulatim
948 1851 1151 1934 peruenimus
1169 1849 1219 1925 sd„

188 1971 237 2028 tra
258 1963 370 2038 siluas,
391 1963 444 2028 ubi
466 1972 660 2027 remanserat
680 1963 789 2047 populi
810 1965 992 2038 mutitudo,
1014 1971 1046 2027 et
1069 1969 1159 2028 erant
1175 1960 1219 2028 ibi

188 2084 260 2157 post
283 2095 395 2141 eorum
418 2076 582 2140 transitum
607 2084 710 2140 castra
735 2075 866 2159 plurima
891 2082 1068 2158 preparata.
1096 2073 1218 2156 etquid

189 2186 291 2250 ultra?
312 2187 451 2268 exceptis
473 2185 581 2250 osstris
599 2186 805 2269 quibusdam,
827 2195 944 2251 terram
964 2186 1101 2250 totsb'ter
1124 2202 1220 2279 ooop-

188 2305 312 2379 psrunt,
333 2305 364 2360 et
377 2318 449 2362 eam
463 2299 682 2379 procedentes,
704 2297 875 2362 desolatam
890 2307 923 2361 et
936 2316 1069 2361 noenum
1080 2294 1219 2378 reliqua·

188 2418 271 2474 runt.
301 2409 362 2473 ium
377 2428 449 2473 oum
464 2408 587 2473 exirent
599 2409 809 2490 liungariam,
830 2407 1012 2472 Comaniam
1029 2407 1148 2469 intrare
1165 2423 1220 2471 oe·

190 2528 313 2600 pssunt.
340 2539 404 2582 non
418 2518 578 2595 sinebant,
601 2527 634 2582 ut
648 2518 757 2602 prius,
778 2518 863 2601 quod
877 2518 946 2582 sins
960 2518 1086 2583 deiectu
1100 2513 1220 2587 interd·

189 2638 336 2695 serentur
350 2631 452 2695 bestie
467 2650 526 2713 pro
541 2630 688 2713 captiuis:
710 2632 767 2695 sed
782 2629 930 2694 intestina
944 2640 976 2696 et
989 2630 1088 2713 pedes
1101 2627 1220 2698 betti*-

188 2762 275 2816 rum,
295 2750 328 2807 et
341 2741 449 2825 >eapite
470 2751 590 2809 tantum
605 2744 723 2809 dabant
741 2742 797 2807 eis.
818 2749 892 2806 tunc
906 2743 1049 2824 cepimus
1060 2740 1220 2823 sopitum

190 2860 225 2916 ut
249 2852 348 2919 eciam
372 2852 562 2934 interpretas
583 2853 780 2928 referebant,
805 2853 890 2935 quod
913 2851 1005 2919 nobis
1026 2850 1220 2937 nonam

191 2962 381 3029 exeuntibus
404 2963 509 3027 daturi
528 2970 635 3028 essent
655 2984 715 3027 nos
737 2982 847 3028 omnes
866 2963 1011 3047 uoragini
1033 2962 1219 3046 gisiberti*

191 3081 222 3136 et
236 3093 307 3136 oum
322 3074 384 3137 iam
404 3073 481 3137 mibi
496 3073 627 3140 uiuendi
647 3074 764 3139 tidueia
776 3073 863 3139 nulia
878 3082 978 3148 esset,
1000 3080 1033 3139 et
1051 3092 1136 3135 mors
1150 3069 1220 3137 din

190 3192 222 3248 et
241 3202 354 3266 aspera
374 3184 409 3247 in
426 3184 527 3247 ianuis
548 3184 735 3259 haberetur,
763 3183 901 3267 cogitaui
920 3182 1032 3247 melius
1053 3181 1095 3244 ibi
1117 3177 1219 3254 mori,

191 3314 287 3376 quam
307 3296 510 3378 prosedendo
533 3296 667 3361 assiduis
687 3295 844 3360 morsibus
868 3293 1011 3361 eruciari.
1043 3299 1075 3355 et
1097 3289 1144 3355 sio
1164 3287 1220 3357 uit

192 3404 318 3486 pmtiea
331 3404 497 3482 derelicta,
515 3405 565 3470 ire
580 3407 622 3469 sd
636 3426 715 3489 opus
729 3405 871 3472 naturale
885 3402 1043 3475 simulans,
1057 3401 1098 3463 ud
1113 3396 1221 3465 deni·

192 3525 288 3581 tatem
307 3516 405 3581 subus
422 3517 543 3583 testinis
563 3518 735 3600 gressibus,
757 3536 827 3580 erun
841 3512 1002 3578 se'mienta
1018 3511 1124 3585 unieo,
1142 3526 1220 3593 pre·

192 3626 317 3709 perani,
331 3612 372 3693 'et
383 3627 563 3697 subintrans
585 3627 748 3692 otriusdam
767 3625 861 3690 sinui
883 3643 1072 3698 suumn,
1092 3620 1220 3689 noted

190 3740 285 3806 ramis
304 3747 338 3804 et
357 3739 441 3803 toliis
454 3739 629 3823 ooopsriri.
661 3735 891 3820 absconditque
909 3755 947 3801 ss
964 3734 1108 3802 seruiens
1128 3748 1220 3803 m

191 3852 359 3925 mmoeius,
380 3871 420 3915 ne
435 3850 529 3915 unius
543 3848 703 3933 inopinate
717 3847 875 3922 inuenoio,
889 3855 1021 3913 nuum
1033 3851 1221 3928 operm

192 3962 322 4029 dusius
334 3962 531 4045 espomnsm.
550 3969 585 4027 st
595 3960 643 4025 sie
652 3957 807 4025 iaonimtu
817 3958 940 4024 duobus
951 3957 1066 4025 diebus
1074 3952 1223 4025 mtudt

191 4074 268 4150 bns,
288 4095 354 4138 noa
374 4074 517 4141 tenantu
539 4073 659 4155 capita,
681 4071 762 4136 sient
782 4071 817 4135 in
836 4069 1028 4154 sepniahris,
1057 4067 1222 4137 studim

191 4181 649 4263 uooesillorubersibiies,
673 4181 889 4270 aetyopiam
915 4176 1123 4268 pratum,
1149 4180 1224 4267 nt
