2798 4764
175 324 654 409 murmurmurmur
666 342 1106 411 sccsssrnrsmssstsrr.
1141 342 1203 408 w

175 513 249 579 lecti
263 498 301 578 'et
317 513 420 579 tidelis
440 517 557 592 nostri,
578 536 661 580 anno
684 519 722 579 ab
737 517 955 581 incarnacione
975 518 1093 581 domini
1115 517 1204 583 milc-

175 626 256 688 simo
296 628 510 691 ducentesimo
552 630 783 711 septuagesimo
812 629 936 709 primo,
971 630 1061 710 regni
1099 635 1204 694 auton

176 740 274 802 nostri
290 761 373 804 anno
389 742 539 804 secundo.

480 1182 683 1266 STEPHANI
708 1183 747 1266 ll.
773 1182 894 1265 ansts

200 1357 536 1445 ,saturanum
560 1360 830 1437 ECCLESLAE
858 1357 1152 1439 douleusis.

590 1517 785 1580 uccuxxr.

407 1687 591 1738 Etronsomto
610 1686 696 1737 Geruli
715 1688 787 1749 rogis
804 1703 870 1738 anno
891 1685 961 1741 1³2³.

255 1962 484 2045 Stephanus·
494 1995 534 2008 -
543 1995 585 2008 --
596 1963 635 2025 ad
647 1964 768 2045 apicem
780 1965 917 2046 pertinet
930 1965 1017 2045 regie
1031 1964 1201 2031 maiestatis

171 2094 300 2139 suorum
313 2074 571 2156 predecessorum
591 2075 756 2156 priuilegia
773 2094 927 2137 renouare
942 2095 999 2138 seu
1012 2085 1200 2150 restaurare,

173 2208 235 2270 qne
262 2206 320 2270 per
347 2195 523 2266 temporum
553 2185 710 2247 curricula
739 2187 778 2247 ab
803 2186 947 2248 ecclesiis
975 2187 1200 2268 quoquomodo

173 2298 306 2362 alienata
321 2297 517 2370 exstiterunt,
535 2306 568 2358 ut
583 2316 640 2378 per
655 2297 873 2358 renooacionis
888 2316 943 2358 seu
959 2296 1201 2359 restauracionis

172 2410 294 2474 titolum
317 2429 353 2470 eo
375 2409 563 2469 inconcussa
585 2415 809 2488 permaneant,
836 2426 898 2487 que
920 2407 984 2468 suis
1006 2407 1201 2488 temporibus

173 2520 289 2583 excelsi
304 2520 460 2601 principes
475 2526 658 2581 statuerunt.
684 2517 816 2599 proinde
830 2517 870 2579 ad
886 2518 1105 2580 uniuersorum
1119 2517 1202 2581 noti-

174 2632 252 2695 ciam
268 2641 377 2695 tenore
392 2631 585 2713 presentium
605 2630 819 2702 declaramus,
841 2629 926 2711 quod
942 2650 1037 2712 quum
1052 2650 1110 2692 nos
1126 2648 1201 2694 coo·

171 2745 376 2807 uocacionem
391 2751 422 2805 et
437 2741 717 2824 congregacionem
735 2742 875 2803 omnium
893 2741 1042 2804 nobilium
1064 2743 1200 2806 existen·

172 2857 254 2918 oium
280 2874 299 2916 a
323 2862 410 2936 parte
426 2854 559 2916 Danubii
585 2873 695 2916 uersus
718 2853 871 2917 orientem
896 2854 929 2916 in
947 2854 1144 2937 llaycubolm
1166 2863 1200 2921 et

172 2967 278 3030 lleues
298 2968 462 3028 commode
485 2966 679 3040 fecissemus,
701 2987 758 3048 pro
778 2975 857 3030 statu
878 2967 968 3050 regni
987 2968 1086 3030 nostri
1099 2967 1201 3032 resor-

173 3079 298 3151 mando,
320 3087 352 3139 et
371 3077 523 3140 iusticiam
547 3078 715 3159 unicuique
737 3078 910 3152 reddendo,
931 3079 1008 3140 iuris
1023 3077 1134 3140 ordine
1152 3085 1201 3140 ta-

173 3209 245 3252 men
259 3190 439 3262 obseruate,
462 3210 531 3250 cum
547 3190 774 3251 consuetudine
789 3188 939 3251 laudabili
960 3208 978 3249 a
998 3188 1113 3249 sanctis
1127 3207 1200 3269 pro-

174 3301 367 3381 genitoribus
382 3301 496 3362 nostris
512 3300 697 3381 approbata,
718 3301 843 3362 tandem
860 3301 911 3362 die
926 3307 1038 3361 octaua
1052 3298 1200 3362 solemni·

174 3411 245 3473 tatis
266 3413 406 3475 eiusdem
428 3412 669 3473 conuooacionis
692 3419 723 3472 et
742 3409 1015 3492 congregacionis,
1036 3429 1098 3490 quo
1120 3417 1200 3472 tem-

175 3540 251 3602 pore
273 3522 438 3584 ardencius
459 3529 490 3583 et
504 3520 661 3583 efficacius
684 3522 852 3602 unicuique
874 3521 922 3582 ius
936 3541 1026 3581 soum
1040 3541 1099 3602 per
1112 3521 1201 3585 iustl·

173 3635 251 3696 ciam
266 3634 467 3707 reddebatur,
486 3634 669 3694 Lambertus
685 3633 891 3695 miseracione
905 3631 1013 3693 diuina
1030 3622 1200 3715 episcopus

171 3744 332 3825 agriensis
354 3765 485 3827 surgens
505 3752 537 3805 et
556 3751 642 3805 stans
663 3744 694 3805 in
716 3744 814 3806 nostri
837 3744 999 3824 presencia
1014 3752 1045 3806 et
1060 3745 1200 3808 omnium

173 3856 420 3938 regnicolarum,
446 3855 608 3936 proposuit
630 3856 662 3915 in
684 3854 769 3916 hunc
789 3854 938 3916 modum:
961 3855 1046 3936 quod
1067 3854 1200 3918 ecclesia

172 3966 332 4049 agriensis
360 3985 456 4047 super
477 3985 587 4028 omnes
609 3964 757 4027 ecclesias
780 3963 979 4029 cathedrales
999 3965 1089 4048 regni
1111 3965 1201 4031 uou-

173 4079 258 4162 garie
283 4077 449 4159 priuilegio
472 4077 622 4142 libertatis
644 4076 813 4140 exstitisset
834 4078 983 4143 decorata
1004 4080 1201 4160 persancte·

163 4209 264 4280 reges
287 4196 415 4256 nostros
437 4189 692 4276 prodecessores,
715 4187 865 4255 uidelicet
888 4189 922 4254 iu
946 4185 1201 4274 possessionibus
