2798 4764
215 338 277 405 lit
316 346 405 405 nm
418 356 728 405 armemanensis
740 357 899 405 nosorrmr
912 358 945 403 nr
957 356 1120 405 ancum.
1150 338 1241 407 lili

214 511 356 575 notibus
369 530 464 594 quam
478 512 614 593 posteris
625 511 739 574 harum
752 510 833 573 serie
848 509 1053 584 declaramus,
1067 510 1153 593 quod
1168 528 1241 573 oum

214 632 322 685 nostre
349 621 518 703 placuisset
539 620 707 696 uoluntati,
733 622 767 683 in
787 622 938 705 Zagrnbin
957 621 990 683 in
1009 630 1115 684 monte
1137 620 1242 683 Greclr

212 734 375 797 oinitetem
397 733 528 797 liberam
549 741 749 808 construere,
780 743 811 797 et
831 734 947 797 ibidem
961 733 1101 815 hospites
1122 750 1242 795 conuo-

214 862 305 917 care,
325 853 358 908 et
370 842 454 907 illam
470 852 590 926 partem
610 845 700 927 regni
719 844 760 909 ad
782 845 982 908 securitatem
995 843 1121 906 confinii
1136 852 1168 906 et
1180 842 1242 905 alia

214 956 378 1019 commoda
393 956 515 1017 munire
530 962 562 1018 et
578 954 719 1028 firmare,
739 964 914 1018 conuocato
935 954 1082 1028 consilio,
1103 973 1174 1017 oum
1195 954 1242 1017 di·

205 1046 298 1131 leco
312 1065 442 1130 ernam
456 1073 564 1129 nostro
579 1065 718 1127 Dionisio
731 1065 819 1127 nano
833 1064 933 1129 tocius
946 1065 1112 1128 ecrauonu
1127 1072 1159 1128 et
1173 1064 1241 1127 arsis

214 1177 305 1261 regui
326 1176 533 1258 principibus,
554 1184 693 1239 nostram
716 1175 797 1239 hanc
815 1175 1028 1239 intencionem
1046 1184 1079 1239 et
1098 1176 1242 1237 uolunta·

214 1296 280 1353 tem
296 1286 487 1351 unanimiter
505 1286 765 1369 approbantibus,
794 1295 934 1349 nostrum
953 1287 1149 1368 propositum
1171 1306 1242 1368 per-

215 1400 361 1463 duximus
385 1400 418 1461 in
442 1400 605 1471 ellectum,
631 1399 842 1461 concedentes
866 1406 901 1461 nt
918 1398 949 1458 in
969 1397 1113 1480 predicto
1134 1408 1241 1461 monte

214 1510 315 1575 libera
337 1510 446 1573 ciuitas
470 1508 541 1583 liat,
569 1509 710 1591 hospites
732 1508 832 1572 libere
855 1508 1062 1582 conueniant,
1086 1517 1186 1573 terres
1209 1517 1242 1572 et

65 1588 69 1597 Ι
82 1658 85 1665 -
215 1621 442 1705 possessiones,
453 1620 654 1683 condiciones
667 1629 701 1683 et
713 1617 870 1682 libertates
883 1639 903 1681 a
916 1618 1007 1682 nobis
1021 1620 1196 1702 assignatas
1210 1627 1242 1682 et

213 1730 406 1811 subecriptns
433 1730 586 1802 habeant,
616 1737 745 1800 teneant
771 1737 803 1793 et
827 1730 1004 1793 custodiant
1029 1731 1241 1793 inconcussas.

135 1818 141 1827 ¹
215 1832 417 1903 condiciones
436 1840 544 1922 itaque
565 1848 598 1902 et
614 1839 773 1903 libertates
786 1838 946 1921 hospitum
960 1840 1187 1921 predictorum,
1208 1841 1241 1901 in

213 1950 357 2035 predicto
380 1958 487 2013 monte
507 1950 720 2013 habitancium
736 1958 769 2015 et
788 1952 1062 2024 conuenieneium,
1083 1972 1161 2033 quas
1181 1951 1241 2033 ipsi

212 2060 346 2127 interro
364 2060 518 2134 iecerunt,
538 2070 570 2125 et
583 2081 642 2125 nos
655 2062 875 2144 approbamus,
895 2060 974 2125 tales
992 2062 1124 2126 liabent:

296 2169 343 2253 (1)
363 2172 458 2247 Quod
472 2171 499 2233 si
513 2171 609 2235 iidem
622 2172 765 2255 hospites
777 2171 810 2234 in
825 2172 967 2236 districtu
981 2173 1152 2256 ilungarie,
1169 2172 1241 2237 Del-

216 2283 333 2357 mncie,
355 2282 500 2357 Croecie,
525 2281 691 2347 Sclauonie
712 2284 835 2365 spoliati
857 2304 916 2365 per
932 2283 1070 2347 latrones
1091 2284 1143 2347 uel
1162 2284 1241 2347 alios

215 2393 432 2459 malefactores
446 2394 573 2469 inerint,
594 2394 739 2457 dominus
753 2403 836 2457 terre
854 2396 886 2456 in
901 2414 963 2477 qua
976 2394 1102 2476 spoliati
1115 2394 1241 2467 inerint,

217 2506 360 2570 estimato
373 2507 507 2588 pecunie
522 2506 709 2588 quantitate,
728 2507 815 2569 iuxta
835 2506 995 2569 arbitrium
1016 2508 1172 2569 honorum
1193 2507 1241 2567 ui-

215 2636 321 2681 rorum
341 2626 373 2681 et
385 2626 614 2681 sacramentum
630 2618 825 2691 concinium,
847 2619 886 2680 ad
903 2617 962 2680 hoc
977 2618 1168 2692 electorum,
1189 2616 1241 2680 uel

215 2726 318 2791 eltlnta
331 2728 491 2802 retundat,
512 2729 564 2791 uel
578 2729 810 2791 malefactorem
824 2729 990 2792 ostendere
1006 2738 1158 2792 teneatur.

299 2836 349 2919 (2)
369 2840 446 2901 ltem
469 2840 584 2902 tributa
602 2837 684 2902 inira
703 2836 827 2922 regales
847 2839 998 2901 terminos
1018 2840 1051 2900 in
1069 2840 1155 2901 nullo
1170 2839 1240 2903 loco

215 2947 341 3015 soluere
355 2957 531 3013 teneantur.

297 3058 344 3142 (3)
366 3063 444 3124 ltem
459 3061 653 3143 quiscunque
667 3059 744 3123 ciuis
758 3060 853 3124 elium
867 3061 970 3124 ciuem
983 3063 1157 3143 uituperiis‚
1183 3083 1240 3143 op-

214 3173 349 3259 probriis
370 3182 423 3237 aut
438 3170 633 3235 contumeliis
647 3173 801 3247 affecerit,
822 3175 849 3237 si
869 3174 943 3236 inde
959 3175 1122 3237 conuictus
1137 3175 1240 3247 luerit,

214 3284 282 3349 leso
304 3286 415 3348 decern
437 3303 568 3365 pensas,
589 3282 621 3347 in
635 3303 818 3349 communes
835 3305 990 3368 expensas
1004 3294 1128 3348 centurn
1143 3287 1240 3349 dena-

215 3394 401 3459 rinssoluat.
415 3397 500 3478 qtrod
515 3394 541 3458 si
558 3404 627 3477 post
639 3397 752 3459 trinam
763 3398 993 3461 correctionem
1008 3416 1042 3460 se
1057 3417 1121 3458 non
1132 3416 1240 3460 emcn-

210 3506 356 3587 ‚tuncne
377 3506 472 3570 rebus
491 3508 634 3570 omnihus
656 3507 688 3568 in
710 3526 875 3571 commune
898 3507 1069 3589 applicatis,
1090 3515 1238 3589 tanquam

215 3615 340 3681 infamis
354 3618 394 3679 de
409 3616 534 3680 ciuitate
549 3618 679 3697 turpiter
693 3619 878 3699 expellatur.

298 3725 345 3808 ll)
365 3726 480 3808 Siquis
496 3727 594 3789 eciam
610 3726 731 3807 alapam
746 3728 835 3791 alteri
849 3728 980 3802 dederit,
998 3728 1050 3792 uel
1065 3749 1122 3810 per
1135 3728 1239 3791 crines

214 3836 375 3901 maliciose
389 3837 531 3911 traxerit,
552 3838 684 3901 eundem
698 3858 812 3921 penam
828 3840 980 3920 paciatur.

210 3972 216 3981 ·
267 3976 270 3981 ·
298 3943 347 4029 (5)
368 3946 401 4007 Si
422 3947 493 4029 quis
513 3967 591 4011 nero
612 3948 750 4024 cultello,
770 3948 886 4032 gladio,
907 3949 1016 4013 lenoea
1036 3959 1091 4013 aut
1110 3952 1241 4033 sagitta,

215 4057 399 4141 natalique
422 4057 475 4120 tali
501 4061 595 4123 modo
620 4059 714 4124 alium
738 4058 967 4135 uulnernncrit,
991 4062 1239 4145 uulneratunque

214 4168 284 4237 sine
297 4168 423 4235 delectu
436 4171 650 4237 membrorum
663 4178 828 4237 reseratus
840 4170 953 4253 luerit,
972 4175 1098 4241 medico
1110 4174 1170 4239 lesi
1188 4194 1240 4239 sa·
