2798 4764
234 340 295 400 stu
385 354 645 402 comrrrunonns
667 354 802 400 srnonos
823 354 978 399 nonensis.
1022 336 1112 400 lm.

233 507 349 569 cultate
365 508 547 582 dimiserint,
563 516 594 570 et
609 509 786 591 quicunque
801 508 907 569 allide
922 516 1027 569 cetero
1043 507 1148 588 aliqua
1162 508 1260 570 bene·

233 617 302 681 licia
325 619 535 681 ecclesiastica
557 640 613 700 per
628 639 738 682 manus
752 620 930 701 receperint
943 620 1111 691 laicorum,
1134 627 1165 680 et
1179 618 1262 681 elec-

231 731 383 803 tionibus,
405 731 687 811 postulacionibus,
707 731 956 813 prouisionibus,
976 751 1034 793 seu
1055 732 1261 793 institucioni-

232 842 292 904 lius
306 843 346 904 ad
361 844 469 916 minas,
491 844 763 916 comminaciones,
784 852 931 915 terrores,
952 844 1020 905 siue
1038 842 1260 923 impressiones

232 955 401 1026 laicorum,
423 975 683 1037 quorumcunque
705 955 836 1018 aliorum
860 956 1109 1037 presumpserint
1128 974 1261 1016 consen-

232 1067 310 1139 tire,
331 1086 371 1129 ex
386 1075 459 1129 tunc
473 1088 507 1129 sc
521 1069 620 1129 sciant
634 1068 969 1130 excommunicacionis
983 1065 1143 1129 sentencie
1158 1067 1262 1127 subia-

232 1197 322 1252 cere,
349 1180 498 1260 ipsosque
526 1200 582 1261 per
604 1181 800 1253 diocesanos,
822 1188 853 1241 et
876 1178 952 1241 alios
979 1178 1093 1260 quibus
1117 1176 1262 1251 ecclesie,

234 1291 438 1363 monasteria,
468 1299 499 1352 et
518 1291 672 1353 beneficia
694 1300 766 1354 sunt
786 1293 929 1353 subiecta
954 1291 1108 1372 predicta,
1144 1289 1260 1351 arctius

233 1401 467 1482 compellendos
490 1422 529 1464 ea
551 1403 725 1475 dimittere,
747 1410 778 1464 et
798 1402 981 1464 satisfacere
1003 1403 1042 1464 de
1065 1400 1217 1463 fructibus
1229 1408 1262 1462 et

198 1575 202 1582 ,
233 1514 438 1596 prouentilius
460 1513 573 1575 exinde
596 1514 763 1595 perceptis,
784 1513 930 1575 inuocato
950 1515 989 1575 ad
1011 1512 1117 1575 talium
1139 1521 1262 1593 proter-

230 1626 316 1687 uiam
338 1626 579 1698 conterendam,
600 1626 626 1686 si
649 1646 729 1707 opus
750 1602 859 1699 luerit,
886 1626 1002 1688 auxilio
1024 1624 1144 1686 brachii
1170 1643 1260 1686 secu-

233 1735 318 1798 laris.

318 1845 385 1926 (25)
407 1847 587 1910 inhibemus
616 1869 655 1910 ne
683 1870 820 1931 persone
849 1850 1059 1912 ecclesiastice
1088 1859 1182 1930 agunt
1210 1850 1261 1911 uel

215 1960 459 2039 'respondeam
487 1961 554 2021 siue
576 1959 770 2024 lideiubeant
792 1970 845 2025 unt
866 1983 900 2023 se
920 1962 1094 2042 astringant
1115 1960 1166 2022 uel
1182 1960 1262 2021 obli-

233 2079 306 2154 gent
322 2091 427 2134 coram
443 2072 546 2133 iudice
559 2073 702 2146 seculari,
718 2074 777 2134 nisi
792 2075 832 2135 de
848 2075 906 2146 his,
923 2082 953 2135 et
967 2092 1064 2154 super
1077 2073 1125 2133 lais
1140 2090 1203 2153 qne
1219 2072 1259 2133 ad

233 2183 375 2245 seculare
397 2203 461 2244 non
480 2184 519 2245 ad
534 2184 779 2247 ecclesiasticum
796 2185 898 2247 lorum
912 2192 1072 2266 spectant,
1093 2195 1124 2247 et
1138 2185 1177 2245 de
1192 2185 1262 2265 qui-

230 2295 289 2358 bus
310 2295 429 2376 absque
450 2315 611 2357 sacrorum
633 2316 789 2358 canonum
808 2296 937 2369 iniuria,
958 2305 989 2358 et
1010 2295 1260 2358 contradictione

230 2405 263 2466 io
289 2406 446 2487 predictis,
477 2406 529 2468 uel
554 2406 622 2468 aliis
649 2415 752 2487 potest
776 2427 833 2489 per
858 2407 1085 2470 ecclesiasticas
1109 2426 1261 2488 personas

230 2516 372 2578 seculare
397 2517 499 2578 lorum
522 2517 611 2578 adiri.
640 2537 790 2598 personas
810 2526 916 2579 autem
937 2517 1174 2588 ecclesiasticas,
1198 2535 1260 2597 que

229 2637 337 2689 contra
361 2628 538 2689 huiusmodi
562 2628 784 2690 inhibicionem
808 2629 918 2691 uenire
940 2618 1205 2709 presumpserint,
1229 2637 1261 2692 et

229 2739 350 2800 iudices
375 2740 532 2800 seculares
558 2741 610 2819 qni
634 2759 785 2820 personas
808 2741 943 2821 prelatas
966 2760 1071 2801 coram
1094 2760 1127 2801 se
1148 2760 1260 2821 agere,

228 2850 422 2928 respondere
446 2850 494 2910 uel
516 2849 708 2922 srdeiubcrc,
730 2860 784 2913 aut
804 2873 838 2912 se
861 2853 1052 2934 astringere,
1076 2853 1124 2913 uel
1140 2850 1198 2913 alia
1215 2852 1260 2914 la·

231 2979 301 3018 core
318 2980 379 3038 apuu
395 2960 433 3019 ad
450 2959 551 3020 torma
567 2959 706 3022 seculare
724 2983 784 3022 non
801 2964 958 3043 pertinent
974 2973 1080 3025 contra
1097 2963 1260 3044 priuilegia

231 3072 333 3133 ordini
357 3070 492 3134 clericali
513 3072 562 3133 uel
584 3074 726 3153 personis
749 3073 965 3136 ecciesiasticis
981 3076 1180 3156 generaliter,
1202 3095 1258 3136 scu

230 3183 410 3264 specialiter
424 3184 464 3244 ab
479 3183 605 3244 homino
622 3184 672 3245 nel
687 3205 704 3247 a
719 3184 786 3246 iore
802 3205 951 3248 coricessa
967 3186 1184 3266 compulerint,
1200 3186 1258 3247 nisi

232 3306 396 3376 postquam
422 3297 462 3356 de
492 3294 670 3356 huiusmodi
700 3296 822 3377 excepti
853 3295 986 3368 sinerint,
1018 3316 1122 3358 coram
1149 3297 1194 3358 eis
1218 3298 1259 3358 ab

142 3454 145 3461 .
229 3406 406 3469 huiusmodi
434 3427 584 3488 processu
611 3411 739 3470 omnino
768 3408 954 3480 destiterint,
983 3417 1014 3469 et
1041 3410 1259 3471 reuocauerint

228 3536 354 3579 omnem
376 3539 559 3599 processum
582 3520 721 3581 habitum
741 3529 850 3581 contra
866 3540 1016 3601 personas
1032 3522 1188 3599 predictas
1203 3540 1259 3582 ex·

227 3629 521 3689 communicarionis
540 3631 700 3690 sentencie
721 3630 865 3691 uolumus
880 3632 1060 3703 subiacere,
1081 3651 1099 3691 a
1119 3651 1181 3713 qua
1200 3651 1258 3712 per

226 3738 409 3799 diocesanos
423 3739 564 3799 locorum
579 3740 753 3820 inquorum
768 3743 980 3804 iurisdictione
995 3762 1130 3822 persone
1148 3743 1258 3803 huius-

228 3849 311 3909 modi
333 3850 507 3910 consistnnt
527 3860 597 3929 post
616 3852 861 3915 satisfactionem
883 3854 1050 3927 idoneam,
1077 3864 1108 3915 et
1129 3854 1257 3935 dignam

226 3958 310 4019 iuxta
327 3959 460 4020 sormam
476 3961 608 4023 ecclesie
623 3964 744 4043 possint
759 3963 890 4025 absolui.

309 4069 374 4148 (26)
397 4069 504 4131 liullus
524 4074 670 4135 sacerdos
690 4075 743 4135 uel
765 4074 868 4157 aliqua
889 4095 1024 4156 persona
1045 4076 1258 4140 ecclesiastica

226 4181 268 4244 de
281 4182 500 4264 personalibus
520 4183 640 4245 iniuriis
655 4184 708 4247 uel
721 4185 922 4250 eleemosinis
936 4185 1069 4249 ecclesie
1088 4186 1179 4250 luctis
1202 4205 1259 4250 co·
