2798 4764
224 322 285 390 't-tt
544 342 729 395 mnemon
756 345 796 392 nr
818 342 929 391 cmo.

308 493 395 577 (301)
417 497 505 560 llodu
535 499 574 560 de
603 497 713 579 predio
741 498 848 560 Bellen
875 497 1013 579 impeciit
1040 495 1277 559 conuillenum

231 628 322 670 suum
335 609 459 671 [round
475 610 514 671 de
528 629 593 671 uno
608 629 711 671 meroe
725 618 756 673 et
770 610 915 682 dimidie,
937 608 1039 670 iudice
1054 607 1197 672 domine
1211 611 1279 671 Eu·

212 716 330 791 femie,
347 718 496 798 pristaldo
508 721 603 780 loce.
624 720 749 781 Urcund
765 729 886 800 portato
902 720 984 782 ferro
1001 719 1201 781 combustus
1218 729 1277 781 ost.

312 830 398 911 1302)
420 831 532 892 Micicu
548 832 587 893 de
603 830 676 893 uilla
691 832 805 911 Bogus,
821 851 890 892 cunr
903 831 1023 893 diceret
1035 831 1276 893 fideiussorem

225 941 378 1005 Ruldonis
397 943 428 1004 in
448 942 634 1003 uendicione
651 943 741 1024 coiri,
762 945 815 1024 qui
830 943 914 1005 furto
928 942 1072 1003 sublatos
1086 962 1167 1004 esse
1185 943 1275 1003 dice·

223 1053 316 1117 tuor
332 1051 449 1114 domini
464 1053 621 1116 llustonis.
643 1055 742 1114 llursa
757 1054 835 1114 dixit
849 1073 918 1115 esse
934 1052 1145 1125 maleficium,
1161 1053 1275 1115 iudice

227 1161 390 1244 Comploto
405 1162 628 1225 archidiacono
643 1165 683 1225 de
698 1164 844 1236 Cerauno,
866 1163 1014 1246 pristaldo
1026 1165 1120 1225 Bndn
1137 1165 1181 1227 de
1194 1166 1274 1228 uilla

226 1274 343 1356 Bogus.
366 1273 477 1335 Micieu
493 1282 616 1354 portato
632 1273 716 1335 forro
732 1274 914 1336 iustificatus
929 1284 986 1336 cst.

311 1382 399 1465 (303)
422 1385 531 1446 Petrus
547 1393 578 1445 et
592 1384 674 1446 Bosu
691 1385 729 1445 de
744 1384 833 1457 utba,
856 1393 889 1448 ut
904 1384 1070 1465 pristaldos
1085 1385 1187 1458 dixit,
1212 1389 1273 1449 im·

227 1495 392 1576 pecierunt
405 1495 562 1576 quendam
585 1496 624 1557 de
639 1494 713 1555 uillo
728 1496 800 1556 Mon
820 1495 946 1556 nomine
962 1495 1078 1569 llluen,
1100 1496 1223 1578 uiginti
1239 1507 1272 1560 et

228 1607 369 1689 quinque
392 1607 505 1668 merois
528 1607 683 1669 uiolenter
705 1606 816 1667 ablotis
841 1614 872 1668 ot
893 1605 983 1687 plage
1011 1604 1129 1688 gladii,
1159 1608 1270 1670 iudice

228 1717 297 1779 Pris
318 1716 426 1779 curiali
447 1719 561 1779 comite
583 1720 623 1778 de
644 1721 785 1790 Zouuuo,
808 1718 958 1799 pristaldo
980 1718 1098 1780 Forcos
1123 1720 1165 1782 de
1192 1721 1270 1783 uilla

230 1827 329 1889 Tulru.
350 1827 511 1908 Pongrecii
526 1828 667 1889 seruiens
683 1830 793 1891 Petrus
809 1839 841 1891 ot
855 1832 937 1891 Boso
953 1831 1138 1893 combustus
1154 1841 1218 1893 est.

312 1935 400 2018 (dol)
435 1937 512 2000 Cum
539 1938 696 2000 uoiouodo
722 1959 827 2002 comes
856 1942 895 2003 de
919 1939 1049 2002 llobolrn
1076 1943 1270 2021 percideret

231 2048 400 2111 exercitum
416 2069 523 2122 suum,
545 2049 670 2130 quidum
693 2070 731 2109 ex
750 2051 989 2130 ioubogionibue
1007 2050 1155 2113 eiusdem
1171 2053 1269 2115 castri

229 2160 356 2223 nomine
376 2161 525 2235 Hereum,
546 2161 629 2224 stetit
649 2162 680 2222 in
704 2162 814 2224 ordine
833 2163 1035 2243 iobogionum
1057 2164 1269 2237 naturalium,

230 2271 286 2354 qui
296 2271 414 2334 scilicet
428 2272 632 2354 iouhogioncs
647 2274 745 2334 sancti
757 2273 840 2354 regis
854 2274 1027 2354 nuncupari
1037 2272 1156 2336 solent.
1176 2275 1269 2339 'l'unc

231 2393 433 2446 accesserunt
453 2385 580 2466 quidem
601 2385 640 2446 de
659 2385 898 2466 ioubogionibus
919 2384 1016 2446 suncti
1032 2386 1131 2466 regio,
1152 2387 1269 2449 uideli-

232 2502 283 2558 cet
296 2494 403 2576 Uonoy
425 2504 457 2556 et
470 2496 587 2578 Booye,
610 2505 641 2558 et
660 2496 837 2557 reiecerunt
859 2495 943 2556 illum
959 2496 998 2557 de
1014 2497 1127 2558 ordine
1142 2518 1207 2560 suo
1224 2499 1271 2560 di-

233 2617 355 2680 centes,
377 2608 462 2687 quod
484 2609 550 2687 ipse
572 2627 635 2668 non
658 2616 740 2668 essct
755 2608 794 2667 de
810 2608 920 2668 ordine
936 2615 967 2668 et
982 2608 1080 2687 gradu
1097 2608 1270 2691 ioubogio-

233 2736 310 2778 num
331 2699 430 2777 suncti
452 2720 545 2798 regis,
568 2728 599 2780 et
613 2717 673 2778 hec
688 2718 770 2777 idem
787 2718 933 2779 dixerunt
947 2718 1099 2798 lionorug
1119 2719 1271 2782 hoduno·

234 2825 286 2906 gio
302 2835 333 2885 et
347 2826 450 2885 lieren
466 2827 679 2905 iouhogionos.
709 2828 943 2906 prenominatus
957 2829 1061 2908 itaque
1077 2848 1192 2893 comes
1209 2833 1272 2894 dis·

235 2935 361 2997 enciens
379 2955 446 3007 cos,
469 2956 526 3015 per
547 2936 728 3016 pristaldum
753 2940 879 3000 nomine
902 2940 985 3021 Booy
1008 2941 1048 3001 de
1071 2941 1148 3004 uilla
1165 2943 1271 3006 Bosou

235 3047 319 3110 misit
340 3046 527 3108 llarudinum
554 3048 593 3108 od
620 3067 752 3108 examen
778 3050 852 3110 ferri
877 3051 1049 3122 candentis,
1079 3053 1134 3113 ubi
1155 3054 1272 3134 prelati

236 3160 343 3242 Uenoy
355 3169 385 3222 et
395 3161 497 3240 Bocyo
508 3180 541 3222 sc
553 3171 827 3239 recognoscentem
840 3181 944 3224 coram
956 3162 1107 3243 pristaldo
1121 3173 1151 3224 et
1165 3166 1193 3225 Τ
1195 3165 1274 3228 lreo·

236 3273 330 3344 doro,
360 3273 412 3354 qui
435 3272 509 3333 dixit
530 3292 564 3333 so
588 3271 655 3343 uice
677 3273 827 3352 licuerug
847 3272 1081 3352 hudunogiouie
1108 3283 1140 3334 ct
1162 3276 1271 3338 lieren

236 3381 432 3461 iouhogionis
454 3380 597 3453 uenisse,
619 3401 724 3442 coram
745 3381 882 3462 capitulo
904 3382 1110 3444 Uaradinensi
1130 3386 1273 3447 confessi

237 3502 323 3565 sunt,
345 3493 406 3554 iam
429 3493 542 3554 dictum
558 3492 692 3553 llereust
713 3491 826 3554 iniuste
848 3493 887 3554 de
910 3492 1020 3555 ordine
1039 3493 1273 3576 ioubogionum

238 3606 335 3667 suncti
351 3603 434 3686 rogis
450 3604 617 3685 expulisse.

320 3714 405 3793 (305)
436 3714 557 3776 Urcund
579 3723 700 3796 portato
718 3691 808 3776 'ferro
830 3725 937 3778 contro
961 3715 1124 3778 dominum
1146 3720 1274 3782 Rodum

240 3825 420 3887 combustus
441 3835 503 3899 est,
523 3827 627 3888 iudice
649 3826 775 3890 domina
789 3827 945 3902 Eulemia,
967 3835 998 3889 et
1012 3828 1166 3909 pristaldo
1183 3833 1276 3897 Tice.

321 3933 407 4014 (306)
429 3937 524 3998 lliros
543 3939 582 3999 de
600 3938 674 3999 uilla
690 3939 794 4020 llereg
814 3938 952 4021 impeciit
966 3940 1165 4004 conuillenos
1189 3965 1278 4019 suos,

240 4047 358 4111 scilicet
372 4047 476 4120 Elam,
491 4049 667 4112 Poznanum
682 4059 713 4112 et
727 4052 900 4123 Enderem,
919 4051 993 4113 item
1011 4052 1051 4114 de
1067 4051 1144 4116 uilla
1159 4055 1279 4121 Undou

241 4160 419 4233 Mertiuum,
434 4167 465 4222 et
480 4159 519 4219 de
534 4159 608 4223 uilla
621 4162 723 4226 Fodot
736 4162 834 4225 Sumb
850 4171 882 4225 et
895 4164 1038 4244 Scogam.
1058 4163 1208 4248 impeciit
1221 4190 1283 4233 eu·
