2798 4764
335 342 599 409 commoneres
617 362 752 410 sunoous
774 360 930 410 aestuare.
971 345 1080 413 tm·
1152 347 1214 411 ddi

182 511 301 577 litteras
322 512 476 596 dupplicis
496 514 590 596 sigilli
610 517 709 579 nostri
723 510 895 581 munimine
909 519 1083 581 roboratas.
1103 519 1215 583 dotum

184 646 241 708 per
251 644 363 689 manus
374 627 501 690 discreti
514 627 573 689 uiri
589 628 728 710 magistri
740 629 858 692 Nicolai
869 629 940 694 aule
951 639 1058 692 nostre
1068 629 1215 694 uiceran-

183 731 318 811 cellarii,
339 737 444 801 dilecti
459 748 490 801 el
504 737 606 802 fidelis
621 741 729 803 nostri.
755 760 839 803 auno
854 741 971 803 demini
986 741 1214 805 MCCLXXlX.

182 857 292 930 quarta
306 849 377 911 idus
392 850 534 930 Augusti.
561 852 651 933 regni
667 861 770 914 sutem
787 853 883 915 nostri
900 872 982 915 anno
997 853 1143 933 septimo.

180 1290 641 1369 cotlsl'l‘rtt'rlottes
670 1291 917 1369 SYNODUS
942 1295 1212 1370 Bullensis.

588 1463 813 1526 neeuxxrx.

626 1634 772 1645 *—

266 1754 326 1817 Iste
348 1752 592 1816 constituciones
612 1753 714 1817 edicte
734 1762 765 1818 ct
788 1755 982 1836 promulgate
1003 1776 1061 1838 per
1080 1775 1216 1820 urcrserab

184 1866 279 1930 bilem
305 1874 424 1946 patrem
449 1865 608 1927 dominum
632 1866 808 1947 Philippum
834 1867 885 1929 dei
909 1867 1013 1950 gracia
1034 1868 1215 1931 Firmannm

184 1979 384 2060 episcopum,
417 1977 448 2038 in
476 1977 652 2058 llnugaria,
684 1979 831 2051 Polunia,
862 1978 1215 2052 llalmacie,‚t}roacie,

183 2093 297 2162 Rama,
318 2089 439 2161 Seruis,
461 2089 658 2161 Lodomerie,
680 2089 809 2150 Gallicis
827 2108 863 2150 ac
878 2090 1027 2151 Cumania
1042 2091 1214 2170 apostolice

184 2202 268 2265 sedis
282 2202 435 2282 legatum,
457 2202 496 2262 de
512 2199 654 2272 consilio,
676 2209 706 2263 et
721 2220 878 2262 consensu
893 2201 1215 2282 archiepiscoporum,

185 2313 422 2394 episcoporum,
453 2312 624 2373 electorum
658 2321 751 2393 atque
776 2312 940 2384 abbatum,
972 2311 1214 2392 prepositorum,

186 2423 496 2494 archidiaconorum,
519 2420 675 2504 priorum,
698 2421 829 2484 ministri
848 2422 998 2493 custodie,
1027 2422 1216 2503 guardieno-

184 2555 270 2609 rum,
298 2535 522 2617 plebanorum,
551 2534 788 2606 canonicorum,
818 2541 994 2605 rectorum,
1022 2542 1053 2595 et
1083 2533 1215 2595 eliorum

184 2665 410 2728 personarum,
432 2656 464 2708 et
479 2644 683 2717 clericorum,
705 2662 763 2706 uec
778 2663 841 2704 non
856 2642 1064 2725 capitulorum
1087 2651 1149 2706 tem
1164 2662 1218 2705 ca·

184 2756 389 2829 thedralium,
410 2776 504 2839 quam
527 2756 656 2818 aliarum
678 2753 882 2817 ecclesiarum
904 2756 1091 2818 secularium
1113 2762 1145 2816 et
1165 2774 1217 2817 re·
1300 2812 1305 2819 .

187 2869 342 2951 gularinm
357 2868 575 2931 cisterciensis
600 2868 699 2930 sancti
720 2866 895 2941 Benedicti,
917 2867 1223 2930 Premonstratensis:

185 2979 284 3042 sancti
305 2978 487 3062 Augustini,
510 2977 760 3051 Predicatorum,
782 2987 813 3042 et
831 2979 1006 3051 Minorum,
1027 2998 1064 3040 ac
1085 2977 1217 3040 altorum

186 3089 331 3153 ordinum
356 3097 617 3171 congregatorum
641 3089 674 3150 in
700 3088 834 3151 concilio
859 3089 1028 3162 celebrato,
1060 3089 1092 3150 in
1113 3096 1216 3149 cestro

186 3201 338 3274 Budeusi,
360 3201 602 3283 Uesprimiensis
617 3200 751 3265 dieceeis
767 3218 823 3281 per
837 3201 974 3263 eundem
989 3200 1150 3262 dominum
1171 3196 1218 3259 le·

186 3322 289 3397 gotum
312 3315 351 3376 ad
375 3313 527 3376 bonorem
550 3322 581 3375 et
603 3313 733 3395 gloriam
762 3320 870 3376 sancte
892 3320 923 3373 et
946 3310 1108 3373 indiuiduo
1132 3309 1219 3373 trini·

186 3427 267 3499 tatis,
282 3426 321 3488 ad
336 3425 564 3497 renerenciem,
578 3427 616 3487 ad
633 3424 786 3486 honorem
801 3432 909 3486 sancte
921 3423 1060 3484 Romane
1072 3420 1219 3495 ecclesie,

187 3557 225 3601 ao
239 3538 411 3601 beatissimi
428 3556 465 3599 oc
478 3536 667 3600 sanctissimi
688 3534 784 3616 patris
799 3533 917 3596 domiui
935 3530 1053 3594 Nicolai
1075 3531 1218 3613 papelll.

188 3669 224 3713 ao
244 3669 464 3713 successorum
487 3649 570 3721 eius,
602 3666 640 3709 ac
660 3645 911 3718 reuelaciouem,
934 3643 1150 3706 fulcimentum
1179 3663 1219 3707 ac

189 3763 407 3826 defensionem
429 3761 502 3825 fidei
523 3759 675 3823 catholice
697 3769 728 3823 et
742 3757 953 3820 ecclesiastice
974 3755 1137 3829 libertatis,
1159 3774 1220 3819 uec

190 3891 254 3934 non
274 3872 536 3935 relormaciouem
560 3872 643 3943 uite,
664 3889 807 3943 morum,
828 3877 860 3931 et
881 3877 1007 3931 actuum
1028 3866 1104 3930 cleri
1118 3876 1150 3931 et
1163 3885 1222 3948 po·

190 3984 255 4065 puli
277 3985 450 4066 legacionis
472 3985 630 4067 predicte,
652 3982 710 4045 sub
730 3981 820 4043 anuis
841 3979 961 4044 domiui
981 3979 1146 4044 millesimo
1161 3980 1222 4042 dn·

191 4097 363 4161 centesimo
377 4097 610 4180 septuagesimo
624 4114 720 4168 nono,
741 4094 912 4158 indictione
926 4093 1076 4176 septima,
1097 4093 1150 4155 die
1164 4092 1222 4155 de·

194 4207 275 4273 cima
295 4215 407 4295 quarta
429 4208 565 4275 intrante
578 4206 772 4292 Septembri,
791 4206 826 4270 in
838 4224 904 4293 quo
917 4205 1068 4271 uidelicet
1083 4203 1136 4268 die
1157 4208 1228 4267 ter-⁸
