2798 4764
181 361 477 427 mammeam
490 365 668 413 rmvrnaers
681 362 1016 413 rcccmmnenanms.
1030 346 1120 415 tart.
1147 343 1213 431 aba

182 537 258 581 num
283 518 458 599 gubernare
482 519 588 582 ualeat
612 528 644 583 et
663 520 703 583 ab
724 520 902 583 incursibus
925 520 1078 583 malorum
1099 521 1214 587 desem·

182 649 264 694 sare.

265 742 608 819 (murmurantum
633 755 751 827 partem
766 746 905 807 omniurn
927 746 1130 820 tributorum,
1152 767 1209 828 per

183 875 414 938 quemcumque
444 858 527 938 exigi
555 866 794 932 consuetorum,
826 859 857 918 in
887 857 1035 919 comitatu
1063 859 1212 922 uidelicet

183 967 319 1039 Bnrsod,
341 967 510 1041 Abauiubr,
532 969 694 1051 Zemplcn‚
709 969 793 1051 Ung,
815 969 969 1042 Szubolcs,
984 971 1114 1042 Zarand,
1130 948 1212 1032 Kosss

183 1078 314 1151 zolnok,
335 1077 441 1140 Heues
457 1079 561 1152 Uindr,
582 1080 722 1160 Bercgb‚
744 1089 776 1142 ct
789 1081 928 1162 Ugocsa:
951 1081 1005 1162 qui
1027 1081 1089 1142 duo
1110 1081 1210 1144 ultimi

184 1173 358 1262 comitatus,
371 1189 491 1252 scilicet
505 1190 630 1272 Ugocba
646 1200 677 1253 et
691 1191 831 1272 Beregh,
846 1191 973 1256 luerunt
987 1191 1103 1253 loreste
1118 1209 1210 1254 sanc-

184 1309 285 1364 torum
307 1321 419 1383 regum
442 1303 544 1366 traditi
567 1313 598 1366 et
619 1303 724 1364 donati
745 1322 799 1384 per
823 1303 1064 1384 predecessores
1086 1312 1210 1366 nostros
1312 1289 1323 1311 ⁹

184 1410 316 1474 ecclesie
329 1413 472 1494 Agriensi
492 1433 586 1494 supra
602 1415 683 1476 dictu
697 1415 729 1475 in
745 1414 871 1476 decimis
887 1414 1028 1477 dicendis
1043 1423 1075 1477 et
1088 1415 1215 1497 persolff

184 1524 305 1598 uendis,
327 1533 420 1606 prout
434 1525 532 1586 ceteri
548 1527 723 1590 comitatus.

266 1635 347 1712 (lb)
370 1637 445 1700 ltem
461 1637 581 1699 decime
597 1638 662 1699 uini
678 1639 821 1700 omnibus
836 1639 1032 1702 comitatibus
1048 1640 1100 1701 ubi
1116 1640 1210 1702 uince

184 1757 257 1812 sunt
273 1748 411 1831 plantate
435 1748 485 1810 nel
509 1749 729 1830 plantabuntur
750 1752 780 1812 in
802 1759 979 1833 posterum,
1001 1772 1058 1832 per
1072 1752 1210 1816 decima·
1244 1787 1249 1803 ι

183 1869 267 1923 tores
283 1861 423 1942 episcopi
445 1861 496 1922 nel
512 1863 638 1943 capituli
654 1864 849 1936 dicabantur,
871 1872 902 1926 et
923 1863 1089 1945 exigentur
1103 1885 1142 1927 ex
1162 1865 1211 1945 in-¹

184 1979 281 2054 tegre,
311 1981 443 2054 excepto
469 1973 614 2037 comitatu
641 1975 680 2036 de
705 1974 842 2047 Zarand,
869 1973 922 2036 ubi
946 1973 1021 2035 nina
1045 1972 1211 2039 decimalis

183 2084 241 2146 soli
256 2084 450 2166 episcopatui
470 2085 697 2167 dignoscuntur
711 2086 878 2167 pertinere.

267 2199 345 2272 (15)
369 2198 447 2259 item
470 2197 611 2278 hospites
626 2198 789 2259 uenientes
808 2198 847 2259 ad
868 2197 1060 2259 manendum
1075 2204 1108 2259 et
1121 2197 1211 2260 babi-

182 2308 310 2371 tandum
332 2309 363 2370 in
381 2310 631 2392 possessionibus
646 2309 779 2372 ecclesie
793 2308 966 2391 Agricnsis'
976 2307 1044 2370 sine
1059 2310 1144 2371 omni
1164 2317 1211 2385 te-

182 2421 267 2484 lonio
290 2431 322 2483 et
342 2421 458 2484 tributo
480 2442 537 2503 per
558 2419 627 2484 loca
648 2422 835 2484 tributorum
856 2429 1016 2483 transeunt
1034 2429 1067 2483 et
1082 2422 1211 2486 ueniant

183 2533 393 2615 permansuri,
415 2533 554 2614 exceptis
570 2532 796 2595 mercatoribus
811 2532 985 2613 hospitibus
1000 2532 1144 2607 ecclesie,
1154 2532 1210 2615 qui

183 2643 216 2705 in
228 2642 306 2705 locis
321 2643 508 2706 tributorum
524 2643 704 2724 persoluant
717 2644 830 2705 tributa
844 2652 1003 2706 consueto.

263 2756 343 2830 (16)
364 2756 441 2818 ltem
457 2755 612 2817 ciuitatem
628 2755 812 2838 Agriensem
827 2764 859 2818 et
873 2756 976 2829 ciues,
997 2753 1089 2821 uillas
1107 2765 1139 2819 et
1151 2755 1211 2821 utt-

181 2868 280 2941 lanos,
302 2868 517 2949 possessiones
538 2888 646 2931 omnes
668 2876 700 2931 et
723 2868 863 2950 singulas
884 2869 1079 2944 mansiones,
1100 2868 1211 2937 condi·

184 2980 339 3042 cionarios
361 2988 392 3042 et
413 2979 558 3052 uasallos,
579 2980 699 3041 nobiles
721 2999 805 3053 suos,
826 2980 1063 3063 inquibuslibet
1081 2981 1210 3043 comita-

184 3093 265 3154 tibus
286 3091 473 3163 existentes,
502 3092 607 3154 nullus
629 3092 780 3165 iudicum,
799 3092 969 3164 baronum,
992 3092 1209 3171 palatinorum,

183 3204 235 3266 uel
256 3205 368 3284 quouis
389 3203 450 3264 ulio
474 3204 600 3264 nomine
623 3203 830 3275 nominentur,
858 3202 1024 3273 iudicabit,
1045 3199 1102 3261 sed
1123 3198 1209 3263 solus

186 3316 350 3397 episcopus
375 3315 536 3397 Agriensis
562 3321 593 3376 et
619 3313 789 3395 capitulum
815 3314 972 3384 eiusdem,
1003 3309 1054 3373 uel
1074 3310 1209 3373 nicecius

186 3435 238 3488 aut
258 3445 372 3500 comes,
395 3428 566 3508 peripsum
585 3426 768 3507 episcopum
788 3424 964 3506 deputatus,
986 3431 1016 3485 et
1039 3422 1209 3504 unicuique

184 3538 295 3600 reddet
309 3537 356 3600 ins
371 3558 462 3601 suum
484 3537 603 3620 petenti
624 3534 663 3598 d'e
680 3553 866 3617 quacunque
882 3552 988 3605 cause,
1009 3532 1084 3596 iuris
1099 3534 1209 3597 ordine

184 3650 366 3724 obseruato,
399 3650 451 3732 qui
477 3649 502 3710 si
528 3648 650 3710 iusticie
675 3645 936 3728 complementum
961 3647 1096 3708 reddere
1120 3665 1211 3709 rccu-

184 3770 282 3836 saret,
304 3762 387 3824 idem
408 3762 575 3843 episcopus
596 3768 627 3822 et
642 3777 705 3820 non
726 3758 805 3819 alius
820 3758 859 3818 ad
874 3757 1071 3839 presenciam
1091 3758 1210 3839 regiam

184 3873 337 3947 citabitur,
359 3873 399 3936 de
414 3892 472 3934 sua
486 3871 681 3952 negligencia
695 3877 728 3932 et
742 3870 780 3932 de
796 3888 859 3931 non
874 3870 995 3932 reddita
1016 3870 1138 3933 iusticia
1159 3888 1211 3932 re-

184 3988 307 4048 cionem
321 3985 513 4047 redditurus.

266 4098 345 4172 (17)
366 4095 443 4157 Item
465 4097 551 4178 quod
570 4093 674 4157 nullus
689 4095 908 4177 episcoporum
930 4095 1146 4177 possessiones
1160 4111 1212 4155 ec·

184 4207 280 4272 cleric
295 4205 456 4290 dgriensis
477 4207 619 4272 uendere
633 4226 690 4271 sco
708 4207 821 4294 quouis
837 4206 933 4273 modo
950 4206 1086 4270 alienare
1100 4200 1213 4285 possit,
