2798 4764
499 373 682 420 monsrnmr
709 373 751 420 ns
771 374 883 419 ranan.
1142 355 1206 443 ’183Ι

180 525 323 590 iecerunt
343 526 460 607 portari
482 525 617 598 terrum,
637 526 695 589 sed
710 525 881 589 aduersarii
896 544 1006 588 eorum
1020 526 1141 608 seipsos
1154 544 1206 587 re-

181 647 418 719 cognoscentes,
439 637 694 718 subterfugerunt
708 637 881 717 predictam
897 644 1012 701 terram
1027 637 1119 699 castri
1133 655 1207 719 pre·

179 750 347 815 nominatis
367 748 536 820 actoribus,
555 755 588 810 et
606 748 688 810 idem
710 756 833 811 actores
846 756 1064 811 conuenerunt
1084 747 1208 810 satisfa-

181 880 255 924 cere
269 860 364 922 iudici
381 868 412 923 et
429 858 588 941 pristaldo,
609 869 640 922 et
655 868 688 923 ut
702 861 803 923 exitus
817 859 911 923 huius
926 879 1019 922 cansa
1032 858 1209 922 indelebilis

181 973 308 1048 existat,
331 972 470 1053 predicte
492 979 595 1051 partes
617 979 731 1035 terram
748 972 902 1053 quesitam
924 971 1014 1035 metis
1033 972 1209 1052 circompo-

180 1083 247 1145 sitis
262 1081 406 1144 lecerunt
427 1081 584 1163 separari,
606 1101 738 1163 quarum
753 1085 906 1144 metarum
920 1100 983 1144 ona
997 1091 1044 1144 est
1057 1082 1089 1144 in
1103 1089 1208 1144 monte

181 1194 309 1257 nomine
321 1194 462 1264 Bursors,
476 1193 549 1254 inde
565 1212 623 1272 per
636 1191 750 1254 uallem
766 1192 864 1254 liusol
878 1192 965 1254 uadit
979 1191 1018 1255 ad
1030 1190 1209 1272 Agosholm,

183 1301 302 1364 atinde
316 1321 374 1382 per
390 1301 504 1365 uallem
521 1302 647 1364 nomine
661 1303 703 1363 Er
723 1301 811 1364 uadit
825 1302 864 1363 ad
878 1311 993 1365 metam
1007 1301 1121 1367 Uisata.
1153 1299 1210 1363 setl

184 1422 328 1494 preterea
348 1421 437 1476 extra
456 1420 555 1474 metas
575 1410 644 1473 illas
664 1432 775 1475 uersus
795 1412 1072 1493 septentrionalem
1085 1411 1210 1495 plagam

183 1525 381 1604 supradictus
405 1524 478 1605 llog
503 1524 598 1585 habet
623 1524 671 1586 ius
696 1523 845 1587 sessionis
872 1524 913 1586 ad
935 1524 1077 1606 spacium
1101 1523 1210 1605 uiginti

182 1637 335 1718 iugerum.

265 1744 353 1826 (359)
371 1744 509 1808 Absolon
523 1745 605 1808 lilius
619 1748 722 1811 Hurtu
739 1755 887 1810 oretenus
903 1755 950 1811 eat
964 1748 1071 1822 nobis,
1093 1745 1212 1812 scilicet

181 1858 317 1940 capitulo
333 1857 514 1921 Uaradieusi
538 1866 739 1932 contestatus,
760 1859 846 1941 quod
870 1858 1063 1921 uendidisset
1084 1858 1210 1924 domine

180 1970 316 2042 iustine,
338 1969 427 2032 uxori
444 1968 592 2031 uidelicet
603 1967 682 2031 llice
697 1968 839 2041 comitis,
860 1976 980 2051 septem
996 1970 1097 2051 capita
1110 1970 1213 2034 homi·

182 2101 274 2154 uum,
296 2100 431 2162 quorum
455 2080 581 2142 uomina
602 2080 662 2142 hec
684 2089 775 2142 sunt:
797 2079 942 2154 Mathlra,
968 2098 1049 2143 uxor
1069 2082 1212 2145 eiusdem

182 2191 338 2261 Felicitas,
360 2200 391 2253 et
414 2191 467 2252 filii
483 2211 593 2253 eorum
610 2191 757 2264 Thomas,
778 2189 956 2265 Tanalchu,
977 2190 1084 2254 etlille
1099 2210 1214 2256 eorun-

183 2301 257 2364 ‹lem
272 2301 385 2382 Maged
400 2309 432 2364 et
446 2300 542 2382 llegu.

265 2409 354 2492 (360)
376 2413 469 2475 Ciues
484 2413 577 2475 castri
590 2413 750 2475 Bolondos
773 2413 813 2475 de
836 2410 911 2475 oilla
924 2413 1075 2495 Leginer:
1097 2414 1212 2488 Motcu,

185 2521 308 2595 Unuca,
329 2522 502 2604 Hertugug,
524 2523 642 2604 Luchy,
664 2523 767 2605 Ugud,
787 2523 901 2596 Baldo,
922 2523 990 2586 Bila
1003 2531 1035 2587 et
1048 2524 1101 2586 alii
1114 2525 1214 2605 impe-

185 2634 307 2695 eierunt
327 2634 481 2714 quosdam
503 2635 542 2695 de
564 2635 676 2695 eadem
698 2633 773 2696 uilla
793 2633 874 2696 filios
892 2633 1089 2716 iouliagionis
1113 2633 1212 2696 sancti

185 2746 280 2827 regis,
300 2746 418 2808 scilicet
439 2745 631 2820 Serltentetr,
651 2746 785 2818 Marcel,
806 2745 899 2820 Asel,
920 2745 1032 2828 llogya
1047 2756 1078 2809 et
1093 2746 1145 2819 Us,
1165 2744 1213 2808 (li-

187 2866 304 2930 centes,
331 2859 416 2940 quod
431 2877 541 2920 eornm
557 2867 662 2922 essent
677 2857 842 2932 conciues,
864 2857 956 2921 simili
977 2857 1098 2932 officio,
1119 2857 1215 2921 idest

186 2969 292 3033 debito
307 2969 512 3031 castrensium
527 2970 734 3033 subiacentes.
755 2969 799 3032 illi
813 2977 917 3032 autem
932 2970 1079 3032 dixerunt
1093 2989 1128 3033 se
1143 2988 1213 3033 esse

185 3079 267 3143 lilios
290 3081 513 3162 ioubagionum
534 3082 632 3144 sancti
651 3082 746 3162 regis,
766 3089 798 3142 et
816 3080 877 3142 hoc
895 3080 978 3142 idem
993 3080 1158 3152 dixerunt,
1179 3087 1215 3142 ut

187 3189 355 3271 pristaldos
380 3211 489 3253 eorum
516 3190 687 3271 perhibuit,
717 3189 921 3270 ioubngiones
946 3189 1087 3250 eiusdem
1110 3188 1214 3263 castri,

187 3298 335 3360 uidelicet
348 3299 454 3360 ltlatha
470 3298 617 3378 princeps
633 3299 799 3373 exercitus,
820 3298 967 3372 Chichur,
978 3299 1095 3372 soeret,
1109 3299 1214 3381 Mogy,

186 3409 346 3481 Peremus,
368 3409 516 3482 Thomas,
542 3410 615 3484 lnd,
635 3408 762 3484 Albeus,
790 3409 931 3492 Gyurca,
953 3409 1067 3483 Poula,
1087 3409 1215 3484 Budins,

187 3519 320 3582 Henchu
343 3520 543 3582 centuriones
564 3531 596 3584 et
617 3520 686 3594 alii,
706 3541 841 3603 quorum
863 3521 1042 3584 testimonio
1063 3521 1214 3583 Martinus

187 3650 291 3695 comes
307 3650 417 3695 eorum
432 3651 495 3692 non
511 3641 686 3707 contentus,
710 3652 766 3714 per
780 3632 963 3714 pristaldum
977 3633 1103 3696 nomine
1119 3634 1215 3697 Noet-

186 3743 237 3806 len
262 3745 301 3805 de
317 3743 390 3804 uilla
406 3742 501 3804 Olsnc
525 3743 607 3805 misit
630 3743 669 3806 ad
692 3763 823 3806 examen
845 3744 921 3806 ferri
945 3744 1105 3807 candentis
1120 3746 1214 3807 Uara-

187 3852 313 3926 diunm,
342 3853 395 3916 ulti
418 3854 628 3935 prenominati
649 3863 771 3918 actores
795 3853 916 3936 seipsos
939 3863 1237 3937 recognoscentes,

186 3965 350 4029 candentis
362 3964 438 4028 femi
452 3965 710 4047 subterfugerunt
721 3965 887 4040 iudicium,
901 3967 1041 4030 dicentes
1055 3967 1213 4047 predictos

186 4076 386 4138 aduersarios
404 4076 544 4158 ipsorum
563 4095 634 4140 esse
655 4076 736 4139 filios
756 4075 980 4159 ioobagionum
1002 4076 1101 4140 sancti
1118 4075 1213 4157 repis,
1235 4154 1238 4162 Ι

186 4194 220 4250 at
232 4194 408 4275 asserentes
421 4206 457 4252 se
470 4186 550 4251 lslso
565 4189 606 4253 de
620 4186 703 4274 ciuili
718 4186 853 4254 rernicio
866 4186 939 4253 illos
953 4184 1141 4270 impeciisse.
