2798 4764
240 325 302 392 586
389 341 650 390 eunsrsrorsosss
672 341 808 386 srnouus
827 338 984 385 nuosusrs.
1025 320 1116 384 1279.

240 496 344 578 aliqua
357 493 498 568 ciuitate,
520 502 623 557 castro
638 494 689 556 nel
705 493 793 567 uilla,
815 492 848 553 in
862 493 1006 555 domibus
1022 512 1078 553 seu
1095 490 1268 570 possessio·

242 607 333 669 uibus
352 606 417 668 suis
437 606 579 668 habitare
600 607 773 687 permittat,
803 625 863 667 uec
884 605 928 666 eis
951 605 1001 665 uel
1022 603 1178 684 aliquibus
1200 604 1268 665 aliis

242 719 383 800 ipsarum
400 719 543 791 nomine,
566 719 615 780 uel
639 739 696 799 pro
711 719 786 799 ipsis
806 725 859 778 aut
878 717 1032 777 insumatis
1048 716 1086 776 de
1102 717 1269 788 lenocinio,

241 828 370 903 fauore,
391 830 580 890 commercio
603 838 657 892 aut
670 827 916 890 conuersacioue
931 828 999 888 siue
1017 827 1207 906 protectione
1223 836 1269 887 ta-

241 938 318 1002 lium
339 939 505 1001 mulierum
534 940 644 1000 domos
673 940 755 1019 ipsas
780 938 830 999 uel
853 939 1084 1017 possessiouem
1110 957 1199 998 suam
1222 938 1268 999 eis

242 1028 427 1126 concedere,
447 1049 561 1123 locare,
583 1052 738 1121 uendere,
759 1049 810 1110 uel
826 1051 944 1111 donare
956 1068 1146 1129 quocunque
1164 1049 1268 1121 modo,

242 1163 296 1226 uel
317 1163 427 1224 fraude
449 1171 617 1244 presumat
639 1163 723 1244 quod
744 1161 769 1223 si
784 1162 855 1242 quis
871 1169 979 1222 contra
1001 1159 1180 1221 huiusmodi
1194 1180 1269 1220 cou-

242 1273 442 1338 stitucionem
463 1274 573 1338 uenire
599 1273 823 1355 presumpserit
844 1273 948 1335 tandiu
964 1292 1022 1353 per
1036 1272 1209 1333 ordinarios
1225 1274 1268 1332 lo-

243 1406 354 1450 corum
380 1395 411 1449 et
436 1388 636 1468 presbyteros
661 1385 881 1468 parochiarum
905 1385 936 1445 in
962 1385 1077 1465 quibus
1102 1384 1268 1445 uiolatores

243 1500 478 1563 constitucionis
507 1499 601 1561 huius
629 1499 790 1580 degerint,
823 1498 861 1558 ab
884 1497 1016 1559 ecclesie
1038 1505 1203 1557 arceantur
1222 1497 1269 1556 iu-

243 1630 372 1692 gressu,
399 1617 432 1671 et
453 1630 471 1671 a
492 1611 694 1690 perceptione
718 1616 985 1671 sacramentorum
1005 1607 1180 1668 habeantur
1200 1628 1270 1668 sus-

244 1721 352 1802 pensi,
375 1721 475 1783 donec
495 1723 570 1800 ipsis
591 1721 731 1800 turpibus
753 1720 895 1800 personis
918 1720 957 1780 de
973 1719 1062 1780 dictis
1077 1719 1219 1779 domibus
1240 1728 1270 1779 et

243 1831 495 1913 possessionibus
518 1852 646 1912 prorsus
668 1832 790 1904 eiectis,
812 1840 843 1892 et
865 1833 994 1911 prestita
1015 1829 1183 1891 sufficienti
1197 1850 1270 1890 cau·

244 1943 354 2016 cione,
374 1944 460 2025 quod
479 1942 608 2005 ulterius
626 1943 658 2004 in
677 1941 791 2005 talibus
813 1962 875 2003 uon
892 1943 1061 2014 excedent,
1083 1950 1115 2003 et
1128 1942 1168 2003 ad
1184 1961 1272 2002 man·

245 2055 352 2116 datum
375 2055 606 2117 ordinariorum
629 2055 696 2116 siue
718 2054 917 2134 superiorum
939 2053 990 2114 uel
1015 2054 1270 2134 presbyterorum

245 2167 469 2247 parochialium
490 2186 636 2239 suorum,
659 2173 778 2227 tantum
801 2166 840 2225 de
863 2165 952 2225 barnis
975 2166 1039 2225 suis
1060 2165 1093 2224 in
1111 2165 1180 2245 pios
1195 2184 1272 2225 usus

244 2279 440 2359 expendant,
454 2286 605 2359 quantum
620 2298 677 2357 pro
691 2277 870 2338 huiusmodi
885 2275 1063 2347 locacioue‚
1084 2276 1272 2337 uendicione

243 2408 301 2453 seu
325 2389 527 2451 concessione
553 2389 752 2470 perceperint
773 2397 827 2451 aut
847 2389 1023 2469 percepturi
1043 2387 1161 2449 suerint
1181 2405 1273 2448 occa-

243 2501 332 2563 sione
348 2502 497 2581 predicta.
527 2521 662 2581 persone
677 2510 782 2562 autem
798 2498 1015 2569 ecclesiastice,
1031 2499 1057 2561 si
1078 2500 1109 2559 in
1124 2499 1273 2579 predictis

244 2612 451 2684 excesserint,
483 2623 589 2691 preter
614 2612 768 2692 predictas
795 2632 891 2692 penas
920 2631 977 2691 per
1003 2611 1177 2671 ordinarios
1202 2611 1272 2670 siue

242 2723 423 2801 superiores
445 2740 519 2782 suos
540 2723 666 2801 grauius
689 2723 866 2802 puniantur.
895 2722 977 2782 hunc
999 2731 1103 2783 autem
1123 2721 1273 2782 constitu·

243 2832 365 2893 cionem
381 2833 420 2892 ad
434 2832 576 2912 publicos
592 2833 749 2893 adulteros
765 2844 795 2895 et
809 2833 1015 2905 incestuosos,
1031 2835 1114 2895 etad
1130 2832 1272 2913 publicas

244 2941 402 3005 adulteras
422 2952 452 3003 et
467 2944 671 3014 incestuosas,
694 2964 773 3023 quos
796 2953 827 3004 et
842 2965 919 3026 quas
935 2943 1272 3005 excommunicacionis

244 3055 404 3115 sentencie
420 3053 616 3115 deceruimus
637 3055 813 3128 subiacere,
836 3055 962 3117 extendi
979 3056 1123 3116 uolumus
1140 3065 1170 3115 ct
1184 3073 1274 3115 man-

245 3166 365 3229 damus.

327 3276 394 3358 llll)
414 3278 582 3340 Statuimus
605 3278 689 3358 quod
712 3277 752 3339 ad
774 3278 856 3338 bona
880 3277 1126 3338 dcceudenrium
1149 3276 1272 3356 episco-

244 3409 357 3471 porum
379 3410 437 3452 seu
456 3389 708 3470 episcopatuum,
730 3397 761 3450 et
783 3389 916 3451 aliorum
936 3389 1118 3449 interiorum
1135 3387 1273 3467 prelato-

243 3521 315 3564 rum
329 3502 515 3562 secularium
532 3521 588 3563 seu
603 3501 819 3583 religiosorum
843 3500 1103 3562 mosrasteriorum
1126 3496 1176 3558 uel
1196 3497 1273 3558 ulia·

244 3633 313 3675 rum
329 3613 533 3675 ecclesiarum
549 3613 749 3684 uacancium,
770 3612 872 3673 nullus
895 3613 1006 3672 Laicus
1027 3619 1272 3691 quantecunque

244 3730 277 3783 at
291 3723 506 3803 cuiuscunque
525 3724 565 3785 sit
580 3723 761 3794 altitudinis,
783 3723 992 3793 excellencie,
1014 3721 1204 3782 condicionis
1221 3720 1274 3781 uel

244 3840 361 3903 status,
393 3853 502 3894 manus
531 3854 604 3896 suas
629 3834 755 3895 extendi
784 3833 880 3895 saciat
908 3831 958 3894 uel
983 3833 1156 3913 permittat,
1188 3830 1274 3892 bona

243 3943 423 4005 huiusmodi
438 3945 622 4018 auterendo,
635 3953 688 4008 aut
699 3945 797 4008 eciam
813 3946 998 4025 occupando
1014 3945 1179 4005 occasione
1195 3942 1274 4004 iuris

244 4063 437 4138 patronatus
458 4056 509 4116 uel
524 4056 585 4117 alio
601 4076 790 4138 quocunque
806 4065 959 4138 pretextu.
988 4055 1114 4136 quodsi
1131 4056 1201 4135 quis
1216 4054 1274 4116 lai·

245 4187 353 4235 eorum
374 4174 482 4230 contra
505 4169 765 4233 constitucionem
784 4168 965 4232 huiusmodi
985 4168 1093 4231 uenire
1108 4187 1276 4249 presump-
