2798 4764
435 380 569 432 srsooos
590 383 819 434 srmcormssrs
840 386 942 435 rnron.
1141 366 1202 436 351

174 539 228 605 (ῢὶ)
245 542 276 591 dc
288 540 398 591 decimis
413 539 577 592 elericorum.

173 635 228 698 (b'2)
246 635 275 685 de
287 633 484 685 archidiaconis.

174 726 229 792 (63)
246 729 276 778 de
288 726 441 792 presbiteris
454 732 478 775 ct
491 726 574 776 seruis
590 726 769 780 ecclesiarum.

174 818 228 883 (at)
244 821 273 872 dc
286 821 475 886 congregandis
489 820 589 871 clericis
602 822 633 870 nd
645 828 761 872 serrolam
776 822 910 888 synodum.

509 1073 685 1112 nxrntctnn‘n
706 1073 860 1112 cartonen.

291 1364 433 1426 SANCTI
454 1364 629 1426 summus
655 1364 770 1426 ADSIT
792 1360 908 1425 NOBIS
930 1362 1084 1426 Guactt.

255 1660 401 1741 Inprimis
416 1659 663 1741 interpellandus
679 1668 727 1721 est
741 1679 817 1721 rex:

256 1775 311 1848 (1)
335 1785 366 1836 ut
389 1792 482 1835 cause
506 1773 691 1835 clericorum
720 1772 771 1834 uel
795 1769 1075 1833 ecclesiasticarum
1095 1788 1202 1833 rerum

175 1884 326 1946 canonice
341 1885 499 1946 finiantur.

257 1999 312 2072 (Ξ)
335 2005 368 2059 ut
384 1997 467 2057 omni
485 1997 640 2060 dominico
657 1998 706 2059 die
721 1996 753 2059 in
769 1996 939 2059 maioribus
952 1995 1094 2059 ecclesiis
1106 2014 1203 2060 euon-

175 2110 290 2191 gelium
312 2117 342 2170 et
364 2108 496 2189 epistola
517 2116 548 2170 et
566 2109 645 2171 fides
668 2096 1006 2191 exponantur'populo,
1027 2109 1059 2170 in
1074 2107 1202 2171 minori·

174 2220 232 2281 bus
247 2240 323 2281 uero
340 2220 482 2282 ecclesiis
496 2220 575 2282 fides
592 2228 623 2282 et
638 2220 744 2281 oracio
761 2219 928 2282 dominica.

257 2333 315 2404 (3)
336 2339 370 2392 ut
386 2332 486 2391 omnis
502 2331 636 2412 populus
651 2332 683 2392 in
699 2331 814 2411 pascba
830 2338 859 2392 et
877 2339 1078 2411 pentecosten
1101 2338 1133 2393 et
1146 2349 1202 2392 na·

176 2443 234 2504 tale
258 2444 375 2505 domini
397 2443 605 2524 penitenciam
628 2454 698 2525 agat
714 2452 745 2505 et
760 2445 978 2506 communicet.
1007 2443 1109 2505 clerici
1124 2463 1201 2507 uero

173 2555 205 2616 in
220 2557 365 2617 omnibus
381 2558 550 2618 maioribus
567 2557 653 2618 sestis
669 2557 909 2618 communicent.

255 2667 311 2743 (l)
334 2677 368 2728 ut
382 2689 489 2730 omnes
505 2667 708 2731 ecclesiastici
725 2667 852 2729 ordines
867 2667 899 2729 in
916 2668 1086 2733 maioribus
1102 2667 1203 2731 eccle·

174 2779 227 2838 siis
243 2778 427 2851 habeantur,
450 2788 481 2841 et
496 2779 633 2840 osticium
650 2800 741 2840 suum
756 2778 934 2841 exhibeant.

257 2894 316 2966 (5)
339 2899 373 2952 ut
397 2892 538 2953 canonici
560 2891 592 2953 in
615 2892 748 2954 elaustro
773 2899 804 2954 et
825 2890 966 2953 canonici
984 2891 1016 2953 in
1032 2891 1203 2954 curialite-

175 3003 288 3065 ratcrie
304 3003 481 3085 loquantur.

259 3116 317 3189 (o)
341 3124 374 3175 ut
387 3115 493 3195 ydiote
510 3116 673 3195 presbiteri
689 3136 753 3177 non
769 3118 964 3179 ordinentur.
991 3117 1044 3199 qui
1059 3135 1136 3178 uero
1151 3135 1203 3178 or·

176 3224 272 3286 dinati
288 3232 377 3297 sunt,
401 3226 519 3287 discant
539 3235 591 3288 aut
606 3227 813 3307 deponantur.

258 3338 318 3408 (7)
341 3344 374 3398 ut
388 3336 491 3397 nullus
507 3335 624 3416 aliquid
640 3336 678 3397 de
694 3336 755 3397 ritu
770 3336 951 3416 gentilitatis
966 3336 1124 3397 obscruet.
1148 3332 1203 3414 qui

175 3467 252 3508 uero
268 3447 394 3520 lecerit,
417 3449 441 3508 si
459 3449 497 3508 de
515 3447 685 3508 maioribus
700 3457 748 3509 est
763 3448 805 3507 Χ(
819 3448 886 3509 dies
899 3448 1039 3511 districte
1054 3446 1203 3527 peniteat,

175 3558 202 3619 si
218 3569 321 3620 autem
336 3561 375 3620 de
392 3559 563 3619 minoribus
578 3565 698 3638 septem
719 3560 785 3620 dies
800 3579 868 3620 cum
885 3558 995 3641 plagis.

259 3674 318 3747 (8)
341 3671 451 3753 siquis
469 3671 642 3752 descriptas
664 3672 849 3734 lestiuitatos
871 3693 934 3735 non
956 3671 1131 3747 seriauerit,
1153 3691 1206 3736 ca·

177 3784 248 3845 dem
263 3784 334 3865 lege
349 3785 513 3846 iudicetur.

259 3898 318 3969 (o)
341 3895 367 3959 si
383 3897 453 3977 quis
470 3917 526 3977 pro
542 3896 681 3959 facinore
697 3897 864 3959 commisso
878 3895 1047 3958 iniunctam
1064 3896 1207 3977 peniten-

177 4006 255 4068 ciam
280 4007 461 4089 negligens,
489 4010 528 4070 ab
553 4010 702 4091 episcopo
727 4010 1015 4072 excommunicatus
1039 4010 1072 4071 in
1095 4008 1207 4071 eadem

177 4120 383 4200 peruersitate
406 4121 536 4196 obierit,
558 4122 590 4184 in
611 4122 763 4186 cimiterio
787 4120 921 4186 ecclesie
943 4141 1005 4184 non
1026 4120 1207 4202 sepeliatur,

176 4249 236 4296 nec
253 4250 272 4293 a
287 4231 479 4315 presbiteris.
