2798 4764
209 315 271 379 390
293 333 405 379 onnam
418 334 463 378 111.
477 333 505 377 ι.
514 333 548 378 ιι.
562 331 770 377 courrnuerro
784 331 895 377 srsonr
908 328 1123 376 senonensis.
1151 310 1242 376 1186.

294 485 340 569 (2)
363 488 395 552 si
416 488 527 569 aliquis
551 508 590 550 ex
614 488 773 549 canonicis
798 486 929 549 ecclesie
951 495 1004 548 tue
1031 486 1240 548 demandato

211 599 458 681 archiepiscopi,
480 599 533 680 qui
556 619 613 681 pro
635 609 776 679 tempore
798 598 907 670 luerit,
929 597 979 659 uel
1003 597 1146 677 capituli,
1169 618 1241 678 pro·

211 711 341 773 cesserit
362 709 570 790 aliquorsum,
600 710 701 771 donec
724 719 811 771 extra
839 710 1063 790 permanserit,
1094 709 1240 790 exigente

211 822 417 895 necessitate,
440 822 558 883 tructus
581 822 743 903 prebende
766 842 840 894 sue,
867 842 922 884 seu
939 821 1015 884 alios
1031 821 1149 883 reditos
1165 841 1240 882 suos

210 932 331 1015 integre
347 941 567 1013 consequatur.

293 1041 337 1126 (3)
365 1044 554 1106 Prohibuisti
582 1047 681 1109 eciam
707 1066 746 1107 ne
772 1046 989 1107 conuenticola
1014 1044 1143 1119 fierent,
1177 1065 1240 1127 que

212 1157 422 1220 fraternitates
442 1154 648 1238 appellantur,
671 1165 702 1220 et
720 1177 762 1220 ne
776 1177 882 1219 comes
897 1156 948 1218 uel
963 1155 1042 1218 alius
1058 1157 1240 1238 quicunque

210 1267 309 1332 laicus
332 1288 403 1329 cum
424 1278 506 1330 tuam
530 1268 695 1331 ecclesiam
716 1277 839 1330 rectore
860 1287 974 1328 uacare
995 1267 1177 1348 contigerit,
1200 1268 1239 1329 de

212 1380 321 1454 domo,
342 1379 395 1444 uel
418 1378 486 1442 aliis
507 1380 601 1443 rebus
622 1379 857 1453 ecclesiasticis,
886 1399 920 1440 se
946 1379 1153 1441 intromittere
1175 1379 1239 1447 nllo

211 1494 306 1554 modo
319 1502 487 1573 presumat,
503 1492 553 1554 uel
570 1510 736 1573 personam
751 1491 886 1573 aliquam
902 1491 947 1552 eis
962 1491 1115 1572 preficere
1128 1536 1238 1552 ......

211 1603 349 1667 Clericus
365 1606 404 1666 de
421 1605 593 1677 communi,
616 1604 666 1666 uel
681 1604 807 1666 maioris
822 1612 853 1666 et
868 1604 998 1665 sanioris
1013 1605 1111 1685 partis
1126 1607 1238 1666 sotira·

212 1734 384 1798 ganeorum
400 1714 529 1776 consilio
546 1716 668 1777 duxerit
682 1715 901 1777 ordinandum.

295 1825 341 1908 (d)
363 1827 502 1890 Statuisti
514 1828 629 1901 eciam,
644 1837 677 1890 ut
691 1828 793 1889 nullus
807 1827 839 1888 in
854 1828 1036 1891 sacerdocio
1050 1828 1146 1890 duxat
1160 1848 1238 1890 uxo-

211 1959 294 2012 rem,
315 1957 374 2000 nec
390 1938 430 2001 od
445 1938 618 2001 sacerdocii
640 1939 782 2001 ordinem
803 1949 990 2012 assumatur,
1012 1939 1072 2001 nisi
1090 1960 1123 2002 se
1138 1941 1239 2003 uictu-

211 2071 281 2115 rum
295 2051 474 2132 promiserit
488 2050 695 2127 continenter,
713 2050 798 2132 quod
812 2051 957 2114 uolumus
973 2051 1071 2112 eciam
1086 2051 1116 2112 io
1132 2050 1239 2113 diaco·

211 2173 301 2227 natus
316 2163 426 2225 ordine
441 2163 612 2225 obseruari.

292 2272 340 2356 (5)
361 2276 408 2338 nd
424 2277 483 2338 hec
499 2276 629 2358 insuper
644 2277 787 2351 statuisti,
802 2286 836 2339 ut
850 2277 956 2339 nullus
971 2279 1136 2360 episcopus
1151 2299 1239 2359 pres·

209 2385 359 2465 biterum,
380 2408 437 2449 seu
453 2385 602 2449 clericum
622 2388 748 2450 alterius
765 2389 910 2451 dioecesis
926 2390 1068 2471 accipere
1083 2390 1151 2451 sine
1165 2409 1238 2475 pro-

209 2499 268 2583 prii
291 2499 430 2581 episcopi
452 2497 579 2572 litteris,
605 2499 657 2562 uel
674 2500 819 2563 ordinare
836 2510 1012 2582 presumat;
1041 2510 1071 2562 et
1087 2511 1120 2564 ut
1135 2499 1238 2561 nullus

210 2611 343 2674 clericus
365 2611 529 2672 ecclesiam
550 2612 692 2675 obtinere
713 2634 771 2694 per
785 2612 881 2674 laicos
903 2612 952 2674 nel
968 2613 1111 2695 accipere
1127 2613 1166 2673 ab
1182 2612 1239 2673 ali·

211 2742 274 2805 quo
290 2722 505 2784 inuestituram
521 2723 653 2787 ecclesie
668 2744 732 2786 non
749 2724 887 2785 uocantis
903 2731 1082 2805 attemptet:
1105 2723 1191 2805 quod
1210 2724 1237 2785 si

209 2833 335 2907 fecerit,
358 2833 452 2895 officii
466 2834 674 2918 beneficiique
692 2855 774 2917 pene
790 2835 964 2899 muletetur.

292 2943 342 3026 to]
365 2947 400 3006 ln
415 2966 526 3008 caussa
542 2945 766 3022 ecclesiastica,
781 2947 840 3009 nisi
857 2966 953 3029 parua
968 2948 1025 3020 sit,
1040 2946 1154 3010 nullius
1169 2947 1236 3010 sine

209 3057 385 3120 iuramento
401 3057 612 3121 testimonium
627 3059 817 3135 admittatur,
840 3061 923 3142 quod
939 3061 969 3122 in
986 3059 1125 3142 qualibet
1137 3061 1235 3122 eciam

211 3171 422 3234 ecclesiastica
437 3190 529 3232 causa
545 3171 674 3233 dicimus
690 3173 934 3236 obseruandum.

294 3280 338 3364 (7)
361 3284 407 3345 lta
430 3302 505 3344 uero
526 3283 564 3346 de
589 3283 774 3346 monialibus
795 3285 975 3358 decreuisti,
998 3286 1083 3367 quod
1098 3294 1168 3368 post
1182 3306 1237 3347 an·

211 3414 285 3457 nom
308 3415 364 3458 sue
390 3396 587 3477 probacionis
611 3396 753 3458 uelamen
776 3396 945 3479 accipiant,
968 3405 1020 3458 aut
1037 3399 1237 3480 egrediantur

210 3505 250 3568 de
273 3505 425 3579 claustro;
448 3508 531 3588 qnod
555 3508 599 3570 sic
620 3516 740 3569 tantum
763 3507 907 3570 uolumus
930 3509 1108 3582 obseruari,
1130 3519 1163 3570 ut
1183 3531 1237 3572 ex·

209 3616 299 3699 pulse
321 3617 353 3677 in
375 3616 480 3698 aliquo
502 3618 573 3681 loco
597 3628 703 3680 uotum
724 3641 815 3681 suum
836 3617 1052 3702 (obseruentlt
1075 3641 1115 3682 ne
1131 3622 1238 3683 redar-

210 3728 335 3809 guende
351 3730 606 3808 transgressionis
621 3732 798 3795 uideantur.

293 3835 337 3918 (8]
359 3837 521 3900 Abbatissa
536 3861 614 3904 uero
629 3842 710 3906 intra
724 3863 865 3907 mensem
881 3842 1042 3907 electionis
1063 3866 1119 3909 sue
1141 3847 1237 3908 bene-

211 3948 381 4012 dictionem
404 3952 550 4035 accipiet,
572 3954 624 4018 uel
646 3965 768 4021 remota
789 3957 900 4020 eadem
922 3956 983 4019 alia
1004 3960 1192 4042 subrogetur
1207 3969 1239 4023 et

209 4079 313 4143 oeque
335 4062 419 4125 lineo
441 4065 647 4142 uestimento,
669 4088 773 4153 neque
795 4088 889 4131 cerne
912 4077 1054 4146 utantur,
1075 4072 1135 4135 nisi
1156 4071 1237 4136 sorte

210 4169 326 4238 fuerint
339 4171 516 4241 infirmitate
532 4177 668 4244 delente.
