2798 4764
354 340 379 389 s.
394 341 546 388 crunnum
566 341 657 388 nctus
679 342 887 390 uucnsronmr
907 341 1001 392 nnn
1013 345 1035 390 ι.
1150 326 1211 395 311

324 494 362 546 lle
374 494 541 546 concessione
553 493 634 558 regali
647 495 808 561 propriarum
820 509 915 548 rerum.

322 588 360 640 lto
372 594 471 638 retentu
484 588 609 651 regalium
622 604 717 638 rerum.

326 683 362 733 lle
375 680 558 733 obseruneione
570 680 691 731 dominici
706 679 765 732 diei,

223 817 229 828 .
327 774 464 825 ltemolin.

324 870 362 918 llo
374 867 556 917 obsernncione
568 867 604 917 tv
617 872 766 933 temporum.

326 962 364 1012 Do
378 959 559 1011 obsernncione
570 968 642 1010 sexte
655 959 728 1012 tenio.

323 1058 360 1108 lle
376 1057 416 1107 his
428 1058 470 1124 qui
483 1056 538 1107 sine
551 1055 717 1106 confessione
729 1055 880 1108 moriuntur.

326 1152 363 1202 lle
376 1151 536 1200 obseruando
550 1150 749 1203 christianitate.

328 1246 365 1296 llo
380 1243 532 1294 homicidiis.

329 1339 366 1389 Dc
381 1338 421 1387 his
436 1337 477 1405 qui
489 1353 551 1387 suns
564 1351 657 1386 uxores
670 1335 799 1388 occidunt.

327 1431 364 1481 lle
379 1430 564 1493 eunginucionc
582 1428 671 1492 gladii.

326 1522 364 1572 De
376 1522 496 1586 periuris.

325 1616 364 1667 Do
376 1615 485 1665 libertis.

328 1710 364 1759 lle
377 1716 503 1759 conuentu
516 1709 547 1758 nd
559 1708 696 1759 ecclesium
709 1714 734 1759 et
746 1709 776 1758 do
788 1707 829 1759 his
842 1709 884 1775 qui
896 1714 1055 1760 murmurant
1066 1708 1106 1760 uel
1118 1709 1212 1762 locun-

359 1807 402 1852 tur
414 1802 438 1850 in
451 1801 562 1851 ecclesis
574 1802 637 1850 horn
649 1801 738 1854 misse.

183 1896 242 1947 XX.
327 1896 364 1945 lle
377 1911 427 1944 non
440 1895 593 1961 recipiendis
605 1895 689 1945 seruis
702 1895 742 1945 uel
756 1895 860 1946 ancillis
876 1895 901 1946 in
914 1896 1109 1948 accusacionem
1127 1903 1152 1949 et
1168 1903 1211 1950 tc·

359 1988 480 2039 stimonio
493 2003 570 2052 super
582 1989 697 2038 dominos
709 2005 770 2039 suos
783 1989 823 2039 uel
838 1991 964 2040 dominns.

183 2081 256 2133 ΧΧΙ.
328 2082 365 2131 lle
378 2082 419 2131 his
431 2081 471 2148 qui
483 2081 576 2131 olienis
587 2081 671 2131 seruis
686 2082 828 2132 libertatern
840 2088 957 2147 querunt.

183 2176 269 2228 xxu.
328 2177 364 2226 lle
377 2175 417 2226 his
429 2176 471 2242 qui
483 2175 589 2225 libertos
601 2175 626 2225 in
638 2175 791 2226 seruitutem
806 2175 934 2238 redigunt.

180 2271 278 2322 Xlllll.
325 2271 362 2320 llo
374 2269 415 2319 his
427 2269 467 2334 qui
480 2268 588 2318 nlterius
601 2267 695 2318 milites
709 2267 758 2318 sihi
775 2268 877 2319 tollunt.

181 2364 275 2415 mv.
326 2365 363 2413 llo
377 2363 418 2413 his
431 2362 470 2429 qui
484 2362 591 2412 ulterius
603 2361 653 2411 sihi
665 2361 780 2427 hospites
792 2361 894 2413 tollunt.

182 2456 266 2508 XXV.
328 2457 364 2507 lle
378 2456 418 2507 his
430 2457 471 2522 qui
485 2455 650 2519 flagellantur
662 2470 709 2504 suc
725 2459 869 2520 querentes

180 2548 278 2601 xxvi.
326 2551 364 2600 De
377 2550 461 2599 uiduis
474 2555 499 2600 ct
511 2548 641 2614 orphanis.

180 2641 291 2692 xxvii.
326 2643 363 2692 lle
380 2648 452 2707 raptu
466 2642 616 2706 puellarum.

180 2734 302 2785 xxviii.
324 2736 361 2785 llo
376 2734 567 2785 fornicantibus
579 2750 637 2786 cum
649 2734 753 2785 ancillis
767 2733 883 2787 ulterius.

182 2828 278 2880 ΧΧΙΧ,
324 2830 361 2879 De
374 2829 413 2878 his
426 2829 467 2896 qui
481 2835 567 2893 potunt
578 2829 627 2879 sihi
640 2829 750 2880 oncillns
764 2829 862 2879 alienes
876 2829 900 2879 in
914 2844 1016 2881 uxores.

181 2923 265 2974 ΧΧΧ,
324 2924 362 2972 lle
375 2922 416 2971 his
428 2922 468 2990 qui
481 2929 553 2973 extro
566 2939 672 2987 rognum
685 2940 748 2974 suns
760 2923 865 2988 tugiunt
882 2938 984 2976 uxores.

181 3015 279 3067 xxxi.
324 3017 361 3067 De
375 3017 442 3066 furto
456 3017 600 3068 mulierum.

181 3109 292 3160 xxxii.
324 3110 361 3159 lle
375 3109 498 3160 incendiis
511 3109 678 3161 mensionum.

182 3201 307 3253 xxxin.
324 3202 361 3252 lle
374 3201 477 3264 strigis.

183 3292 305 3344 xxxiv.
325 3293 363 3344 lle
376 3293 510 3345 moletlcis.

184 3385 291 3436 XXXV.
326 3388 363 3438 De
376 3388 511 3438 inunsionc
523 3388 663 3437 domorum.

266 3730 288 3788 l.
330 3728 374 3788 De
388 3739 465 3790 notu
479 3746 576 3788 rernm
590 3727 856 3787 ecelesiasticorum.
894 3723 1043 3805 Quisquis
1059 3724 1140 3788 t'nstu
1158 3746 1212 3790 su·

183 3840 291 3921 perhie
306 3840 406 3902 elutus
421 3840 549 3902 domum
565 3839 615 3901 dei
631 3839 717 3900 ducit
731 3837 1012 3919 contemptibilem,
1034 3846 1066 3901 et
1085 3858 1212 3921 possen·

182 3952 290 4013 siones
312 3952 372 4015 deo
394 3960 606 4026 consecratas,
630 3960 723 4033 utque
746 3952 785 4013 nd
805 3951 959 4014 honorem
981 3951 1032 4014 dei
1051 3951 1110 4014 sub
1123 3952 1212 4037 regia

183 4064 375 4126 inmunitatis
408 4065 592 4128 defensione
617 4065 799 4127 constitutas
823 4065 989 4128 inhoneste
1015 4064 1212 4138 tructnuerit,

185 4174 237 4240 uel
256 4176 428 4259 infringere
447 4176 690 4264 presumpserit,
711 4177 800 4262 quasi
819 4175 947 4240 inuasor
961 4186 993 4240 et
1007 4176 1140 4241 uiolator
1154 4174 1211 4240 do·
