2798 4764
212 315 272 379 too
315 335 402 380 nana
421 333 462 380 iv.
484 334 574 379 aneis
595 334 744 379 nrnnnrus
767 333 923 378 nosrrrnu
942 332 982 376 nu
1006 330 1115 375 rnsrn.
1148 309 1238 375 trtt.

294 488 341 548 Ad
357 487 506 549 maiorem
519 495 622 548 nutem
635 485 812 548 firmitatem
828 485 1037 565 predictorum
1053 482 1160 544 literas
1172 502 1244 564 pre-

212 605 318 661 sentes
342 607 449 659 nostro
470 597 571 678 sigillo
593 597 723 659 fecimus
738 596 934 659 communiri.
965 595 1070 657 dutum
1085 595 1116 654 in
1133 594 1246 656 eastris

212 709 299 771 iuxta
320 717 457 770 castrum
474 708 575 770 Galus.
606 729 688 770 anno
705 707 822 770 domini
845 706 1008 769 millesimo
1025 706 1241 768 ducentesimo

212 820 454 901 quadragesimo
472 829 593 902 quarto.
616 821 653 881 ll.
675 818 737 881 kal.
751 818 830 880 lulii.

552 1040 903 1055 mm

559 1231 674 1315 buln
699 1232 755 1314 lll.
782 1231 902 1315 REGIS

287 1393 552 1473 Liburnus
580 1392 856 1468 HOSPlTUlll
881 1396 950 1467 DE
978 1394 1162 1468 Pnsrfl.

633 1537 824 1599 ltccxutv.

342 1679 364 1728 Ε
379 1679 483 1728 'lhomac
496 1678 526 1726 dc
538 1675 698 1743 Nyir·liallo
714 1674 790 1741 Stylo
805 1674 983 1726 Concclloriae.
1001 1693 1024 1725 o.
1047 1675 1116 1727 ttoo.

297 1937 332 1995 ln
347 1934 473 1996 nomine
489 1942 594 1996 sancte
611 1934 756 1996 trinitatis
769 1944 800 1998 et
815 1933 977 1997 indiuiduo
991 1936 1125 1998 unitatis.
1142 1955 1244 1996 amen.

215 2046 306 2120 Bela,
336 2047 386 2108 dei
412 2044 517 2127 gracia
542 2045 720 2126 Hungarie,
749 2045 924 2119 Dalmncic‚
957 2046 1100 2118 Croucie,
1133 2047 1244 2118 Rame‚

216 2159 340 2231 Seruie,
362 2157 506 2230 Gallicie,
535 2157 723 2220 Lodonrerie
749 2157 962 2239 Comanieque
992 2178 1048 2220 rex
1075 2159 1107 2219 in
1133 2179 1246 2240 perpe-

217 2281 313 2333 tuum.
340 2270 485 2333 omnibus
512 2269 625 2331 Christi
650 2268 793 2331 fidelibus
821 2278 1000 2350 presentem
1027 2271 1172 2385 paginam
1199 2271 1246 2330 in-

216 2384 371 2465 specturis
387 2382 519 2444 salutem
536 2383 566 2443 in
582 2383 719 2444 omnium
735 2383 900 2445 saluatore.

299 2496 402 2569 Quum
418 2495 448 2557 in
465 2494 660 2557 multitudine
677 2494 863 2576 populorum
884 2515 994 2575 regum
1017 2514 1053 2556 ac
1069 2495 1243 2576 principum

217 2606 316 2687 gloria
336 2627 535 2687 summopere
552 2607 746 2678 attendatur,
768 2627 831 2667 non
847 2606 993 2668 inmerito
1010 2605 1122 2687 regalis
1138 2608 1247 2667 deere-

216 2718 261 2780 uit
275 2717 447 2780 sublimitas
472 2739 544 2779 suos
560 2718 701 2781 subditos
717 2719 960 2799 promisionibus
976 2719 1178 2800 amplioribus
1195 2738 1245 2779 or-

216 2827 343 2901 dinare,
364 2837 398 2890 ut
420 2828 570 2909 populus,
600 2828 659 2890 sibi
684 2829 869 2902 seruiendo,
891 2829 1041 2892 fidelitate
1062 2840 1093 2891 et
1114 2850 1245 2891 numero

217 2948 381 3022 angeatur.
414 2942 453 3002 ad
475 2940 695 3003 uniuersorum
717 2942 811 3023 igitur
825 2943 973 3003 noticiam
995 2943 1193 3024 presencium
1210 2962 1245 3002 ac

217 3060 429 3133 posterorum,
444 3052 555 3113 barum
571 3061 679 3114 tenore
697 3053 841 3115 uolumus
858 3055 1034 3135 peruenire,
1048 3055 1132 3135 quod
1149 3074 1244 3134 quum

217 3169 360 3244 tempore
381 3162 638 3245 persequucionis
655 3166 872 3238 Tartarornm,
898 3184 1032 3246 quornm
1055 3164 1191 3245 impetus
1215 3172 1246 3224 et

217 3276 351 3348 senicia,
384 3275 510 3337 domino
537 3276 751 3357 permittente,
778 3276 896 3357 grande
921 3276 1120 3357 dispendium
1144 3273 1246 3336 intulit

219 3408 317 3469 regno
333 3394 449 3459 nostro,
472 3387 610 3468 hospites
632 3387 727 3450 nostri
749 3389 788 3448 de
804 3388 914 3459 Pestb,
936 3387 1134 3468 priuilegium
1150 3406 1245 3466 super

219 3498 357 3579 ipsorum
388 3498 529 3561 libertate
556 3499 734 3561 conlectum
760 3506 791 3560 et
816 3518 1000 3561 concessum
1037 3498 1245 3568 amississent,

219 3629 276 3671 nos
291 3609 404 3672 scriem
418 3609 568 3671 libertatis
584 3618 770 3681 memorate,
793 3629 887 3690 quum
904 3619 987 3670 esset
1001 3609 1134 3679 notoria,
1155 3607 1245 3670 duxi·

219 3738 288 3781 mus
309 3721 523 3781 renouandam
548 3728 579 3781 et
604 3720 800 3800 presentibus
826 3720 1053 3791 annotandum,
1083 3738 1144 3800 qne
1175 3716 1243 3779 talis

219 3836 277 3900 est,
297 3828 461 3891 uidelicet:

302 3941 360 4013 (1)
383 3940 468 4020 quod
489 3940 519 4001 in
535 3939 790 4021 expedicionem,
811 3939 843 4001 in
858 3959 953 4021 quam
969 3938 1176 4020 personaliter
1189 3938 1246 4000 ibi·

219 4069 299 4123 mus,
321 4051 437 4114 debent
457 4051 621 4114 nobiscum
639 4051 761 4116 mittere
776 4052 886 4116 decem
906 4050 1019 4114 milites
1034 4050 1182 4113 decenter
1196 4068 1247 4110 ar·

219 4168 329 4228 matos.
