2798 4764
301 744 584 839 aaronica
614 745 1080 838 nuuunnunutt.

432 930 455 983 ll
472 929 559 983 codiee
573 929 754 982 Worssvieusl
770 928 859 982 seculi
875 928 948 982 XIII.

178 1237 324 1303 INCIPIT
339 1237 511 1304 cnoelct
531 1240 821 1317 HUNGARORUII,
840 1238 985 1304 lUNCTA
1003 1238 1058 1302 ΕΤ
1071 1236 1204 1303 tttxrt

223 1350 305 1414 CUM
319 1351 500 1416 uuontcts
514 1352 762 1417 POLONOIIUM
782 1351 835 1415 ET
850 1351 941 1416 UlTll
956 1350 1098 1415 saucit
1112 1350 1203 1416 ste-

219 1462 350 1527 PHANI.

240 1687 389 1774 Domino
409 1731 466 1777 suo
480 1709 651 1776 Culomano
671 1713 738 1797 regi
761 1714 1032 1789 excellentissimo,
1059 1713 1202 1779 Chartui-
1309 1696 1318 1713 ’

179 1824 243 1887 cius
258 1824 425 1906 episcopus
439 1824 601 1908 spirituale
615 1822 820 1888 mioisterium
835 1823 886 1887 dei
900 1823 1089 1906 benignitate
1105 1824 1203 1906 adep·

179 1946 242 2009 tus,
266 1944 338 2019 post
351 1935 444 2000 buius
458 1937 522 2000 uite
543 1937 711 2000 termidum
731 1935 808 1999 illud
828 1957 908 2020 euge
928 1945 1073 2020 precatur
1088 1936 1203 2019 sempi-

179 2056 312 2112 ternum.
347 2049 520 2134 Aggredior
539 2069 622 2114 nunc
641 2070 720 2133 opus
742 2049 939 2114 serenissime
959 2068 1016 2112 rex
1036 2049 1123 2123 iussu
1148 2057 1203 2112 tue

179 2159 254 2223 mibi
270 2160 509 2237 demandatum,
530 2180 624 2245 aquo
639 2160 791 2226 hactenus
804 2161 952 2245 ingenioli
967 2161 1029 2224 urei
1042 2159 1204 2245 impericia

178 2270 355 2347 abborruit,
377 2271 417 2335 ob
437 2271 470 2334 id
492 2272 654 2357 presertim
677 2273 761 2357 quod
781 2273 959 2339 Priscianus
982 2272 1202 2356 grammaticus

177 2382 253 2445 mibi
270 2382 343 2445 olim
359 2392 405 2446 sat
418 2383 501 2448 bene
515 2393 699 2468 perspectus
713 2391 745 2448 et
758 2384 910 2468 cognitus,
931 2383 1043 2467 procul
1056 2403 1075 2446 a
1090 2401 1140 2449 me
1155 2380 1202 2447 di·

177 2515 317 2577 gressus,
344 2497 407 2559 iam
431 2496 590 2579 decrepito
615 2497 704 2570 mibi,
737 2504 885 2580 tanquam
909 2494 1041 2580 caligine
1065 2495 1201 2578 quadem

175 2606 404 2688 septuslaciem
416 2607 542 2670 exbibet
553 2609 813 2671 obscurissimam.
835 2610 891 2672 sed
904 2627 974 2670 cum
991 2608 1051 2670 alia
1062 2628 1101 2673 ex
1112 2616 1201 2691 parte

176 2717 333 2801 dignitatis
347 2726 400 2780 tue
415 2719 609 2781 attenderem
631 2719 846 2793 autoritatem,
873 2720 946 2782 uicit
962 2702 1087 2782 undem
1109 2718 1201 2782 anxie

176 2830 289 2893 ruentis
305 2830 532 2894 dubitacionem
549 2849 673 2893 omnem
689 2832 837 2896 uirtutum
848 2832 986 2895 omnium
1001 2829 1054 2894 lux
1069 2842 1101 2897 el
1114 2851 1201 2916 gem·

176 2960 227 3003 ma
250 2940 452 3014 obediencia,
475 2942 561 3004 cuius
586 2941 659 3005 lorti
684 2924 821 3025 presidIe
845 2943 953 3018 fretus,
980 2944 1104 3011 tametsi
1125 2943 1200 3008 mibi
1273 2964 1275 2969 ’

176 3051 262 3116 uires
283 3072 445 3116 cernerem
468 3053 553 3117 baud
575 3074 733 3138 quaquam
754 3065 939 3141 suppetere,
964 3057 1068 3140 operis
1091 3056 1200 3121 inche-

177 3164 250 3227 andi
270 3164 416 3249 fiduciam
437 3166 571 3248 suscepi.
601 3184 672 3230 cum
685 3166 748 3231 sint
760 3178 865 3232 autem
880 3169 1063 3252 plerumque
1081 3167 1200 3231 inuidis

176 3277 321 3351 obnoxie,
342 3297 403 3361 que
418 3279 500 3340 bona
514 3278 609 3343 animi
622 3276 734 3342 fiducia
749 3290 912 3364 geruntur,
933 3280 1065 3365 supplex
1080 3300 1135 3344 oro
1149 3297 1200 3343 re-

177 3391 259 3474 glam
279 3389 498 3456 sublimitatem
518 3401 620 3466 tuam,
642 3392 686 3456 uti
701 3393 842 3475 opusculi
863 3392 956 3457 huius
978 3392 1137 3476 suscipere
1159 3409 1199 3456 ue

177 3512 325 3586 mouetur
337 3504 554 3586 patrocinium,
568 3522 628 3567 nec
642 3505 819 3568 offendatur
831 3525 942 3589 purum
958 3503 1120 3567 commoda
1136 3502 1200 3565 dic·

177 3613 268 3677 cione
289 3624 342 3679 aut
355 3617 474 3680 ordinis
495 3626 527 3680 et
545 3636 651 3679 rerum
671 3625 827 3700 gestarum
848 3616 1044 3680 confusione.
1067 3615 1151 3699 quud
1173 3613 1201 3678 si

178 3737 321 3792 occurrat
330 3728 503 3811 quidpiam,
519 3728 602 3809 quod
617 3727 721 3791 ledam
733 3726 848 3792 babeat
858 3728 1078 3800 offensionem,
1094 3725 1200 3791 malins

177 3838 317 3903 codicem
335 3838 459 3922 ignibus
473 3838 612 3912 absumi,
634 3857 728 3921 quam
748 3837 857 3901 liuoris
880 3839 1041 3902 materiem
1063 3836 1200 3919 cuipiam

177 3952 294 4016 offerri.
324 3950 443 4034 etquis
457 3949 539 4013 bona
554 3949 659 4013 omnia
673 3950 714 4013 ad
731 3969 790 4014 nos
809 3967 849 4013 ex
863 3948 970 4014 diuina
984 3947 1201 4014 misericordIa

175 4064 424 4148 pmliciscuntur,
443 4062 540 4147 ipsius
554 4080 685 4127 munere
706 4063 751 4127 sic
770 4061 847 4127 libet
864 4061 1049 4148 opuseulum
1068 4081 1200 4150 presens

177 4190 344 4262 auspican.
