2798 4764
215 351 277 418 396
514 367 601 415 mn
616 367 662 413 nr.
683 366 773 412 naurs
794 363 944 411 nrnrnrss

216 525 345 596 leuioris
370 523 563 587 condicionis
585 542 655 587 esse
674 528 816 604 possunt.
855 521 1016 584 adiicimns
1038 520 1136 583 eciam
1159 521 1246 602 quod

219 638 397 721 quicunque
419 655 519 719 usque
546 637 584 698 ad
610 635 722 697 testum
746 633 975 715 purificacionis
1000 632 1091 694 beate
1117 631 1247 712 uirginis

219 756 310 822 totas,
331 747 383 810 uel
404 756 524 829 partem
548 748 757 818 decimarum,
778 745 871 827 plene
892 763 955 805 non
974 743 1081 816 soluit,
1102 743 1248 806 modoet

220 861 330 923 ordine
346 880 408 942 quo
424 868 473 921 est
487 859 621 933 dictum,
643 858 695 920 illa
711 857 868 938 possessio
884 863 990 918 nostre
1002 854 1156 916 maiestati
1172 872 1248 916 cun-

219 971 328 1037 fiscata
342 979 475 1044 arestat,
497 971 564 1033 siue
580 991 635 1052 spe
651 968 864 1032 misericordie
879 969 918 1029 ab
934 966 996 1040 illo,
1019 967 1073 1049 qui
1086 986 1153 1028 eam
1168 975 1249 1029 tota·

219 1080 291 1145 liter
315 1082 499 1163 perdiderit,
521 1081 712 1153 rehabendi,
735 1078 868 1142 ecclesie
891 1079 988 1161 ipsius
1004 1079 1118 1140 damno
1135 1078 1174 1139 de
1189 1077 1250 1140 eis·

222 1194 295 1259 dem
310 1215 329 1256 a
343 1194 447 1278 gracia
462 1194 550 1275 regia
567 1192 730 1256 resarcito.

256 1330 260 1339 ·
305 1303 371 1386 (11)
394 1307 470 1369 ltem
485 1325 544 1368 nec
559 1323 664 1368 comes
679 1304 836 1368 Palatinus
851 1303 1049 1377 uicesimam,
1069 1323 1129 1366 nec
1145 1324 1250 1368 comes

226 1418 436 1501 parochianus
458 1419 659 1480 centesimam
678 1418 710 1479 in
735 1417 864 1480 decimis
888 1416 1091 1479 ecclesiarum
1111 1419 1250 1480 omnium

223 1531 342 1597 habere
358 1530 480 1592 debeat.
507 1529 745 1612 necquicquam
761 1528 838 1592 alius
852 1529 1014 1590 hominum
1035 1538 1176 1610 pretextu
1196 1528 1252 1591 ali-

226 1643 314 1705 cuius
329 1642 473 1703 adiutorii
488 1642 519 1703 in
536 1643 665 1704 decimis
681 1642 853 1720 exigendis,
876 1640 1120 1721 preexcellencie
1136 1641 1186 1703 uel
1199 1662 1253 1703 co·

226 1754 367 1827 milatus,
390 1755 515 1835 penitus
538 1753 653 1814 nullius
677 1753 791 1833 fastigii
815 1753 958 1823 nomine,
980 1751 1096 1833 aliquid
1120 1752 1252 1832 deipsis

228 1864 359 1927 decimis
375 1863 507 1926 ecclesie
523 1864 716 1936 diminuere,
738 1861 790 1925 uel
805 1863 863 1924 sibi
879 1863 972 1925 modo
989 1862 1107 1945 aliquo,
1129 1861 1180 1924 uel
1200 1881 1255 1923 oc-

227 1974 354 2039 casione
377 1982 469 2036 nacta
491 1993 642 2054 usurpare
664 1983 840 2055 presumat,
863 1994 934 2035 cum
954 1982 1152 2036 sacrosancto
1168 1974 1255 2036 testi-

227 2085 334 2151 monio
346 2084 527 2166 euangelice
544 2084 693 2158 ueritatis,
708 2084 904 2146 sanctissimo
916 2105 971 2146 ore
984 2084 1150 2158 dominico,
1164 2084 1255 2146 reddi

228 2196 398 2260 districtius
421 2196 633 2279 depromatur,
660 2217 721 2278 que
746 2197 868 2258 Cesaris
892 2196 1015 2268 Cesari,
1044 2204 1075 2258 et
1098 2215 1160 2278 quc
1183 2204 1256 2259 suut

230 2308 281 2373 dci
297 2309 367 2382 deo,
388 2329 451 2370 non
467 2307 572 2370 inillis
590 2318 707 2370 tantum
724 2308 864 2380 decimis,
885 2328 996 2389 quasa
1012 2308 1098 2369 malis
1113 2307 1257 2369 christia-

229 2419 277 2482 nis
293 2429 323 2483 et
338 2419 545 2481 contensiosis
560 2418 891 2500 hominibusipsorum
907 2419 1075 2481 auctoritas
1090 2420 1257 2499 pereccle·

231 2529 307 2595 siem
319 2532 468 2613 requisita
480 2531 620 2612 exegerit
635 2539 666 2593 et
677 2540 828 2611 potestas.
851 2551 928 2614 quas
941 2531 1119 2613 quicunque
1131 2531 1256 2593 soluere

230 2639 404 2721 neglexerit
422 2661 521 2723 usque
536 2641 649 2703 festum
665 2643 763 2704 sancti
778 2641 901 2705 Martini
916 2644 948 2702 in
965 2651 1029 2706 toto
1047 2643 1096 2704 uel
1111 2644 1142 2703 in
1160 2652 1257 2722 parte,

232 2768 303 2811 cum
319 2751 435 2812 iudicio
451 2753 543 2812 trium
559 2772 750 2825 marcarum,
766 2754 796 2814 iu
813 2772 875 2834 qua
892 2774 971 2833 pena
987 2753 1120 2815 ecclesia
1136 2761 1255 2834 partem

233 2862 361 2925 terciam
378 2863 490 2924 debeat
504 2882 521 2923 a
536 2863 660 2936 talibus,
675 2865 735 2926 deo
752 2873 782 2926 et
797 2865 918 2946 gracias
934 2866 1078 2926 omnibus
1090 2865 1257 2945 dependat.

314 2971 381 3054 (12)
403 2974 516 3035 Omnia
537 2983 641 3035 autem
665 2974 777 3036 damna
800 2995 861 3057 que
877 2975 1030 3037 officiales
1051 2997 1107 3038 seu
1123 2976 1257 3037 decima-

231 3091 315 3149 tores
336 3083 466 3147 ecclesie
491 3083 541 3146 uel
564 3084 647 3157 idco,
670 3086 743 3166 quia
758 3085 896 3167 legitimo
918 3095 1058 3168 tempore
1075 3087 1195 3149 decime
1212 3087 1257 3148 di-

233 3199 297 3261 cari
316 3197 485 3280 aliquando
507 3216 525 3260 a
545 3195 633 3258 malis
653 3197 831 3260 hominibus
853 3199 1042 3272 inhibentur,
1064 3199 1115 3261 uel
1131 3199 1191 3260 alia
1206 3219 1258 3259 su-

232 3330 289 3395 per
314 3309 461 3393 qualitate
487 3318 518 3371 et
540 3308 712 3390 quantitate
737 3309 930 3372 decimarum
955 3311 1166 3393 predictarum
1191 3309 1258 3372 lieri

233 3422 413 3503 contigerit,
435 3430 507 3483 ante
530 3421 644 3484 testum
665 3420 765 3482 sancti
787 3421 910 3484 llartini
932 3423 1107 3504 predictum
1127 3421 1259 3484 stabitur

233 3533 407 3596 iuramento
431 3534 543 3615 ipsius,
565 3533 619 3617 qui
635 3534 770 3596 decimas
785 3532 909 3596 soluere
932 3543 1065 3606 tenetur,
1086 3534 1258 3595 secundum

234 3652 338 3707 tamen
361 3644 542 3725 qualitatem
564 3646 698 3726 pecunie
721 3644 844 3717 debite,
866 3655 896 3708 et
911 3666 1045 3727 persone
1061 3645 1259 3727 qualitatem,

233 3763 325 3834 prout
349 3754 517 3835 requiritur
539 3775 597 3817 usu
620 3755 727 3837 regni,
750 3765 781 3817 et
801 3775 864 3816 non
883 3756 972 3817 ultra.
999 3757 1079 3818 sesto
1093 3776 1171 3818 uero
1188 3777 1259 3837 pre-

233 3861 318 3926 dicto
334 3865 502 3945 preterito,
524 3866 626 3930 statim
643 3886 739 3948 super
754 3866 840 3928 omni
854 3867 1045 3929 decimarum
1059 3866 1208 3949 qualitate
1229 3875 1261 3929 et

233 3974 425 4056 quantitate,
455 3984 699 4060 quantecunque
724 3977 842 4043 suerint
864 3978 1045 4060 quantitatis
1072 3986 1103 4041 ct
1127 3976 1260 4051 ualoris,

234 4085 319 4151 credi
335 4085 428 4149 debet
443 4089 661 4150 tantummodo
677 4089 875 4153 decimatoris
890 4090 1082 4163 iuramento,
1105 4089 1178 4152 odio
1195 4109 1261 4152 ma·
1310 4074 1320 4083 “

233 4197 336 4269 lorum
357 4199 538 4277 hominum,
558 4200 613 4292 qui
633 4210 740 4271 sancte
755 4202 888 4270 ecclesie
903 4201 1077 4282 iusticiam,
1097 4211 1130 4269 et
1142 4202 1261 4268 anima-
