2798 4764
218 355 279 425 151
478 371 613 423 sexonas
634 371 860 424 sruoosmssrs
882 374 983 422 ennon

301 527 378 605 (10)
407 532 433 592 si
457 531 525 612 quis
548 530 721 594 infirmatus
744 532 951 612 presbiterum
976 551 1040 592 non
1065 528 1247 606 uocauerit,

218 644 278 705 uisi
300 643 463 705 subitanea
488 663 581 705 causa
603 644 709 715 suerit,
732 645 842 706 codem
866 645 959 705 modo
981 643 1036 705 srat
1057 643 1095 704 de
1114 663 1163 704 eo.
1191 662 1248 725 pa-

218 764 323 818 rentes
339 775 415 817 uero
428 755 495 817 eius
512 765 565 817 aut
580 775 658 817 uxor·
670 756 724 815 XL
738 757 857 817 dierum
876 755 1052 835 penitencia
1067 754 1247 816 multentur.

218 868 244 930 si
265 876 369 930 autem
393 876 539 947 parentes
564 888 625 928 non
647 867 809 940 hahuerit,
831 866 953 927 uillicus
974 887 1043 927 cum
1060 866 1182 927 duobus
1197 886 1247 926 se-

217 976 358 1041 nioribus
374 978 448 1039 uille
463 979 546 1038 idem
563 978 708 1039 iudicium
724 979 843 1039 subeat.

300 1094 379 1165 (11)
402 1100 435 1152 ut
456 1090 487 1151 hi
512 1090 565 1172 qui
590 1092 627 1152 ad
652 1091 864 1171 episcopatum
881 1091 1088 1171 promouendi
1112 1097 1199 1162 sunt,
1221 1089 1246 1150 si

218 1203 417 1266 matrimonio
436 1202 576 1284 legitimo
590 1202 687 1264 iuncti
702 1211 791 1276 sunt,
812 1203 871 1264 nisi
887 1223 926 1264 ex
941 1222 1097 1264 consensu
1113 1222 1245 1263 uxorum

218 1334 282 1375 non
299 1324 507 1376 assumantur.

301 1429 381 1502 (12)
405 1428 570 1508 episcopus
594 1427 619 1489 si
643 1437 704 1489 tres
728 1435 832 1509 partes
850 1427 888 1488 de
905 1426 1062 1508 acquisitis
1078 1427 1116 1488 ad
1132 1425 1247 1488 utilita-

218 1548 280 1603 lem
304 1538 434 1600 ecclesie
457 1538 624 1601 contulisse
647 1539 781 1613 uidetur,
804 1539 896 1601 liceat
914 1538 941 1600 ei
964 1558 1057 1619 agere
1081 1538 1119 1601 de
1136 1546 1246 1620 quarta

219 1650 304 1731 quod
319 1649 464 1710 uoluerit.

301 1762 381 1835 (13)
404 1760 543 1841 episcopi
566 1762 620 1843 qui
639 1761 700 1823 iam
723 1762 883 1835 obierunt,
912 1782 1016 1844 neque
1036 1760 1167 1823 ecclesie
1190 1781 1245 1822 sue

217 1872 442 1954 prouiderunt,
475 1874 531 1934 sed
558 1881 677 1934 tantum
701 1872 781 1935 filios
806 1893 879 1934 suos
905 1874 1099 1944 ditaueruut,
1130 1871 1247 1952 placuit

216 1983 290 2046 inde
314 1984 513 2045 medietatem
537 1985 661 2047 auferre
684 1994 714 2048 et
736 1983 869 2047 ecclesie
892 1986 1035 2047 reddere.
1057 1983 1247 2045 monasteria

216 2115 295 2157 uero
315 2095 424 2156 talium
443 2096 474 2156 in
498 2104 682 2178 potestatem
704 2096 905 2158 succedentis
921 2096 1060 2177 episcopi
1077 2101 1246 2168 transcant,

217 2216 249 2269 et
262 2207 355 2269 saciat
369 2210 454 2289 quod
470 2207 544 2270 iude
559 2209 669 2270 melius
686 2209 787 2270 uisum
803 2208 908 2271 suerit.

219 2361 222 2367 -
299 2321 377 2396 (11)
400 2320 515 2402 siquis
537 2322 720 2403 eorumqui
743 2321 881 2383 ecclesiis
905 2328 1035 2402 presunt
1062 2341 1112 2382 res
1138 2340 1245 2382 earum

217 2432 432 2514 dissipauerit,
454 2434 550 2515 duplo
566 2434 717 2497 restituat.
743 2434 847 2495 sinon
867 2433 963 2495 habet
983 2434 1167 2514 deponatur,
1190 2434 1246 2495 do-

216 2565 276 2607 nec
292 2546 448 2606 emendet.

287 2659 380 2730 ¹(15)
404 2656 507 2717 nullus
526 2659 693 2739 episcopus
716 2665 770 2719 aut
789 2656 990 2739 presbiteria
1012 2656 1147 2738 propriis
1169 2655 1244 2717 locis

218 2788 327 2830 seruos
344 2767 474 2830 ecclesie
491 2777 604 2831 teneat.

301 2881 381 2954 (lli)
405 2900 466 2939 una
481 2901 671 2962 quecunque
687 2881 818 2944 ecclesia
834 2882 917 2944 circa
931 2903 965 2944 se
981 2882 1012 2943 in
1028 2881 1170 2963 proximo
1189 2881 1245 2942 ha-

217 2990 290 3053 beat
305 2990 485 3070 parochiam
501 3011 600 3051 suam.

300 3104 379 3176 (li)
402 3103 534 3164 ecclesia
558 3122 621 3164 nou
645 3114 863 3179 consecretur,
895 3105 921 3168 si
946 3107 1002 3168 dos
1026 3115 1057 3168 ct
1078 3114 1158 3168 terra
1181 3126 1243 3167 non

218 3216 341 3278 dantur.

301 3330 376 3402 (18)
397 3327 500 3389 nullus
515 3328 668 3392 habeatur
683 3328 714 3391 in
730 3330 827 3404 clero,
854 3330 907 3413 qui
924 3351 986 3392 non
1005 3337 1053 3393 est
1067 3330 1244 3393 adtitulatus

216 3440 309 3502 alicui
325 3441 468 3503 ecclesie.

300 3554 377 3625 (ta)
400 3553 502 3615 mrllus
523 3551 655 3615 clericus
678 3553 716 3614 de
736 3551 798 3613 alio
817 3553 998 3634 episcopatu
1015 3552 1066 3614 uel
1082 3551 1245 3633 prouincia

216 3664 283 3725 sine
300 3666 567 3727 commendaticiis
583 3665 693 3726 litteris
709 3664 905 3743 suscipiatur.

298 3778 375 3850 (20)
398 3777 565 3856 episcopus
586 3777 626 3837 ad
642 3777 824 3857 episcopum
847 3774 914 3836 sine
932 3773 1027 3835 literis
1043 3771 1144 3854 sigillo
1160 3772 1245 3854 lega-

213 3885 341 3946 cionem
357 3906 419 3945 uon
435 3886 544 3946 mittat.

298 3997 375 4068 (21)
397 3996 538 4074 hospites
560 3996 682 4070 cleriei,
715 3996 768 4079 qui
791 3997 830 4058 de
851 3995 961 4058 alienis
984 3995 1124 4076 partibus
1146 4015 1244 4057 uene-

211 4114 301 4179 runt,
324 4113 377 4167 aut
391 4106 545 4187 legitimos
560 4114 655 4169 testes
672 4109 854 4189 producant,
879 4110 982 4171 autad
998 4109 1161 4172 serendam
1177 4109 1241 4169 sor-
