2798 4764
422 345 567 391 moram
588 343 633 388 sr.
648 343 790 390 morsum
811 342 902 409 uncas
921 321 978 411 (⁸)-
1151 323 1209 411 22¹

182 508 403 587 preceptorem
424 498 492 562 iore
506 497 707 561 concorditer
721 497 894 579 pecierunt
924 498 981 563 oud
997 505 1166 583 numquam
1179 496 1213 565 itt

183 613 351 696 Ungariam
365 608 587 681 conuenirent,
609 609 678 690 pius
693 629 748 672 rex
764 618 896 691 urgente
911 609 1000 692 regni
1014 610 1062 674 sui
1075 608 1213 689 necomi-

182 734 245 788 tute
268 733 374 787 contra
398 722 553 784 Robemos
576 723 608 783 iu
630 721 868 804 expedicionem
890 721 1046 802 proiectus
1065 729 1123 785 est
1157 721 1212 786 ubi

182 835 439 903 reformaturum
455 832 575 895 honore
590 852 648 895 suo
662 851 758 915 paco,
780 833 855 913 dum
874 833 936 894 iam
954 833 1080 915 regredi
1094 833 1213 916 cogita·

182 955 248 1023 ret,
269 945 447 1032 egritudine
461 946 626 1028 repentina
641 953 819 1027 correptus,
840 944 960 1006 uiribus
976 944 1118 1026 corporis
1130 944 1214 1028 oepit

182 1061 310 1125 omnino
332 1059 474 1131 destitui,
497 1058 742 1145 conuocatisque
765 1057 854 1139 regni
876 1056 1070 1139 principibus
1091 1056 1212 1123 indica

183 1173 228 1237 uit
241 1171 484 1237 dissolucionem
508 1171 558 1233 sui
581 1170 721 1253 eorporis
743 1169 918 1232 imminere.
948 1187 1012 1252 quo
1026 1168 1134 1232 auditu
1149 1169 1212 1244 cip.-

182 1304 252 1348 mor
272 1282 477 1346 multitudinis
497 1281 719 1365 plangeucium
739 1281 779 1343 de
799 1289 898 1343 morte
919 1279 1049 1362 piissimi
1069 1281 1154 1363 regis
1169 1281 1211 1351 ad

183 1396 284 1474 celum
310 1395 478 1459 extollitur.
513 1394 570 1459 sed
595 1413 651 1456 rex
676 1402 804 1475 accepta
832 1393 1026 1473 eukaristia,
1057 1394 1091 1467 in
1114 1414 1209 1476 guen

182 1506 316 1572 fideliter
338 1506 488 1579 credidit,
516 1524 610 1590 quem
631 1512 697 1569 toto
720 1505 815 1568 corde
837 1504 963 1583 dilexit,
983 1513 1015 1572 ct
1028 1525 1124 1588 quem
1143 1513 1211 1577 tuta

183 1617 297 1680 uirtute
312 1617 460 1699 quesiuit‚
476 1615 608 1679 feliciter
623 1614 769 1700 migrauit
783 1616 824 1677 ad
839 1616 1012 1679 domiuum.
1035 1618 1119 1693 cudit
1132 1637 1209 1702 ergo

183 1731 215 1793 iu
236 1729 304 1792 solo
319 1749 393 1813 rege
408 1727 553 1791 Ladizlao
576 1734 641 1792 totu
663 1728 794 1792 militum
816 1729 884 1793 eius
907 1729 942 1791 in
955 1728 1069 1792 Christi
1089 1738 1210 1809 spcnta

182 1843 353 1905 iuratorum
376 1840 562 1922 expectatio.
591 1840 709 1922 planxit
729 1849 802 1904 unte
818 1861 890 1903 oum
904 1842 1093 1907 uniuersitas
1106 1842 1211 1927 ngas

183 1973 307 2026 rorum,
329 1951 431 2017 clerus
446 1959 477 2014 et
491 1950 625 2033 populus
639 1949 797 2026 similiter,
826 1952 858 2014 iu
872 1971 969 2015 unum
984 1954 1073 2017 diues
1087 1963 1119 2026 et
1132 1973 1211 2038 pau«,-

182 2085 248 2151 per,
263 2065 396 2128 iuuenes
407 2071 438 2130 et
453 2063 593 2146 uirgines
608 2062 757 2149 lugubres
771 2064 962 2129 indumentis
975 2067 1120 2148 squalidi,
1134 2086 1211 2143 conf

182 2177 269 2239 tinuo
285 2176 378 2238 trium
392 2195 546 2239 annorum
568 2176 675 2257 spacio
694 2195 804 2239 coreas
824 2195 887 2238 nou
902 2177 1073 2253 duxeruut,
1095 2179 1211 2255 omnic·

183 2308 245 2372 que
260 2287 369 2352 musici
384 2286 510 2373 generis
525 2287 732 2349 instrumenta
754 2286 836 2349 intra
856 2293 979 2368 tempus
996 2285 1100 2350 luctus
1114 2288 1211 2355 siluc-

184 2409 265 2464 ruut.

263 2620 308 2706 (8)
335 2624 416 2686 Dum
440 2642 516 2687 uero
537 2623 577 2686 de
600 2641 734 2705 corpore
756 2621 824 2686 eiua
844 2621 1052 2687 Waradinum
1076 2622 1211 2701 trausiaff

181 2736 297 2812 rende,
324 2736 377 2799 ubi
400 2733 520 2800 scilicet
540 2735 668 2820 sepeliri
689 2755 723 2798 sc
744 2735 967 2812 mandauerat,
996 2737 1037 2801 ob
1060 2737 1209 2813 ardorum

183 2850 305 2915 dierum
316 2850 541 2915 canicularium
555 2858 587 2914 et
601 2850 827 2933 longitudinem
841 2850 894 2915 uie
906 2849 1048 2915 bdelium
1061 2851 1211 2925 hesitaret

182 2961 358 3035 arbitrium,
386 2967 418 3024 et
439 2960 472 3023 in
494 2960 661 3025 Albensem
687 2959 869 3035 ecclesiam,
898 2981 960 3043 que
984 2963 1116 3047 propius
1141 2968 1211 3037 arat

182 3073 347 3138 uideretur
366 3072 604 3157 declinandum,
625 3080 783 3151 uenerunt
800 3074 914 3152 iterum
935 3072 975 3136 ad
990 3073 1211 3151 diuersorum.

182 3184 234 3249 ubi
252 3206 309 3268 pre
328 3183 438 3248 labore
454 3193 485 3247 et
498 3185 627 3249 tristicia
639 3184 757 3267 fatigati
772 3184 978 3261 dormierunt.
1008 3202 1144 3267 cumque
1157 3202 1211 3261 au,-

181 3316 260 3379 pore
284 3297 405 3381 grauati
430 3307 552 3372 esseut,
578 3317 687 3360 currus
708 3297 741 3363 iu
761 3316 825 3381 quo
848 3297 985 3378 positum
1006 3303 1074 3359 erat
1094 3313 1211 3376 corpur

184 3409 270 3481 eius,
299 3410 366 3471 sine
390 3410 596 3475 subnectione
617 3409 783 3487 cuiuslibet
803 3407 962 3487 animalis,
990 3414 1078 3471 recto
1098 3406 1211 3481 itinere

183 3519 389 3605 Waradiuum
403 3521 571 3604 ierebctur.
599 3521 764 3604 uigilantes
778 3527 884 3583 nutem
898 3528 931 3596 et
944 3537 1071 3582 currum
1085 3536 1149 3581 uun
1161 3517 1211 3589 in-

182 3632 363 3708 uenientes,
384 3633 556 3699 contristati
570 3632 681 3708 ualde,
703 3639 856 3714 ceperunt
868 3650 926 3712 per
938 3630 1007 3694 loca
1021 3629 1212 3708 discurrere,

180 3744 434 3829 inueneruutque
450 3764 575 3809 currum
590 3763 702 3809 uersus
713 3742 920 3806 Waradiuum
934 3741 1016 3805 ultro
1031 3748 1211 3809 currentum

181 3864 213 3919 ct
226 3863 370 3921 sanctum
386 3873 501 3939 corpus
521 3855 554 3918 iu
574 3875 613 3919 eo
625 3854 772 3938 positum.
801 3852 945 3919 uidentes
957 3854 1064 3937 itaquo
1078 3853 1213 3928 miratu·

179 3967 262 4043 lum,
283 3967 370 4050 quod
385 3966 533 4033 uidelicet
546 3987 662 4051 corpus
676 3967 760 4031 beati
774 3966 965 4037 contessoris
985 3966 1026 4033 ad
1039 3965 1142 4029 locum
1155 3963 1211 4039 ubi

180 4079 375 4164 sepulturam
394 4079 463 4163 ipse
484 4078 610 4162 sibimet
631 4076 769 4161 elegerat
792 4078 941 4153 diuinitus
961 4084 1153 4159 portaretur,
1179 4073 1213 4147 ti

926 4188 966 4253 lb
