2798 4764
508 383 582 432 ura
603 383 777 431 amarum
797 365 853 451 (s).
1049 415 1057 430 .
1135 348 1197 432 ill

167 547 263 605 tatem
278 540 484 616 Morisenam,
504 549 540 603 ut
554 538 669 625 infipsa
684 543 850 625 episcopus
866 541 1037 606 ordinetur.
1064 541 1099 604 in
1114 560 1199 607 cras·-

166 653 232 716 tino
251 659 355 717 autem
373 671 552 716 conuocans
564 672 637 716 eum
651 673 706 716 rex
722 654 762 716 ad
777 673 811 717 se
826 653 870 716 ait
883 653 948 716 illi:
967 655 1047 717 benc
1061 653 1200 729 ueneris,
1301 731 1309 744 ,

167 765 269 848 inquit
288 765 371 827 bone
393 764 452 839 uir,
474 763 567 827 iaciat
585 765 639 827 tibi
660 765 739 828 deus
762 765 849 828 bene
865 765 917 827 hic
931 773 964 828 et
977 765 1010 827 in
1024 764 1139 828 tuturo.
1167 771 1201 829 at

168 876 219 940 ille
243 877 334 940 flexis
355 877 487 959 genibus
507 896 578 938 cum
601 877 788 941 resalutaret
808 897 917 960 regem
939 850 1012 940 ait:⁴
1028 877 1069 940 ad
1092 884 1198 941 uestra

169 988 254 1070 regie
277 988 447 1050 maiestatis
462 987 681 1069 dignacionem
702 989 790 1063 ueni,
812 989 997 1072 peregrinus
1017 989 1099 1050 enim
1116 1004 1199 1065 sum,

170 1098 383 1163 lerosolimum
399 1098 554 1180 proticisci
570 1099 680 1182 cupio,
702 1101 805 1164 socios
820 1102 903 1163 enlm
921 1100 1041 1174 habeo,
1070 1099 1123 1184 qui
1145 1097 1201 1162 tle*
1234 1096 1244 1121 '

170 1213 324 1276 scendunt
337 1231 458 1274 mecum
474 1211 507 1274 in
519 1211 673 1275 Danubio.
695 1212 745 1274 cui
759 1233 832 1275 rex:
845 1211 965 1286 desine,
985 1212 1096 1294 inquit,
1117 1211 1201 1274 bone

171 1323 221 1386 uir
235 1323 274 1386 ab
288 1322 348 1386 hac
362 1323 540 1386 intencione
556 1331 627 1396 tua,
655 1331 686 1387 et
699 1343 851 1405 permane
864 1325 1045 1399 nobiscum,
1073 1331 1108 1387 ut
1119 1323 1202 1386 bene

172 1435 229 1498 tibi
243 1433 292 1498 sit.
312 1435 410 1518 magis
425 1435 554 1517 predico
568 1434 619 1497 hic
635 1435 750 1518 populo
763 1455 845 1510 mco,
860 1437 1026 1499 credentes
1041 1435 1203 1510 confirma,

175 1542 318 1608 infideles
345 1554 515 1620 conuerte,
549 1545 736 1627 neophicam
765 1547 994 1628 plantacionem
1021 1546 1138 1629 irriga,
1172 1549 1206 1609 et

176 1658 259 1719 dabo
281 1657 336 1720 tibi
358 1657 392 1719 in
412 1677 511 1740 regno
534 1678 606 1720 meo
627 1666 813 1740 potestatem
832 1657 1024 1741 predicandi.
1057 1658 1203 1741 daboque

175 1769 230 1832 tibi
245 1769 465 1844 conductores,
487 1770 540 1853 qui
555 1771 611 1834 tibi
624 1772 765 1834 serniant
779 1771 830 1834 (lle
846 1790 883 1833 ac
897 1777 1000 1834 nocte.
1022 1778 1057 1833 tu
1070 1777 1206 1834 tantum·

177 1879 271 1942 modo
294 1880 381 1961 aperi
401 1899 436 1942 os
457 1888 562 1955 tuum,
584 1888 616 1944 et
628 1881 749 1944 semina
763 1881 795 1943 in
810 1882 905 1944 corde
921 1881 1029 1963 populi
1048 1880 1141 1944 huius
1155 1898 1207 1944 se·

177 2012 249 2055 men
262 1993 338 2055 uite.
358 1991 573 2055 lerosolimam
587 1994 634 2056 ire
649 1992 729 2067 noll,
749 2012 854 2076 neque
870 1994 954 2056 eninr
970 2002 1000 2056 te
1015 1992 1206 2076 permittam.

178 2123 252 2168 ecce
268 2104 340 2167 dedi
354 2104 410 2166 tibi
425 2104 520 2166 hodic
535 2103 752 2186 episcopatum
766 2105 853 2167 urbis
867 2104 1036 2168 Moriscne.
1072 2123 1136 2187 quo
1149 2122 1207 2168 au·

179 2214 244 2278 dito
264 2234 373 2278 rursus
395 2215 499 2296 ipsum
521 2215 683 2289 salutauit,
704 2223 736 2278 et
750 2214 900 2296 deinceps
915 2222 1045 2278 uocatus
1067 2225 1115 2278 est
1129 2214 1208 2278 uera

178 2325 296 2389 hardus
321 2326 451 2390 electus.
479 2347 544 2409 quo
566 2326 648 2390 lacto
662 2328 793 2390 scissum
817 2333 864 2390 est
878 2344 933 2388 cor
947 2326 1031 2399 eius,
1052 2333 1085 2388 ct
1098 2325 1208 2388 uincu-

179 2438 244 2501 lum
260 2439 380 2502 consilii
396 2439 464 2502 eius
479 2446 623 2521 ruptum,
638 2448 670 2502 et
683 2438 770 2521 quod
785 2457 803 2500 a
818 2437 922 2500 multis
937 2436 1042 2500 lacere
1056 2443 1209 2500 statuerat

181 2550 302 2626 (liebus,
323 2549 384 2614 hoc
399 2558 621 2633 postposuerat
633 2550 666 2611 in
681 2555 851 2611 momento.

266 2770 308 2855 (9)
334 2774 431 2857 igitur
452 2774 640 2838 adueniente
662 2775 745 2838 testo
766 2775 859 2837 beate
881 2773 1011 2858 uirginis
1033 2772 1213 2837 Gcrhartlus

182 2883 320 2958 indutus,
330 2894 489 2968 assumpto
501 2885 672 2968 interprete
684 2886 832 2950 uidelicet
840 2885 987 2949 Conrado
994 2883 1130 2949 Albense
1139 2905 1214 2970 pre·

183 2995 296 3077 posito,
317 2997 458 3059 ascendit
471 2995 626 3079 pulpitum
641 3016 698 3060 scu
714 2999 881 3062 ambonem
895 3018 992 3081 super
1004 2999 1124 3061 uerbo:
1145 3016 1214 3061 mu-

183 3105 242 3169 lier
256 3108 368 3171 amicta
382 3107 459 3182 sole,
472 3127 651 3172 sermonem
666 3109 706 3171 ad
721 3108 871 3193 populum
886 3109 1056 3173 inchoauit.
1077 3129 1142 3173 non
1156 3106 1216 3173 luit

185 3219 341 3301 scriptura
362 3219 402 3283 de
417 3239 479 3303 qua
492 3239 556 3282 non
572 3221 790 3304 proposuisset
804 3222 1002 3304 exemplum,
1023 3240 1098 3302 rege
1114 3208 1215 3302 popu-

185 3329 279 3410 loque
301 3333 514 3414 spectantibus
535 3350 573 3394 ac
593 3332 778 3395 mirantibus
801 3332 945 3394 omnibus
966 3329 1152 3394 Christianis
1175 3329 1216 3392 (le

188 3448 273 3504 tante
293 3443 383 3505 uerbi
405 3442 504 3506 diuini
525 3443 762 3517 consolacione,
783 3439 1014 3524 propterquod
1034 3439 1138 3521 ipsum
1159 3452 1218 3503 rex

188 3551 318 3614 nimium
332 3552 490 3637 diligebat.
523 3562 739 3616 consummato
755 3552 835 3615 sesto
850 3570 921 3613 cnm
934 3549 1152 3634 unusquisque
1165 3542 1218 3615 nt·

188 3675 326 3730 measset
339 3666 380 3730 ad
395 3668 541 3749 propria,
562 3686 619 3729 rex
634 3664 830 3729 liethardum
848 3664 976 3727 retinuit
989 3665 1074 3747 apud
1087 3684 1140 3739 se,
1162 3662 1219 3728 atl-

189 3775 299 3841 hibens
321 3777 351 3840 ei
368 3778 545 3842 custodiam
565 3785 597 3841 et
616 3771 733 3839 solacia
752 3777 784 3839 in
805 3775 924 3859 palacio
938 3776 998 3839 sibi
1017 3768 1220 3859 congruenti,

189 3890 327 3974 lecitque
352 3910 425 3953 eum
448 3888 504 3954 tilii
529 3890 578 3956 sui
601 3889 759 3954 Homerici
786 3889 874 3954 ducis
898 3888 1082 3972 magistrum
1108 3886 1220 3951 diebus

189 4004 305 4067 multis.
335 4002 453 4067 tactum
467 4013 516 4068 est
530 4011 634 4067 autem
649 4022 721 4066 cum
735 4002 861 4066 uideret
880 4002 1008 4066 beatum
1029 4001 1141 4064 (lucem
1155 3996 1221 4062 lla-

190 4115 343 4181 muricum
366 4114 562 4179 crescensin
582 4115 715 4190 uirtute,
734 4113 922 4198 hostemque
945 4112 1075 4177 humani
1096 4108 1222 4195 generis

190 4223 316 4294 cumas
336 4224 508 4297 auxiliante
520 4224 652 4294 uiriliter
666 4243 836 4314 rupem,
856 4223 1023 4296 unutrm
1041 4218 1153 4310 populi
1170 4216 1224 4287 te·
