2798 4764
235 312 295 379 stt
413 322 559 378 aanor
579 329 607 376 s.
624 330 777 379 surum
797 327 889 375 arou
909 328 1009 375 urion
1028 308 1087 396 (dlx

234 484 294 548 teri
309 489 340 546 et
355 482 459 546 elerici
473 482 623 547 instinctu
636 481 763 563 spiritus
778 481 920 565 paracliti
933 482 1128 565 compuncti,
1149 481 1269 547 relictio

235 596 364 659 sedibus
378 595 513 676 propriis
528 591 693 677 elegerunt
708 593 910 675 peregrinari.
933 593 1061 655 abbata
1075 599 1107 655 et
1121 591 1268 656 monachi

232 705 329 769 nichil
349 705 512 789 proprium
533 704 651 768 habere
674 704 854 785 cupientes,
875 703 931 766 sed
946 702 1005 766 urb
1018 712 1081 767 um
1095 703 1270 787 religiosis·

233 818 303 882 timi
318 816 467 899 principis
482 816 657 899 patrocinio
672 815 859 898 regulariter
869 816 978 878 uiuere
993 815 1267 881 desiderauerunt.

232 929 409 1011 intorques
424 928 488 991 uite
503 927 669 1011 religiosus
683 927 831 990 dsericus
853 936 943 1009 pater
957 946 1028 990 cum
1048 927 1113 990 suis
1128 926 1268 1010 discipu-

232 1040 271 1103 lis
286 1041 428 1112 aduenit,
443 1057 577 1122 quorum
592 1058 673 1101 unus
685 1037 864 1101 lionilacius
879 1039 1022 1112 nominc,
1035 1038 1068 1100 in
1083 1037 1154 1102 loco
1167 1040 1267 1122 patria

232 1152 330 1215 abbas
344 1148 460 1213 deinde
475 1150 673 1224 constitutus,
693 1150 766 1212 dum
781 1167 800 1211 a
813 1149 906 1211 beato
921 1168 999 1232 rege
1014 1166 1109 1212 causa
1124 1149 1268 1231 predica·

232 1261 332 1324 cionis
346 1260 380 1322 iu
394 1258 560 1322 inferiores
575 1259 710 1341 Ungaric
723 1267 830 1341 partes
845 1265 929 1320 esset
942 1258 1071 1332 missus,
1092 1258 1125 1320 in
1139 1259 1267 1323 candos

232 1372 337 1457 gladio
358 1390 545 1454 percussus,
573 1369 648 1433 licet
667 1379 780 1452 postea
801 1370 939 1443 uiueret,
966 1387 1030 1433 uon
1050 1375 1103 1433 est
1122 1368 1266 1452 priuatus

232 1482 381 1547 martirio.
412 1487 569 1544 uenerunt
583 1487 616 1543 ct
630 1479 681 1542 alii
696 1481 759 1542 duo
774 1481 814 1542 de
829 1486 913 1543 terra
927 1479 1083 1555 Poliensi,
1103 1479 1267 1545 heremiti-

232 1613 300 1656 cam
320 1593 417 1655 uitam
438 1611 532 1654 causa
546 1591 823 1673 contemplacionis
839 1590 1008 1673 eligentes,
1029 1610 1164 1675 quorum
1182 1610 1264 1655 unus

231 1704 372 1767 Andreas
394 1703 518 1766 nomine
543 1720 599 1784 per
614 1701 821 1764 consessionis
835 1702 982 1765 moritum
996 1702 1145 1785 angelicis
1159 1701 1264 1766 choris

231 1825 279 1879 est
300 1815 491 1887 associatus,
511 1814 644 1878 testibus
665 1813 886 1876 miraculorum
905 1813 1022 1897 signis,
1043 1814 1224 1896 peripsum
1244 1834 1265 1879 ι

232 1927 359 1990 domiuo
373 1926 473 1999 lactis,
495 1925 575 1989 alter
587 1925 787 1998 Benedictus,
807 1945 866 2008 pro
882 1924 1007 1989 Christo
1025 1926 1178 2009 sanguine
1192 1926 1265 1991 luto

232 2037 415 2102 mirabiliter
434 2038 603 2102 laureatus.
631 2038 778 2100 Ascricus
798 2037 895 2100 abbas
910 2056 980 2100 cum
1002 2037 1067 2100 suis
1090 2036 1263 2102 honorifice

231 2159 413 2232 susceptus,
435 2150 475 2213 ad
498 2150 634 2212 radicem
654 2149 768 2212 Montis
789 2149 885 2212 ferrei
903 2148 1070 2211 cenobium
1091 2139 1150 2211 sub
1173 2147 1263 2213 titulo

232 2263 333 2327 sancti
347 2264 443 2344 patris
456 2262 618 2326 Benedicti
633 2262 817 2335 construxit,
836 2261 890 2322 uhi
904 2278 1006 2342 usque
1019 2259 1116 2324 hodie
1131 2278 1265 2343 conpre-

230 2373 322 2457 gacio
342 2372 570 2438 monasterialis
588 2371 753 2455 disciplina
776 2370 912 2455 regulari
934 2370 1074 2458 pollens,
1104 2379 1263 2452 tempora·

230 2485 306 2549 lium
322 2488 556 2550 sustentacioue
571 2487 731 2568 copiarum
746 2483 1045 2566 superhabundans,
1064 2505 1130 2548 uon
1145 2490 1193 2549 est
1206 2483 1264 2547 ali-

231 2598 319 2658 cuios
334 2616 442 2680 egens,
458 2599 517 2661 nisi
533 2607 568 2662 ut
580 2618 654 2661 suos
670 2607 701 2660 et
715 2597 846 2659 aliorum
861 2597 958 2678 pedes
974 2597 1149 2663 secundum
1164 2614 1262 2660 euan-

231 2707 347 2789 gelium
360 2705 454 2772 lauet

312 2928 356 3012 (8)
379 2929 458 2994 Cum
477 2931 527 2994 his
540 2932 591 2996 dei
612 2952 726 2995 ceruus
745 2932 891 3014 princeps
905 2930 1182 2995 christianissimus
1204 2930 1262 2994 di-

231 3044 358 3128 quando
379 3045 588 3108 communiter
605 3063 677 3108 oum
699 3045 862 3118 omuibus,
890 3043 1060 3127 aliquando
1082 3043 1261 3128 singillatim

230 3175 302 3220 cum
317 3175 381 3220 uno
392 3175 522 3239 quoquc
537 3175 648 3220 eorum
663 3155 854 3238 colloquium
870 3155 1009 3229 habeus,
1030 3155 1210 3238 prouincias
1227 3156 1261 3219 in

231 3270 260 3333 x
274 3269 405 3353 partitus
420 3277 469 3332 est
482 3270 689 3351 episcopatus,
711 3269 960 3351 strigoniensem
978 3287 1048 3330 earu
1063 3266 1261 3349 metropolim

230 3390 262 3445 et
280 3381 475 3463 magistram,
503 3401 563 3462 per
583 3399 772 3443 consensum
795 3388 825 3443 ct
839 3378 1110 3462 ‘iubeoripcionem
1130 3395 1260 3442 romane

230 3492 314 3556 sedis
328 3491 490 3574 apostolici
501 3502 677 3557 ceterarum
690 3492 758 3556 lore
775 3488 980 3557 constituens.
1000 3491 1052 3554 cui
1064 3491 1127 3554 iam
1142 3489 1260 3553 dictum

229 3603 443 3666 uenerabilem
457 3606 619 3668 Aserioum
635 3605 778 3667 abbatem
793 3601 976 3685 pontificalis
991 3601 1150 3685 dignitatis
1162 3600 1261 3666 infula

230 3710 431 3786 decoratum,
452 3712 608 3778 electione
624 3715 776 3777 canonica
791 3714 930 3795 proiecit.
957 3711 1048 3775 cuius
1061 3713 1195 3776 consilio
1208 3732 1261 3777 cc·

227 3829 313 3887 terat
326 3821 420 3885 sedas
434 3831 560 3906 patrum
571 3825 654 3888 curis
668 3833 700 3889 et
714 3823 944 3908 prouisionilrus
954 3822 1120 3887 commisit.
1140 3824 1262 3887 iaciun-

228 3940 280 3999 tur
293 3933 412 4017 ulique
426 3951 586 3999 tamarum
601 3935 805 4002 mndameuta
818 3934 1001 4008 domorum,
1021 3943 1155 4017 snrgunt
1175 3934 1263 4000 clau·

229 4052 295 4111 utro
315 4044 556 4120 canonicorum,
576 4047 748 4114 florescunt
761 4048 897 4114 chustra
916 4044 1052 4112 unobia
1072 4045 1261 4130 regulariter

230 4157 491 4226 musrmciuu
504 4158 728 4223 oanonleoruna
741 4155 1038 4246 congregacionum
1069 4157 1211 4246 rudique
1223 4158 1260 4227 tt
