2798 4764
617 1026 777 1116 vrra

210 1236 245 1322 s.
270 1236 470 1342 ouamr,
503 1237 737 1325 roenna
760 1239 967 1328 morsm
989 1193 1191 1332 ursoou'

274 1394 297 1446 E
309 1395 398 1447 eoliae
410 1395 591 1448 banalaeeaal
606 1395 769 1449 bibliotbeaar
779 1397 900 1463 palatino
909 1397 1122 1452 Vindobonoraeia.

603 1549 800 1563 ὴ

266 1648 275 1733 (
283 1650 316 1729 ll
338 1650 496 1716 Gerartlua
509 1653 643 1717 nacione
659 1653 805 1730 Uenetus,
827 1655 867 1718 (la
881 1656 1007 1721 ciuitate
1021 1656 1209 1743 Ueneoienai

184 1772 275 1826 natue
296 1762 330 1825 in
353 1763 472 1845 palacio
495 1765 624 1845 patricie
649 1763 779 1833 familie.
807 1775 896 1849 pater
918 1776 1022 1833 autem
1044 1769 1112 1832 eiua
1137 1789 1209 1834 eura

185 1884 268 1939 esset
280 1875 363 1938 inter
377 1875 454 1939 alios
468 1874 616 1940 conciuea
629 1877 842 1960 acceptabilis,
864 1885 895 1942 et
908 1877 1050 1961 placeret
1063 1881 1208 1946 omnibna

184 1987 325 2051 eiusdem
339 1986 472 2051 ciuitatis
486 1987 723 2062 habitatoribus,
743 1987 826 2051 sama
840 1989 924 2052 bona
934 1989 1098 2054 distinctus
1113 1999 1162 2056 eat
1174 1990 1208 2057 in
1308 1990 1311 1995 ’

183 2096 368 2181 longinquas
390 2098 546 2181 regiones.
575 2099 663 2163 (luxit
681 2109 787 2163 autern
805 2099 864 2161 sibi
885 2120 1015 2164 uxorem
1035 2102 1075 2166 tle
1096 2094 1208 2167 eadem

183 2209 325 2285 ciuitate,
345 2209 485 2285 moribus
499 2218 656 2285 ornatam,
677 2210 893 2292 aparentibus
912 2211 946 2274 in
960 2211 1073 2276 timore
1088 2213 1208 2279 domini

183 2321 354 2396 eruditam,
375 2320 573 2386 eleemosinis
585 2321 740 2405 bonisque
755 2321 905 2404 operibns
923 2330 1045 2386 ceterae
1059 2323 1210 2409 mmieraa
1303 2376 1313 2389 ,

183 2435 439 2517 proeminentem.
459 2453 521 2517 qne
533 2433 680 2497 candelas
695 2432 748 2496 uel
761 2433 904 2497 lucernas
919 2432 1059 2517 aliaeque
1070 2434 1209 2500 eleemo-

180 2548 265 2608 sinas
278 2566 337 2627 per
349 2565 383 2609 se
398 2543 449 2608 nel
463 2565 521 2629 per
536 2544 612 2608 aliua
627 2542 808 2607 domicellae
828 2541 970 2609 ecelesiis
986 2544 1127 2627 quotidie
1148 2543 1208 2610 mi·

181 2657 340 2720 nistrabat
374 2667 464 2740 pater
488 2665 593 2720 antem
618 2655 685 2719 eius
710 2675 782 2718 oum
807 2665 892 2720 esset
915 2656 1023 2733 diues,
1053 2655 1208 2724 inuiubat

181 2770 397 2854 presbyteros,
419 2768 566 2844 clericor,
587 2769 706 2833 amieos
727 2776 759 2832 et
781 2768 922 2844 uicinos,
942 2788 1023 2852 quoa
1045 2770 1078 2833 iu
1098 2789 1209 2836 menaa

179 2899 238 2943 rua
251 2879 416 2963 splendide
429 2879 599 2944 reficiebat.
631 2882 765 2963 quadam
781 2888 884 2944 autem
899 2879 951 2944 die
966 2879 1011 2944 ait
1022 2881 1114 2944 uxori
1127 2901 1204 2947 aua:

181 2992 292 3057 mulier
303 2999 370 3074 esto
384 3011 511 3066 aecura,
525 2999 557 3055 et
568 3011 622 3055 ora
634 2993 727 3056 (lenm
739 2998 772 3056 et
781 3000 920 3054 ranetam
933 2991 1000 3056 eiua
1011 2992 1205 3075 genitricem,

179 3112 214 3167 ut
236 3104 327 3167 nobis
351 3104 449 3167 (louet
470 3103 631 3167 heredem.
664 3103 780 3167 multoe
805 3103 888 3167 enim
915 3111 1112 3188 transegerat
1136 3103 1206 3170 (liu

179 3214 248 3278 aine
260 3213 378 3277 liberis.
392 3213 491 3278 tribua
504 3213 609 3297 itaque
624 3213 714 3276 annis
725 3213 861 3278 euolutia
875 3213 908 3276 in
920 3209 971 3277 dle
982 3213 1066 3276 beati
1078 3210 1207 3296 Georgii

181 3326 322 3407 martyria
334 3324 449 3398 lilium,
462 3344 557 3408 quem
570 3325 728 3389 adomino
743 3325 993 3407 postulauerunt,
1007 3330 1205 3406 receperunt.

181 3435 265 3500 unde
277 3435 310 3498 iu
319 3435 473 3519 baptiamo
484 3435 638 3518 Georgius
649 3444 699 3499 eat
708 3435 896 3499 nominatur.
917 3441 985 3498 erat
997 3441 1205 3499 autumentur

180 3546 368 3630 parentibua,
388 3547 535 3630 aquibus
549 3547 699 3610 educatus
714 3566 786 3609 eum
796 3554 880 3610 esset
890 3564 1044 3609 annorum
1054 3544 1206 3631 quinqua,

178 3658 261 3741 oepit
274 3658 396 3742 magnis
409 3657 550 3722 febribus
565 3666 700 3721 estuare.
719 3656 805 3740 quod
815 3656 959 3721 uidentes
970 3665 1115 3740 parantes
1125 3656 1207 3735 aina,

178 3769 358 3834 obtulerunt
377 3789 449 3833 eum
467 3776 575 3833 nancto
591 3768 729 3852 Georgio
751 3768 880 3852 martyri
893 3788 965 3834 oum
979 3767 1206 3847 oblacionibm,

178 3881 218 3943 ael
242 3879 311 3944 eina
338 3879 564 3945 monaatarium
592 3878 773 3945 deserentes
795 3898 928 3964 puerum
952 3899 1011 3964 pro
1034 3876 1206 3944 obtineo&

178 3992 310 4056 uanitate
331 4011 439 4058 eoram
456 3993 569 4059 abbate
586 3998 618 4058 et
636 3991 808 4058 monachia.
836 3990 1026 4077 adquorum
1040 3988 1205 4055 oraeionaa

178 4123 251 4171 eum
265 4115 350 4170 earet
361 4113 507 4185 amatur,
527 4103 659 4172 aestima
676 4113 724 4175 ent
740 4103 850 4171 babitu
867 4102 1017 4193 regulari.
1045 4102 1206 4169 naam
1287 4141 1293 4149 ·
