2798 4764
330 330 460 418 auorum
482 373 527 420 ru.
549 371 639 418 anuis
662 368 838 417 occurras.
880 352 970 417 isat.
1104 352 1166 416 dl'l

136 526 271 609 prediis,
293 525 487 600 ciuitatibus,
513 524 688 607 hospitibus
712 533 743 588 et
765 523 961 598 uduornicis,
990 544 1051 607 que
1072 523 1163 587 nobis

137 659 246 702 omnes
269 646 300 701 et
318 638 451 721 singuli,
472 638 498 700 si
514 638 568 721 qui
583 637 700 701 habent
715 636 766 700 uel
780 644 962 710 tenuerunt,
983 636 1118 700 reddere
1133 640 1165 699 et

136 749 300 813 restituere
317 749 528 828 promiserunt
542 757 573 811 et
588 751 686 811 eciam
702 755 926 811 assumserunt.

217 857 263 942 (9)
285 860 361 923 Item
375 859 562 933 Palatinum,
584 861 764 941 magistrum
778 859 1026 921 Tauernicorum
1041 865 1164 922 nostro-

135 990 222 1045 rum,
244 969 571 1044 uice-cancellarium,
592 971 727 1033 iudicem
748 969 851 1043 curie,
874 990 913 1032 ex
928 967 1059 1031 consilio
1075 968 1166 1031 nobi·

135 1082 209 1146 lium
235 1081 324 1165 regni
349 1081 463 1155 nostri,
490 1102 529 1144 ex
554 1083 682 1164 antiqua
707 1082 933 1145 consuetudine
956 1079 1045 1162 regni
1066 1078 1166 1143 nostri

135 1194 295 1256 iaciemus.
317 1192 405 1254 saluo
420 1201 525 1255 tamen
541 1191 609 1255 iure
625 1192 767 1256 Albensis
783 1192 928 1266 ecclesie,
944 1199 975 1254 et
989 1191 1165 1274 priuilegio,

136 1305 221 1387 quod
232 1303 377 1366 Albensis
392 1304 525 1367 ecclesia
541 1313 647 1367 nostra
662 1306 692 1367 in
708 1305 777 1387 ipsa
790 1303 1056 1368 uice-cancellaria
1070 1304 1166 1367 hahet

137 1423 168 1478 et
181 1416 299 1477 habere
316 1415 509 1496 dignoscitur
523 1417 562 1478 ab
576 1417 716 1499 antiquo.

220 1525 285 1607 [10]
307 1528 382 1587 ltem
398 1526 424 1587 si
436 1526 539 1608 aliqua
555 1529 698 1608 potencia
710 1529 886 1591 extrinseca
901 1528 940 1590 ad
950 1528 1163 1590 inuadendum

136 1657 267 1719 regnum
294 1642 434 1698 uestrum
460 1636 602 1711 uenerit,
630 1646 683 1701 aut
707 1637 811 1722 aliqua
836 1659 908 1721 pars
930 1639 981 1701 uel
1000 1638 1164 1720 prouincia
1251 1688 1257 1695 .

137 1748 225 1831 regni
241 1748 281 1809 ab
296 1747 480 1810 obediencia
495 1748 582 1829 regia
596 1747 648 1811 uel
663 1751 808 1830 potencia
824 1750 915 1833 regni
930 1770 964 1812 sc
978 1749 1166 1812 abstraxerit

137 1868 190 1923 aut
203 1859 341 1922 alienare
358 1858 464 1941 aliquo
479 1859 574 1921 modo
586 1859 738 1934 uoluerit,
759 1860 881 1923 nobiles
896 1860 985 1943 regni
998 1860 1111 1934 nostri,
1133 1866 1167 1923 et

138 1973 280 2035 Saxones
295 1970 518 2054 Transyluani,
540 1972 652 2053 predia
674 1980 829 2046 tenentes,
850 1979 882 2035 et
904 1992 991 2035 more
1012 1971 1163 2034 nobilium

136 2103 170 2146 se
186 2090 343 2164 gerentes,
364 2082 456 2143 nobis
472 2089 575 2143 astare
591 2091 623 2144 ct
637 2081 786 2145 adiuuare
801 2102 859 2144 nos
874 2083 1072 2145 tenebuntur.
1102 2083 1164 2144 hoc

136 2195 233 2257 eciam
249 2212 414 2275 expresso:
430 2192 515 2275 quod
531 2192 652 2256 nobiles
667 2193 756 2277 regni
771 2194 868 2257 nostri
880 2203 912 2258 et
925 2193 1055 2276 predicti
1067 2196 1166 2258 Saxo·

136 2325 193 2368 nes
216 2305 306 2387 regni
330 2303 572 2386 Transyluanie,
603 2323 673 2366 cum
698 2306 785 2368 nullo
809 2307 960 2369 bamnum
985 2316 1163 2370 nostrorum

137 2417 235 2480 coacti
253 2417 305 2479 uel
327 2416 432 2489 inuiti,
453 2416 651 2498 superiectis
674 2426 705 2481 et
725 2419 864 2501 negociis
888 2420 975 2502 regni
998 2419 1096 2481 nostri
1114 2419 1164 2481 iu'·

137 2529 279 2592 trinsecis
298 2527 349 2591 uel
363 2526 561 2601 extrinsecis,
583 2528 703 2610 absque
719 2529 809 2591 nobis
823 2531 889 2592 sine
906 2530 1041 2612 pecunia
1054 2530 1100 2592 ire
1115 2537 1163 2593 te·

137 2649 281 2701 neantur.

220 2747 285 2831 (ll)
307 2754 382 2814 ltem
396 2750 514 2813 nullam
530 2750 709 2825 collectam,
729 2750 783 2814 uel
798 2771 911 2816 accires
926 2762 978 2818 aut
990 2756 1162 2820 descensus

136 2884 232 2945 super
245 2863 331 2945 ipsos
345 2862 466 2926 nobiles
480 2869 512 2924 et
526 2863 667 2926 Saxones
689 2872 887 2944 prenotatos,
909 2885 946 2928 ac
961 2867 1093 2949 populos
1108 2888 1164 2931 eo·

135 2976 268 3040 rundem
283 2974 382 3057 recipi
396 2974 555 3038 iaciemus.
576 2995 635 3037 nec
649 2976 748 3037 eciam
764 2975 931 3039 occasione
945 2975 1023 3040 lucri
1038 2998 1162 3043 camere

136 3096 260 3161 nostre,
282 3088 334 3149 uel
348 3087 452 3169 aliqua
473 3086 533 3149 alia
555 3087 700 3161 racione,
721 3088 804 3170 exigi
818 3088 964 3151 uolumus
979 3088 1018 3150 ab
1032 3088 1162 3152 eisdem.

217 3197 283 3279 (ta)
304 3200 360 3272 Et,
382 3198 408 3259 si
424 3207 580 3259 monetam
599 3207 737 3261 nostram
752 3199 784 3259 in
799 3218 897 3278 regno
911 3205 1020 3259 nostro
1035 3217 1162 3262 currere

136 3310 240 3373 iacere
254 3310 456 3383 uoluerimus,
478 3310 516 3372 de
532 3310 672 3390 qualibet
687 3309 849 3391 prouincia
863 3318 998 3391 quatuor
1010 3311 1084 3371 boni
1103 3310 1162 3373 ho·

136 3422 253 3496 mines,
282 3443 350 3484 cuni
373 3424 485 3485 comite
507 3421 695 3503 parochiali,
724 3424 822 3504 ipsam
844 3427 1001 3484 monetam
1023 3429 1164 3486 nostram

136 3553 262 3597 currere
277 3534 390 3597 iaciant
406 3543 437 3596 et
451 3533 615 3615 quambiri.

216 3643 283 3726 (13)
304 3644 364 3707 Nul
379 3687 534 3705 .......
557 3645 615 3727 ipsi
632 3653 757 3708 monete
773 3654 879 3708 nostre
894 3645 926 3707 in
941 3666 1040 3730 regno
1054 3656 1162 3712 nostro

134 3758 201 3819 lieri
218 3757 442 3838 permittemus.

216 3865 284 3948 (ll)
305 3868 382 3930 Item
404 3867 430 3929 si
445 3865 601 3930 Palatinus
620 3868 652 3930 in
675 3887 772 3951 regno
795 3875 903 3932 nostro
926 3870 965 3932 ad
983 3870 1162 3933 iaciendum

135 3976 283 4039 iudicium
297 3979 504 4060 processerit,
518 3979 550 4041 in
566 3979 705 4064 qualibet
719 3981 880 4062 prouincia
896 3990 1032 4066 quatuor
1041 3982 1162 4046 iudices

136 4088 277 4172 deputati
292 4108 363 4153 cum
377 4092 490 4157 comite
505 4092 676 4177 parochiali
696 4094 742 4157 ire
756 4100 788 4158 et
802 4094 942 4159 iudicare
958 4095 1101 4158 debeant.
1131 4099 1163 4158 et

135 4201 184 4270 ius
206 4203 293 4295 quod
315 4204 459 4272 omium
477 4205 689 4298 parochialem
708 4207 741 4273 iu
760 4207 883 4267 indiciis
906 4207 1072 4292 contingit,
1101 4203 1162 4293 59¹¹
