2798 4764
393 359 539 409 saroruu
556 361 798 409 mmeramm.
838 341 930 409 lm.
1113 342 1175 411 bib

146 514 247 581 libere
266 515 466 598 recipiendos
484 517 700 591 concedimus,
721 515 807 600 quod
821 515 926 582 nullus
938 516 1175 583 tributariorum

147 647 207 693 neo
222 628 424 692 ascendendo
444 647 503 691 nec
517 628 740 692 descendendo
761 637 921 711 presumat
940 629 1094 712 impedire
1109 649 1176 695 eos.

230 740 311 815 (13)
332 739 450 804 Siloam
472 759 550 803 uero
570 759 641 803 cum
656 740 800 804 omnibus
819 741 1046 824 appendicibus
1064 742 1177 807 suiset

148 871 302 936 aquarum
325 872 401 915 usus
426 872 496 914 cum
525 853 589 915 suis
614 853 785 928 meatibus,
817 872 879 936 que
904 854 944 916 ad
967 854 1065 917 solius
1089 854 1175 937 regis

147 971 291 1048 spectant
303 964 528 1038 donacionem,
541 965 686 1028 omnibus
699 973 763 1028 tarn
779 965 970 1048 pauperibus
983 984 1079 1048 quam
1094 963 1175 1028 diui·

147 1078 230 1143 tibus
245 1076 343 1139 libere
357 1076 559 1139 concedimus
573 1095 734 1139 exercere.

230 1187 308 1263 (rt)
329 1185 478 1251 llolnmus
499 1188 598 1251 sciam
619 1196 652 1251 et
670 1187 758 1271 regia
777 1189 960 1252 auctoritate
973 1189 1174 1272 precipimus,

48 1338 54 1343 -
147 1307 182 1363 ut
202 1299 307 1363 nullus
328 1300 369 1363 de
390 1300 610 1382 iubagionibus
628 1301 744 1364 nostris
763 1301 869 1363 uillam
891 1301 944 1364 uel
957 1302 1103 1384 predium
1117 1301 1175 1367 eli·

147 1412 234 1495 quod
256 1432 275 1475 a
295 1412 382 1494 regia
402 1412 564 1474 maiestate
585 1408 699 1476 audeat
714 1410 883 1494 postulare.
913 1410 941 1475 si
961 1432 1039 1476 uero
1060 1412 1173 1496 aliquis

147 1522 373 1607 postulauerit,
391 1523 513 1586 indulta
531 1523 577 1586 eis
597 1530 752 1605 potestate
766 1544 786 1587 a
799 1523 890 1587 nobis
905 1524 1130 1588 contradicant.

64 1634 68 1641 '
229 1636 311 1710 (15)
332 1634 501 1698 Statuimus
521 1636 651 1719 insuper
671 1635 762 1699 dictis
784 1634 939 1712 fidelibus,
960 1644 996 1701 ut
1012 1656 1110 1721 quum
1131 1637 1173 1703 otl

148 1748 385 1830 expedicionem
399 1748 440 1810 ad
453 1748 539 1830 ipsos
553 1767 611 1810 nos
626 1749 736 1812 uenire
751 1749 933 1832 contigerit,
961 1757 1026 1813 tres
1042 1749 1174 1813 descen-

147 1878 200 1923 sus
215 1868 336 1923 tantum
349 1857 475 1924 soluere
489 1861 528 1923 ad
543 1869 669 1924 nostroe
682 1882 757 1926 usus
771 1869 948 1927 teneantur.
975 1861 1002 1924 si
1016 1881 1095 1927 uero
1107 1863 1176 1927 uai-

147 1971 230 2034 uoda
249 1972 290 2034 ad
310 1970 449 2055 regalem
473 1971 636 2036 utilitatem
657 1973 697 2036 ad
717 1974 803 2057 ipson
818 1972 870 2037 uel
888 1994 944 2056 per
958 1981 1074 2037 terram
1088 1976 1175 2058 ipso·

147 2102 217 2145 rum
239 2083 474 2157 transmittetur,
502 2084 582 2146 duos
605 2085 794 2160 descensus,
821 2106 918 2148 unum
939 2086 971 2147 in
990 2085 1120 2150 introitu
1141 2093 1174 2151 at

147 2194 279 2258 alterurn
294 2194 326 2258 in
341 2197 426 2258 exitu
440 2196 565 2259 soluere
580 2216 643 2259 non
658 2206 815 2260 recusent.

228 2309 310 2383 (16)
332 2308 503 2371 Adiicimue
520 2309 619 2372 eciam
636 2326 731 2390 supra
751 2308 843 2371 dietis
861 2308 1065 2383 libertatibus,
1086 2308 1173 2393 quod

147 2427 339 2485 mercatores
362 2440 469 2484 eorum
494 2421 675 2503 ubicunque
700 2419 860 2484 noluerint
882 2421 914 2483 in
939 2439 1038 2503 regno
1062 2427 1173 2485 nostro

146 2532 244 2596 libere
258 2550 296 2595 ac
310 2531 378 2595 sine
393 2532 509 2596 tributo
524 2519 642 2595 uadant
655 2540 687 2595 et
705 2540 917 2606 reuertentur,
937 2530 1110 2595 efficaciter
1122 2533 1172 2597 ius

146 2662 237 2706 suum
257 2643 343 2727 regie
366 2643 535 2706 maiestatis
554 2642 666 2706 intuitu
688 2653 927 2728 prosequentes.
954 2644 1059 2709 omnia
1072 2644 1171 2709 edam

146 2755 215 2820 fora
227 2756 369 2838 ipsorum
383 2758 451 2820 siue
465 2756 586 2820 tributis
601 2755 792 2839 precipimus
805 2757 979 2822 obseruari.

177 2856 181 2863 ’
229 2866 267 2930 Ut
285 2875 390 2931 autem
413 2867 473 2930 bec
492 2887 556 2951 que
578 2877 651 2933 ante
670 2869 751 2932 dicta
770 2876 844 2932 sunt
863 2869 993 2933 firmiter
1011 2877 1044 2935 et
1061 2870 1173 2933 incon·

148 2998 241 3042 cossa
260 2988 466 3062 permaneant
486 2981 518 3042 in
540 2988 716 3062 posterum,
739 2982 1078 3065 presentem-paginam
1093 2980 1173 3065 dop-

148 3089 236 3172 plicis
249 3088 343 3173 sigriii
358 3092 456 3153 nostri
470 3092 641 3156 munimine
655 3092 788 3157 leci-us
802 3094 955 3158 roborari.
969 3093 1076 3157 datum
1088 3111 1172 3156 auno

147 3204 187 3266 ab
206 3202 426 3266 incarnacione
448 3202 565 3267 domini
588 3202 755 3268 millesimo
781 3204 998 3268 ducentesimo
1018 3202 1172 3285 trigesimo

148 3323 271 3399 quarm,
292 3315 383 3398 regni
396 3322 502 3380 autem
515 3315 614 3379 nostri
629 3315 781 3399 uigesimo
795 3314 908 3398 primo.
