2798 4764
377 337 412 386 rt.
426 340 554 386 rossan
576 337 700 387 occurs
724 339 912 387 mssmsmr
935 318 1019 409 (dd).
1153 320 1216 391 Μ

183 492 349 556 honestate
366 493 535 576 preclaros.
557 492 701 557 Nicolaus
714 493 915 558 Scibinionsis
929 497 1119 579 prepositus,
1131 496 1218 580 ragis

183 600 475 677 uicecancella'rius,
497 604 655 667 nobilibus
677 605 831 668 natalibus
855 616 959 681 ortos,
980 609 1034 690 qui
1055 627 1152 671 onum
1173 607 1216 673 do

183 715 364 788 maioribus,
380 722 549 796 antequam
564 736 598 779 se
614 717 699 780 necis
715 718 893 780 necessitati
909 718 1086 792 subiiceret,
1102 737 1216 784 crucu-

183 835 248 891 tato
272 827 376 910 gladio
402 826 565 910 iugulauit.
598 829 729 891 Eradius
754 829 994 892 archidiaconus
1021 830 1215 907 ltacbiensls,

184 941 332 1022 magister
351 941 510 1015 blbertus,
531 941 754 1023 strigoniensis
776 941 1034 1015 archidiaconus,
1056 942 1110 1023 qui
1130 942 1215 1005 circa

184 1052 301 1114 tluenta
311 1051 391 1112 iuris
405 1050 562 1132 prelatus,
584 1052 661 1114 alios
675 1053 790 1116 meruit
805 1053 951 1115 edocere.
980 1053 1121 1134 ipsorum
1136 1070 1216 1135 quo·

184 1183 246 1246 qne
262 1182 395 1245 corpora
415 1164 491 1227 diris
515 1164 715 1226 mucronibus
737 1164 840 1227 taliter
861 1173 933 1227 sunt
956 1172 1108 1237 mactata,
1129 1163 1216 1247 quod

184 1280 255 1354 post
275 1292 435 1335 recessum
460 1294 586 1347 eorum,
608 1294 788 1357 quanquam
813 1273 943 1339 multum
960 1275 1125 1356 exquisitia
1146 1273 1215 1338 tuo·

184 1383 262 1457 rint,
283 1385 475 1468 nequierunt
494 1384 650 1447 ullatenus
672 1386 815 1467 reperiri.
848 1385 888 1448 de
909 1406 1042 1448 numero
1059 1406 1137 1449 uero
1156 1385 1215 1449 lai·

184 1515 293 1558 corum
315 1497 467 1558 maiorum
482 1505 513 1559 et
528 1497 700 1569 minorum,
722 1497 775 1578 qui
790 1497 934 1558 suffocati
948 1497 1076 1560 suerunt
1091 1494 1214 1577 paludi·

183 1606 242 1671 bus
266 1616 298 1670 et
321 1609 427 1690 aquis,
455 1607 529 1690 igne
552 1607 742 1670 concremati
765 1617 797 1670 et
817 1607 920 1690 gladio
942 1608 1116 1681 interemti,
1136 1605 1216 1671 nulli

184 1718 359 1780 mortalium
379 1719 479 1799 possit
498 1718 568 1781 lieri
591 1719 756 1782 certitudo.
785 1739 857 1782 nam
881 1740 937 1800 per
952 1739 1079 1800 campos
1101 1714 1214 1782 etuias

183 1829 325 1891 iacebant
341 1848 473 1909 corpora
488 1829 657 1892 multorum
673 1839 878 1903 mortuorum,
894 1829 998 1913 aliqua
1012 1831 1113 1912 capite
1125 1829 1216 1892 dimi·

183 1949 273 2014 nuta,
298 1939 403 2023 aliqua
424 1941 580 2004 frustatim
603 1941 705 2004 diuisa
726 1942 759 2003 in
780 1941 862 2003 uillis
884 1951 916 2004 et
934 1943 967 2004 in
990 1942 1152 2016 ecclesiis,
1173 1941 1215 2005 ad

183 2070 260 2131 quas
279 2072 443 2115 recursum
464 2051 658 2124 habuerant,
681 2050 811 2132 piurima
833 2062 1043 2115 concremata.
1071 2052 1133 2116 boc
1147 2050 1221 2115 exta

183 2163 281 2236 cium,
302 2163 362 2225 bec
382 2163 549 2244 pernicies,
570 2171 602 2225 et
621 2163 681 2226 bec
704 2172 825 2246 strages
848 2165 974 2227 tenebat
995 2164 1128 2226 duorum
1146 2163 1215 2227 dia-

182 2293 251 2335 rum
270 2273 384 2337 itinera
407 2283 574 2355 occupata,
595 2283 723 2355 totaque
742 2283 825 2337 terra
847 2284 915 2338 erat
937 2274 1089 2355 sanguine
1111 2273 1215 2335 rubri·

183 2393 266 2459 cata,
297 2393 329 2447 et
352 2386 528 2448 existebant
551 2405 685 2467 corpora
707 2406 804 2467 super
827 2394 928 2457 terra,
962 2386 1041 2447 sicut
1064 2391 1149 2447 stant
1172 2383 1213 2446 ad

182 2516 297 2577 pascua
319 2498 515 2578 perdeserta
535 2517 648 2579 greges
670 2516 835 2579 pecorum,
857 2497 964 2559 ouium
980 2505 1012 2558 et
1026 2514 1213 2578 porcorum,

183 2616 214 2671 ct
235 2611 314 2673 sicot
334 2610 365 2672 in
387 2610 563 2692 lapicidinis
586 2610 663 2673 secti
686 2610 807 2690 lapides
831 2610 869 2672 ad
891 2616 1073 2671 structuras.
1102 2604 1214 2672 babuit

180 2721 275 2802 igitur
289 2742 370 2804 aqua
387 2742 520 2804 corpora
535 2723 711 2785 mortalium
727 2724 895 2794 snllocata,
921 2721 981 2785 bec
995 2729 1067 2784 sunt
1081 2741 1100 2783 a
1115 2719 1212 2801 pisci·

182 2833 256 2905 bos,
278 2853 297 2894 a
318 2834 493 2908 uermibus,
514 2835 553 2895 ab
568 2834 679 2896 auibus
695 2835 726 2895 in
741 2834 829 2916 aquis
845 2834 1030 2916 degentibus
1046 2833 1210 2896 deuorato.

181 2954 263 3010 terra
285 2945 410 3010 illorum
433 2965 598 3027 corporum
621 2947 793 3008 dominium
815 2953 864 3009 est
882 2946 1013 3028 adepta,
1038 2965 1100 3027 que
1116 2964 1211 3009 occu·

182 3056 316 3118 buerunt
338 3057 504 3119 nenenatis
529 3057 663 3130 lanceis,
693 3057 895 3119 mucronibus
920 3063 951 3119 et
981 3056 1116 3138 sagittis,
1147 3054 1210 3118 hae

181 3169 334 3249 sanguino
356 3177 516 3232 cruentata
538 3168 598 3231 ccli
621 3188 715 3242 aues,
737 3174 768 3230 et
787 3169 913 3231 dentato
934 3167 1053 3239 bestie,
1075 3175 1138 3229 tam
1152 3165 1211 3228 do-

181 3279 309 3342 mestice
324 3300 418 3361 quam
438 3280 612 3353 siluestres,
633 3300 739 3342 morsu
763 3279 916 3362 usquead
932 3297 1004 3341 ossa
1019 3274 1210 3358 nequissima

183 3399 394 3453 corroserunt.
425 3391 506 3472 ignis
520 3389 573 3452 illa
588 3391 705 3462 tenuit,
727 3409 788 3472 que
803 3397 942 3451 cremata
954 3395 1028 3450 sunt
1044 3387 1076 3447 in
1091 3383 1211 3449 ecclos-

182 3499 235 3561 siis
259 3501 341 3564 etin
366 3500 459 3565 uillis.
491 3502 648 3564 interdum
672 3500 792 3582 ignem,
823 3519 862 3561 ex
885 3497 1083 3560 cremaciono
1103 3495 1212 3559 butus-

182 3611 285 3684 modi,
306 3612 434 3695 pinguia
455 3613 689 3694 extinguebant.
718 3611 778 3673 bec
799 3609 940 3672 consumi
959 3615 1122 3690 nequeunt
1142 3626 1212 3671 mo·

183 3721 252 3782 dico
274 3725 423 3803 temporis
446 3721 620 3785 intemallo.
647 3743 718 3785 nam
741 3721 945 3784 inueniuntur
958 3721 991 3782 in
1011 3719 1090 3785 locis
1114 3719 1213 3801 pluri·

183 3834 256 3906 mis,
277 3854 378 3916 usque
399 3836 439 3897 ad
461 3842 604 3916 tempora
624 3835 781 3917 longiora,
803 3851 875 3895 ossa
890 3832 1061 3916 denigratis
1076 3830 1211 3915 pellibus

183 3963 246 4006 non
269 3947 440 4008 consumtis
461 3945 618 4019 inuoluta,
644 3965 703 4027 pro
727 3964 765 4006 eo
787 3945 873 4027 quod
893 3944 1082 4027 quibusdam
1103 3930 1212 4006 hostiis

183 4074 255 4119 esce
271 4056 392 4140 placide
407 4077 471 4120 non
486 4058 638 4130 existunt,
659 4057 718 4119 nisi
733 4055 823 4120 aliter
836 4054 1049 4120 destruantur.
1070 4073 1140 4116 cum
1154 4068 1212 4116 aa·

183 4175 246 4233 tem
269 4170 302 4233 in
327 4168 500 4234 dominium
527 4169 622 4236 trium
647 4167 876 4233 elementorum
904 4167 1054 4232 uniuersa
1078 4178 1213 4248 corpora
