2798 4764
369 336 507 386 ιιιιιιιιιι
527 335 628 385 emsa
647 336 857 385 montosus
876 315 957 404 (ΞΩ).
1136 313 1178 415 bb

149 502 225 557 tuno
235 489 374 556 Zobolsu
395 497 428 556 et
448 492 524 556 socii
543 491 591 556 sui
613 500 713 555 totum
733 493 904 557 exercitum
924 495 958 556 in
977 494 1057 559 duas
1071 502 1177 577 panes

149 605 334 678 diuiserunt,
356 613 390 667 ιιι
404 624 468 666 una
482 625 555 686 pars
570 605 630 668 iret
642 605 730 668 iuxta
744 606 875 668 tluuiom
888 610 1012 682 Zomus,
1033 605 1178 673 etaltera
1206 651 1209 668 .

147 735 223 799 pers
237 736 296 799 per
309 724 416 797 partes
429 716 503 797 Nyr.
524 715 660 780 Zobolsu
673 725 705 780 et
719 720 803 780 Tosu
818 727 908 802 pater
920 718 1008 794 Lelu,
1026 739 1097 782 cum
1109 739 1178 784 me·

148 828 265 892 dietate
279 828 437 891 exercitus
452 828 571 910 egressi
586 838 659 890 sunt
673 848 732 910 per
744 830 937 912 crepidinem
948 831 1087 905 Tbiscie,
1101 830 1177 894 sub-

148 941 289 1023 iugando
308 940 368 1002 sibi
389 925 516 1022 gemes,
545 949 576 1003 et
595 949 752 1004 uenerunt
770 961 882 1005 uersus
904 943 1034 1005 lluuium
1052 945 1181 1020 Zomns,

150 1050 298 1114 edilium
322 1052 442 1125 mcum,
463 1052 516 1133 qui
539 1071 622 1113 nune
645 1053 757 1115 dicitur
776 1053 928 1128 Saruuar,
957 1063 988 1117 et
1007 1055 1039 1117 in
1061 1054 1178 1117 eodem

149 1163 221 1226 loco
239 1162 321 1227 intra
341 1161 490 1244 paludes,
511 1164 595 1226 'losu
617 1172 705 1244 pater
719 1162 813 1238 Lelu,
835 1173 1024 1247 congregata
1038 1165 1179 1227 multitu·

151 1276 225 1338 (line
236 1273 364 1356 populi,
383 1273 532 1338 fossatam
546 1293 693 1357 magnam
706 1273 796 1347 iecit,
817 1284 849 1338 et
861 1284 996 1338 castrum
1010 1275 1180 1338 munitissi-

151 1405 236 1447 mum
250 1387 290 1448 ιιι
304 1392 389 1448 terra
403 1386 589 1458 construxit,
611 1386 698 1466 quod
712 1386 813 1466 primo
828 1394 964 1449 castrssm
979 1388 1063 1449 Tosu
1078 1385 1179 1449 nomi·

150 1504 258 1559 natum
276 1496 349 1568 tots,
375 1515 459 1559 nunc
480 1516 557 1559 uero
577 1497 716 1558 Sarouer
738 1505 879 1560 uocatur.
907 1500 940 1560 et
952 1496 1087 1578 acceptis
1106 1495 1179 1561 liliis

150 1607 323 1672 incolarum
336 1609 369 1671 in
380 1608 517 1682 obsides,
531 1615 665 1670 castrum
680 1607 827 1672 militibus
844 1609 972 1692 plenum
982 1609 1180 1675 dimiserunt·

150 1730 224 1784 tsmc
238 1723 323 1784 Tosu
341 1741 400 1802 per
419 1721 605 1803 peticionem
628 1719 735 1803 populi
755 1722 883 1784 domino
903 1742 960 1785 suo
979 1721 1053 1784 duci
1070 1721 1186 1804 Aspad-

150 1834 306 1915 sobtogau
320 1833 395 1896 tecit
406 1841 491 1895 stare
505 1834 609 1895 forum
622 1832 705 1896 inter
715 1834 779 1916 Nyr
792 1844 824 1897 et
832 1834 1002 1907 l'bisciam,
1016 1833 1066 1897 cui
1077 1835 1180 1898 sciam

151 1946 221 2010 loro
233 1964 351 2008 nomen
364 1965 457 2008 suum
473 1945 636 2028 imposuit,
657 1947 743 2029 quod
764 1966 865 2028 usque
879 1965 963 2009 nunc
977 1945 1081 2008 lorum
1091 1947 1178 2010 Toou

149 2066 358 2138 nuncupatur.
387 2064 498 2137 postea
522 2076 599 2118 uero
621 2057 757 2121 Zobolsu
783 2065 813 2119 et
834 2059 918 2120 'losu
944 2057 1016 2119 binc
1040 2058 1178 2140 egressi,

150 2188 250 2252 usque
265 2169 306 2233 ιιι
320 2176 456 2235 castrum
471 2168 594 2231 Zotmar
607 2176 836 2252 peruenerunt,
852 2177 883 2231 et
893 2176 1028 2232 castrum
1044 2189 1101 2252 per
1114 2177 1177 2234 tres

150 2281 218 2344 alies
231 2280 403 2364 pugnando
417 2279 606 2353 obsidentes,
621 2281 784 2342 uictoriam
799 2281 904 2362 adepti
919 2289 1008 2356 sunt,
1022 2292 1054 2344 et
1067 2290 1180 2363 quarto

151 2395 201 2457 die
218 2399 354 2455 castrum
368 2392 530 2466 intrantes,
551 2393 663 2454 milites
681 2393 768 2454 ducis
782 2392 1021 2465 Menumorout,
1043 2410 1123 2473 quos
1136 2389 1180 2456 ibi

151 2504 391 2588 apprehendere
412 2511 598 2585 potueruut,
626 2503 744 2565 catenis
764 2501 876 2565 ferreis
899 2500 1053 2584 obligatos
1074 2503 1106 2564 in
1124 2502 1182 2566 sle·

152 2616 278 2679 terrimo
292 2616 426 2678 carceris
448 2615 599 2677 inferiora
620 2615 787 2687 miserunt,
809 2620 840 2677 et
853 2611 934 2675 tilios
954 2610 1125 2676 incolarum
1146 2613 1181 2676 in

152 2728 278 2792 obsides
299 2736 502 2810 acceperunt,
525 2736 557 2789 et
577 2734 710 2789 castrum
735 2726 881 2790 militibus
902 2724 1031 2809 plenum
1054 2726 1182 2791 dimise·

151 2851 233 2906 runt
254 2842 313 2926 ipsi
328 2862 406 2907 uero
419 2844 461 2906 ad
475 2851 580 2925 portas
594 2842 766 2906 blezesinas
779 2842 825 2906 ire
841 2849 1003 2925 ceperunt.

234 3064 301 3148 (ιι)
334 3067 379 3129 Dc
390 3067 469 3147 Nyr.
512 3066 671 3130 Tubutum
685 3085 763 3130 uero
778 3072 810 3130 et
820 3065 902 3132 filius
916 3084 991 3130 suus
1005 3063 1110 3131 llorca
1123 3086 1182 3150 per

152 3188 260 3262 omes
279 3179 342 3261 Nyr
363 3180 548 3260 equitantes,
570 3198 718 3261 magnum
739 3179 798 3241 sibi
819 3177 970 3261 populum
991 3178 1182 3261 subiugaue·

152 3299 241 3363 runt,
261 3309 281 3351 a
294 3288 381 3352 siluis
396 3291 460 3372 Nyr
472 3309 572 3371 usque
587 3291 627 3353 ιιι
640 3290 852 3363 Humusousr,
870 3290 960 3354 etsie
973 3290 1182 3352 ascendentes

152 3421 255 3485 nsque
277 3403 318 3466 ad
332 3402 426 3485 Zyloc
448 3410 680 3484 peruenerunt,
700 3411 810 3466 contra
829 3422 884 3465 eos
905 3401 1031 3464 nemine
1054 3418 1185 3465 manunt

150 3511 297 3587 leuante,
319 3514 394 3597 quia
408 3514 473 3577 oux
487 3514 709 3576 blenumorout
730 3520 762 3576 et
782 3512 831 3575 sui
852 3531 915 3574 non
935 3519 1009 3575 sunt
1023 3510 1090 3573 ausi
1105 3530 1184 3594 pug-

152 3644 231 3689 nare
244 3634 435 3700 contrusus,
456 3627 513 3691 sed
527 3626 658 3687 fluuium
672 3626 739 3688 Cris
755 3623 913 3688 custodire
926 3630 1086 3705 ceperunt
1108 3632 1183 3688 tuns

152 3737 313 3800 Tubulum
332 3747 365 3800 et
383 3736 466 3801 tilius
486 3757 561 3800 suus
579 3737 685 3800 Horca
701 3737 742 3800 de
756 3734 851 3818 Zyloc
870 3735 1006 3818 egressi,
1027 3741 1184 3800 uenerunt

150 3850 186 3913 in
199 3858 306 3933 putes
318 3850 492 3915 Hezesinas
512 3850 553 3913 ιιι
566 3849 736 3913 Zobolsum
756 3857 788 3912 et
802 3850 937 3923 Tosum,
958 3857 990 3912 et
1003 3866 1074 3910 cum
1091 3867 1127 3911 se
1141 3846 1184 3911 ιιι

150 3962 289 4025 inuicem
302 3961 475 4035 uidissent,
495 3961 611 4043 gaudio
625 3962 724 4044 ganisi
737 3968 812 4025 sunt
824 3979 949 4043 magno,
963 3968 996 4024 et
1009 3958 1091 4022 lecto
1105 3976 1184 4022 oon·

151 4073 240 4136 ninio
250 4072 469 4155 unusquisque
483 4070 631 4137 laudabat
644 4092 680 4136 se
694 4072 798 4155 ipsum
809 4071 850 4136 de
862 4090 921 4134 sua
931 4069 1072 4133 uictoris.
1088 4086 1182 4131 mans

150 4192 259 4253 sutem
273 4183 367 4260 beto,
387 4183 541 4261 Zobolsu,
554 4184 638 4249 Tosu
653 4191 685 4249 et
698 4183 859 4250 Tubutum
871 4182 949 4248 inito
961 4179 1092 4246 consilio
1106 4195 1184 4259 cons
