2798 4764
310 334 430 422 emonis
448 366 492 421 ns
511 372 595 420 ms
616 372 716 420 euers
736 356 946 422 mimus
963 348 1025 442 (ῆι
1122 344 1184 422 stt
1256 382 1258 386 ·

152 531 192 616 tle
216 546 274 593 sno
293 526 446 611 sunguine
465 513 580 610 dignus
604 513 712 591 nullus
730 536 815 592 esset
833 528 922 612 regni
945 547 1063 593 eorons
1085 512 1185 593 mult

153 641 247 714 meri,
268 646 300 704 et
314 638 368 722 qni
382 638 451 721 ipso
465 647 590 701 mortuo
606 647 732 722 gentem
751 647 816 702 tam
830 627 988 703 nou'ellsm
1005 641 1038 704 in
1051 640 1115 704 title
1129 654 1184 705 em·

152 752 269 818 tlrolioa
290 759 399 834 posset
421 740 636 815 conseruare(
653 752 775 815 interea
799 771 878 815 uero
900 752 1018 816 uiribus
1040 751 1185 835 corporis

153 864 237 948 oepit
254 873 385 946 repente
406 863 552 938 destitui,
574 873 606 928 et
627 873 790 948 granatum
811 864 963 948 languore
977 884 1012 928 se
1026 856 1183 940 senciens,

152 976 238 1042 misit
259 977 389 1039 nuncios
410 976 613 1050 festinanter,
641 977 695 1059 qui
712 976 823 1039 Wszul
843 975 943 1039 lilium
962 977 1011 1038 sui
1023 966 1184 1058 patruelis

153 1089 194 1154 rie
218 1107 344 1152 oureere
358 1088 455 1150 Nitrie
480 1087 647 1162 educeret,
669 1106 763 1171 quem
786 1089 856 1171 ipse
879 1095 953 1170 post
976 1105 1049 1151 eum
1073 1102 1185 1170 regem

153 1200 273 1265 faceret
293 1219 388 1281 super
408 1199 586 1281 ilungaros.
616 1217 680 1284 qno
702 1200 809 1264 audito
828 1200 926 1283 Kysis
946 1199 1057 1284 regina
1076 1199 1186 1263 habits

156 1311 286 1377 consilio
305 1310 478 1376 infidelium
500 1313 584 1374 misit
606 1312 758 1376 Comitem
779 1313 897 1386 Selius,
925 1313 979 1396 qui
1001 1302 1083 1394 regis
1103 1330 1187 1375 nun-

155 1425 238 1488 cium
254 1423 452 1505 preueniens,
472 1423 585 1486 Wazul
607 1423 735 1486 oeoulos
756 1425 922 1498 effoderet,
943 1442 1100 1515 suresque
1114 1424 1185 1487 eius
1263 1412 1268 1423 ’

155 1536 274 1621 plumbi
294 1534 451 1599 infusione
472 1536 650 1609 obturaret,
680 1536 868 1619 fugeretque
890 1536 1004 1599 abinde
1026 1536 1059 1598 in
1080 1534 1185 1600 Bolse-

157 1650 263 1713 miem.
285 1666 380 1731 quem
396 1667 467 1710 eum
481 1648 608 1712 tandem
622 1648 706 1731 regis
719 1650 852 1711 nuncius
863 1648 903 1712 ad
913 1666 1023 1732 regem
1034 1645 1185 1711 adduxis-

157 1769 220 1834 set,
241 1778 348 1824 amere
362 1761 450 1823 fleuit
464 1779 561 1842 snper
574 1780 649 1823 essu
664 1749 723 1845 qni
734 1760 900 1824 acciderat.
921 1750 1106 1826 eonoooetis
1125 1760 1185 1846 igi&

157 1880 208 1938 tur
222 1872 261 1936 ad
277 1893 312 1936 se
327 1872 469 1946 Andros,
496 1871 571 1934 Bela
588 1880 620 1936 et
633 1872 782 1937 Lerrents
801 1871 873 1936 liliis
888 1872 1068 1937 Zarladislsi
1077 1917 1086 1948 ,
1107 1891 1184 1937 oon-

157 1984 254 2050 snlnit
268 1972 315 2048 eis
328 1992 363 2046 nt
377 1984 410 2046 in
424 1983 608 2048 Bolremism
621 1984 768 2065 fugerent
780 1984 974 2048 festinanter.
1002 1986 1114 2048 beatus
1128 2005 1184 2049 au·

157 2106 222 2161 tem
235 2114 293 2160 rex
307 2096 485 2178 Stephanus
499 2095 597 2157 XLV!
612 2114 695 2158 anno
709 2096 758 2157 sui
776 2095 938 2179 regiminis
950 2095 984 2157 in
999 2095 1049 2158 die
1064 2093 1185 2159 assum·

157 2209 256 2273 olonis
277 2209 368 2272 beate
389 2208 521 2292 Uirginis
541 2207 688 2292 migrauit
707 2207 749 2271 ad
771 2208 946 2270 dominum.
974 2205 1115 2289 sepultus
1137 2213 1186 2272 est

154 2322 234 2386 Alite
256 2322 288 2384 in
309 2318 444 2384 eeclesia
463 2320 555 2383 beate
577 2319 710 2402 Uirginis
729 2316 876 2402 gloriose.
905 2318 1072 2382 confestim
1092 2318 1188 2402 igitur

157 2434 381 2517 ilungarornm
395 2431 524 2516 cythera
536 2431 570 2494 in
583 2431 702 2494 luctum
717 2437 765 2493 est
778 2448 948 2502 eonuersa,
970 2435 1002 2491 et
1013 2428 1114 2492 omnis
1129 2446 1188 2511 po·

155 2535 250 2630 pulos
261 2545 352 2628 regni
365 2544 482 2627 planxit
491 2553 555 2607 tam
567 2542 797 2606 sanctissimum
807 2559 915 2625 regem
927 2540 1047 2604 ululstu
1061 2556 1186 2626 magno.

155 2657 288 2721 iuuenes
303 2674 414 2719 eorum
430 2674 467 2719 sc
481 2655 620 2738 uirgines
640 2647 767 2718 sentitiis
785 2654 884 2717 induti
900 2653 1041 2717 uestibus
1059 2672 1117 2736 per
1131 2652 1188 2718 ertu

155 2769 284 2833 eunium
297 2769 431 2833 choreas
446 2788 511 2832 non
525 2769 691 2831 duxerunt.
1186 2776 1189 2785 '

238 2880 360 2964 Regina
369 2894 447 2943 uero
458 2879 553 2963 llysla
564 2879 696 2942 oonsilio
704 2879 885 2963 iniquorum
895 2880 1021 2959 Petrum
1033 2879 1188 2945 Uenes-

155 2991 255 3056 sslinns
270 2992 388 3055 sororis
401 3010 475 3066 soe,
498 2992 586 3054 ouius
600 3000 689 3073 peter
702 2992 767 3056 dux
781 2992 885 3055 morat
900 2992 1108 3067 Uenetorum,
1135 3006 1189 3056 re·

158 3122 230 3189 gem
251 3104 326 3168 feeit
346 3122 443 3186 snper
464 3104 645 3186 ilungaros,
666 3112 701 3167 ut
715 3122 774 3186 pro
787 3102 875 3168 lilrito
889 3111 997 3186 posset
1011 3112 1114 3167 motus
1128 3122 1187 3168 sue

157 3214 327 3279 uoluntatis
342 3215 512 3297 perlicere,
527 3208 724 3299 regnumque
737 3214 900 3300 ilungarie
914 3217 1029 3280 amissa
1042 3215 1189 3279 libertate

159 3328 342 3391 Teutoniois
355 3329 552 3392 subderetur.
573 3336 739 3412 postquam
754 3337 859 3391 autem
871 3329 982 3391 Petrus
996 3325 1190 3408 regnsreia·

161 3440 308 3521 sesemet,
329 3456 455 3502 omnem
476 3440 749 3504 mensuetudinem
772 3439 857 3522 regie
879 3439 993 3502 abierit
1006 3437 1188 3515 malestatis,

161 3551 681 3627 etiurore'l'eutonieodeseuiens,
703 3551 1189 3635 regninobilesoontempnebst,

161 3683 232 3728 eum
246 3663 426 3727 Alamannis
446 3672 481 3728 et
493 3665 611 3729 Latinis
634 3665 718 3727 bons
737 3672 821 3728 terre
835 3663 974 3747 superbo
988 3663 1080 3727 oetrlo
1095 3671 1127 3728 et
1138 3664 1190 3728 lu·

161 3776 300 3841 meanti
322 3778 418 3841 eorde
443 3778 637 3841 deuorando.
668 3776 863 3841 municiones
885 3784 1005 3853 autem,
1033 3785 1134 3842 eastrs
1156 3783 1190 3842 et

162 3906 273 3952 omues
285 3889 376 3972 regni
390 3889 556 3974 dignitates
571 3888 611 3952 ab
620 3888 776 3975 ilungaris
791 3889 938 3954 auferens
950 3889 1095 3954 madebat
1105 3891 1192 3954 Teu·

163 4002 274 4066 touieis
288 4011 321 4068 et
334 4002 461 4066 Latinis.
483 4009 551 4067 erat
564 4022 692 4087 quoqne
705 3998 790 4069 idem
803 4003 940 4068 lssoiuus
954 4002 1035 4068 ultre
1049 3994 1190 4079 modunl,

163 4115 252 4180 ouius
269 4114 417 4180 satellites
437 4116 668 4200 turpitudinem·
685 4100 893 4202 intemperate
904 4116 1045 4181 libidinis
1059 4122 1193 4198 operris

162 4234 229 4309 tes,
247 4246 365 4297 uxores
382 4227 528 4320 filiasque
547 4229 783 4319 ilungarorum,
803 4232 994 4319 ubieunque
1008 4228 1119 4297 Petrus
1132 4240 1190 4297 ret
