2798 4764
202 286 263 355 trs
321 303 467 353 marcor
486 301 628 350 nrncorr
641 305 715 350 vam
737 303 761 349 s.
776 305 928 352 armatur
948 304 1039 351 anors
1059 284 1116 372 (a).

201 471 339 525 teranrm
353 459 557 522 ecclesiarum
572 458 641 521 lore
656 457 826 521 constituit.
847 457 1020 539 predictum
1036 478 1114 521 uero
1129 477 1228 521 uene·

199 572 332 637 rabilem
348 569 490 634 abbatem
505 569 666 632 Ascricum
686 567 871 650 pontificalis
886 569 1043 652 dignitatis
1058 568 1157 634 infula
1172 570 1229 634 de·

201 691 359 758 ceratum,
380 681 534 745 electione
549 681 700 743 canonica
714 680 902 755 sublimauit,
924 688 955 742 et
966 679 1129 743 Colocensi
1145 680 1228 762 epis·

137 850 141 863 ,
201 792 328 876 coputui
351 792 504 875 prefecit,
540 791 629 852 cuius
655 789 785 853 consilio
812 796 932 853 ceteras
956 791 1070 864 sedes,
1102 801 1228 872 patrum

88 978 91 983 g
201 904 282 967 curis
298 913 329 966 et
341 902 574 986 prouisionihus
588 901 752 964 commisit.
773 900 928 964 iaciuntur
939 901 1055 984 ubique
1066 920 1227 964 sacrarum

200 1014 404 1079 fundamenta
419 1012 601 1086 domorum,
622 1022 754 1095 surgunt
768 1013 918 1086 claustra,
940 1014 1161 1079 canonicorum
1177 1034 1230 1078 ce-

200 1126 294 1191 nohia
313 1127 486 1189 florescunt
509 1125 693 1206 regulariter
717 1125 978 1189 conuersancium
1003 1126 1229 1209 congregacio·

199 1258 285 1301 num.
307 1237 445 1319 undique
459 1235 496 1298 fit
508 1254 679 1298 concursus
695 1234 823 1297 domino
838 1234 1076 1309 famolancium,
1091 1254 1227 1318 quorum

199 1348 337 1413 omnium
363 1347 555 1411 desiderium
580 1353 642 1409 tam
666 1344 804 1409 liberalis
827 1345 976 1428 principis
1001 1345 1150 1410 excitauit
1172 1345 1228 1407 he·

199 1460 293 1544 nigne
308 1460 516 1541 susceptionis
530 1458 693 1522 solacium.

281 1679 329 1765 (9)
351 1684 471 1758 Quarto
495 1690 568 1765 post
588 1681 685 1765 patris
706 1681 822 1745 obitum
845 1700 938 1757 auno,
960 1681 1067 1747 diuina
1087 1702 1227 1746 commo·
1294 1712 1302 1724 ·

200 1800 295 1857 nente
310 1791 481 1856 clemencia
495 1793 631 1854 eundem
647 1791 809 1859 aser-icum
827 1793 1004 1874 presulem,
1025 1794 1079 1877 qui
1093 1792 1155 1857 alio
1170 1816 1228 1858 no-

199 1904 284 1969 mine
297 1904 479 1966 Anastasius
494 1903 595 1967 dictus
611 1912 676 1978 est,
697 1905 736 1967 ad
751 1904 858 1967 limina
873 1914 1053 1969 sanctorum
1067 1907 1227 1989 apostolo·

200 2036 271 2079 rum
284 2015 383 2089 misit,
405 2022 439 2078 ut
453 2035 471 2076 a
485 2034 668 2079 successore
683 2017 782 2079 sancti
797 2016 880 2080 Petri
902 2014 1054 2101 principis
1069 2016 1229 2100 apostolo·

202 2148 272 2193 rum
287 2127 472 2210 postularet,
493 2146 557 2209 quo
576 2125 701 2192 nouelle
718 2128 933 2192 christianitati
954 2136 1064 2192 exorto
1085 2129 1118 2191 in
1131 2127 1228 2212 parti·

199 2242 258 2304 hus
276 2240 454 2315 Pannonie,
482 2239 601 2322 largam
622 2240 875 2304 benedictionem
900 2241 1089 2323 porrigeret,
1110 2240 1228 2322 Strigo·

198 2352 341 2416 niensenr
361 2349 525 2414 ecclesiam
542 2351 574 2413 in
590 2349 788 2432 metropolim
812 2371 868 2413 sue
890 2347 1134 2433 subscriptionils
1154 2368 1229 2413 auc-

199 2464 321 2535 tnritate
337 2462 489 2536 sanciret,
512 2469 544 2525 et
558 2461 694 2544 reliquos
716 2460 914 2543 episcopatus
935 2480 991 2524 sua
1009 2460 1229 2526 benedictione

198 2562 345 2638 muniret.
380 2573 468 2656 regio
488 2573 588 2635 eciam
612 2572 793 2656 dignaretur
811 2571 913 2654 ipsum
937 2570 1113 2635 diademate
1133 2572 1229 2636 roho·

199 2704 285 2758 rare,
307 2692 401 2747 uteo
423 2683 518 2745 fultus
539 2682 677 2756 honore,
700 2689 791 2764 cepta
813 2703 871 2764 per
889 2684 939 2746 dei
961 2685 1098 2766 graciam
1121 2691 1227 2765 posset

198 2793 328 2857 solidius
344 2793 502 2856 stahilere.
523 2793 636 2856 eodem
653 2793 733 2855 sorte
749 2801 902 2876 tempore,
915 2794 1014 2857 llisca
1028 2791 1226 2876 poloniorum

200 2904 264 2969 dux
280 2905 480 2968 christianam
499 2925 570 2966 cum
595 2904 659 2966 suis
682 2904 845 2986 amplexus
867 2904 979 2980 tidem,
1001 2904 1104 2968 missis
1122 2905 1162 2967 ad
1174 2924 1228 2968 ro·

199 3034 292 3079 mane
313 3014 397 3077 sedis
419 3015 588 3078 antistitem
609 3014 742 3089 nrmciis,
764 3015 934 3098 apostolica
955 3015 1057 3079 fulciri
1079 3015 1229 3079 henedic-

201 3126 303 3200 tione,
335 3145 372 3187 ac
400 3125 487 3209 regio
514 3126 730 3206 postulauerat
755 3127 932 3211 diademate
960 3128 1109 3191 redimiri.
1140 3129 1229 3189 cuius

201 3237 348 3323 peticioni
361 3257 503 3301 annuens
517 3257 616 3322 papa,
638 3258 785 3302 comnam
801 3236 917 3322 egregii
928 3239 1032 3321 operis
1046 3237 1151 3320 parari
1165 3236 1228 3299 iam

201 3348 334 3426 lecerat,
355 3370 448 3432 quam
462 3350 506 3412 illi
522 3369 592 3413 cum
607 3350 828 3414 benedictione
843 3358 876 3413 et
888 3349 976 3434 regni
990 3349 1089 3433 gloria
1106 3350 1228 3412 mittere

202 3462 397 3527 decreuerat.
418 3462 474 3526 sed
489 3462 562 3544 quia
578 3461 666 3524 nouit
680 3460 826 3524 dominus
840 3459 895 3544 qui
910 3468 984 3525 suut
997 3459 1075 3534 eius,
1087 3461 1140 3543 qui
1152 3460 1230 3523 duo-

201 3572 260 3653 hus
280 3594 337 3655 per
356 3573 514 3654 apostolos
537 3572 568 3634 in
585 3569 747 3653 apostolici
769 3571 886 3634 ordinis
906 3581 1025 3639 sortem
1043 3573 1152 3635 electis
1165 3571 1231 3634 hla-

201 3666 296 3747 thiam
311 3682 453 3766 pretulit,
468 3691 501 3745 et
514 3682 718 3764 apostolicum
733 3679 809 3744 fecit
822 3680 969 3761 supplere
986 3702 1164 3755 numerum,
1177 3681 1230 3743 ille

201 3794 347 3856 nimirum
368 3792 478 3872 pocius
503 3789 637 3854 electum
658 3770 749 3855 suum
768 3791 961 3874 Stephanum
982 3792 1042 3853 hac
1066 3790 1231 3871 temporali

201 3907 352 3965 statuerat
372 3900 507 3963 feliciter
526 3900 676 3984 insignire
698 3920 832 3975 corona,
852 3899 922 3982 ipse
935 3900 1137 3982 postmodum
1152 3920 1231 3963 eun·

202 4008 274 4074 dem
295 4007 415 4073 felicius
436 4007 640 4073 decoraturus
662 4008 925 4097 eternalPrelixa
947 4008 1053 4090 itaque
1077 4009 1145 4085 die,
1166 4032 1232 4094 qua

201 4128 312 4210 parata
322 4121 385 4186 iam
397 4139 515 4187 corona
524 4120 727 4186 Poloniorum
742 4120 813 4187 duci
827 4120 980 4189 mittenda
993 4117 1108 4197 fuerat,
1130 4122 1224 4188 nocta
