2798 4764
178 346 238 415 178
298 354 445 410 naarncr
460 362 604 411 setscorr
617 364 691 412 urs
712 364 738 410 s.
750 365 901 412 srnrrrasr
914 364 1005 413 ason
1026 344 1107 431 (ll).

177 517 308 583 tidianas
329 536 486 598 expensas
506 516 724 582 indeficienter
743 518 813 581 fieri
833 518 1007 593 constituit,
1038 526 1211 583 nocturnas

177 626 302 710 uigilias
318 629 350 690 in
364 627 507 693 lauandis
523 628 636 692 Christi
656 628 797 691 fidelium
812 629 965 711 pedibus,
987 638 1019 692 et
1032 628 1064 691 in
1079 629 1213 692 abscon·

178 736 289 801 dendis
300 737 332 800 in
343 739 414 801 sinu
424 758 599 822 pauperum
610 738 789 802 elemosinis
799 738 922 822 agiliter
934 748 964 803 et
974 739 1101 823 ylariter
1111 749 1213 803 trans·

177 848 266 932 igere
288 848 428 926 solebat,
450 870 584 934 egenum
604 849 760 913 Christum
784 851 816 913 in
839 851 988 915 membris
1012 852 1076 915 suis
1100 870 1214 914 conso·

178 959 236 1024 lari
252 960 431 1025 deliberans
446 962 671 1042 temporaliter,
693 971 729 1024 ut
741 962 809 1045 ipse
825 964 889 1026 uite
905 963 1030 1027 celestis
1047 982 1214 1038 cameram,

180 1075 301 1137 cunctis
318 1074 553 1137 delectamentis
568 1074 732 1148 refertam,
753 1073 920 1138 inueniens
933 1076 1096 1140 iocundari
1111 1095 1213 1139 mere-

179 1195 267 1250 retur
292 1184 483 1249 eternaliter.
514 1186 650 1268 quadam
676 1206 754 1250 uero
781 1194 888 1262 nocte,
917 1188 1069 1269 spirituali
1094 1188 1213 1251 monitu

179 1303 291 1370 tactus,
313 1294 438 1359 nemine
453 1297 584 1371 sciente,
608 1297 694 1361 solus
708 1296 836 1380 plenum
853 1297 937 1360 dono
953 1296 1004 1361 dci
1019 1318 1132 1380 gerens
1146 1317 1214 1362 sac-

182 1406 302 1481 culum,
325 1405 439 1470 Christi
458 1407 607 1489 pusillum
630 1427 757 1492 gregem
776 1406 869 1473 solito
884 1428 972 1473 more
987 1410 1125 1493 perrexit
1139 1410 1215 1474 uisi·

181 1526 261 1583 tare.
303 1516 470 1600 statimque
494 1538 650 1602 pauperes
676 1520 891 1583 distribuendo
922 1521 1046 1584 celestis
1073 1520 1214 1584 thesauri

183 1629 316 1713 pecunie
341 1630 550 1695 disturbantes
574 1631 717 1706 inicium,
750 1631 809 1694 uiri
835 1631 885 1695 dei
909 1633 1026 1695 meritis
1051 1631 1213 1695 euulsione

184 1740 282 1805 barbe
307 1743 501 1824 prebuerunt
525 1744 746 1807 testimonium.
778 1745 819 1807 ob
844 1745 904 1807 hoe
929 1745 1043 1827 gaudio
1067 1744 1213 1827 perfusus

184 1852 322 1918 maximo
337 1854 426 1918 miles
436 1854 566 1929 Christi,
579 1876 613 1918 se
629 1855 768 1920 condulit
782 1856 822 1919 ad
837 1855 1047 1919 beatissimam
1065 1855 1215 1919 creatoris

185 1967 325 2031 omnium
340 1968 539 2050 genitricem,
560 1978 734 2050 prostratus
754 1976 837 2032 terre
854 1969 974 2052 gracias
989 1987 1086 2051 agens
1100 1968 1145 2031 sic
1161 1986 1216 2031 ex·

185 2074 352 2141 ¹clamauit:
374 2078 483 2162 regina
499 2078 622 2143 celestis
639 2087 670 2144 et
683 2080 769 2144 meal
792 2099 885 2164 quem
901 2086 935 2142 tu
949 2098 1058 2162 regem
1072 2078 1216 2152 statuisti,

186 2188 301 2254 milites
322 2191 384 2265 tui,
405 2190 450 2253 sie
471 2210 522 2253 me
540 2192 789 2255 honorauerunt.
816 2190 843 2253 si
859 2191 898 2253 ab
913 2189 1019 2273 aliquo
1033 2188 1216 2253 aduersario

187 2302 263 2365 mibi
277 2302 388 2367 fuisset
401 2302 463 2366 boc
477 2302 614 2378 illatum,
629 2322 715 2367 meas
730 2302 860 2365 iniurias
875 2322 932 2384 per
945 2311 1034 2366 tuum
1048 2300 1218 2364 ulciscerer

188 2406 420 2476 adminiculum.
442 2415 545 2478 sciens
562 2434 637 2497 ergo
654 2414 797 2488 domina,
817 2434 875 2497 per
890 2413 951 2476 boc
967 2420 1108 2476 eternam
1124 2406 1218 2474 michi

187 2518 317 2586 retribui
331 2524 529 2600 felicitatem,
550 2526 642 2589 nimis
656 2525 780 2598 exulto,
802 2524 924 2607 gracias
938 2543 1036 2607 agens
1051 2521 1218 2585 saluatoris

188 2636 287 2697 nostri
309 2637 413 2699 uerbis
434 2639 660 2720 consolatorys,
682 2638 795 2720 quibus
816 2633 988 2717 discipulos
1008 2653 1084 2697 siros
1105 2652 1217 2696 conso-

187 2745 269 2810 latus
291 2756 354 2824 est,
384 2749 509 2812 dicens:
541 2751 670 2833 capillus
691 2750 731 2813 de
754 2751 855 2833 capite
875 2757 984 2811 uestro
1006 2766 1071 2808 non
1092 2744 1216 2827 peribit.

188 2858 238 2922 his
253 2860 343 2923 dictis
357 2881 391 2924 se
407 2862 455 2924 uir
469 2861 521 2925 dei
535 2862 642 2925 celesti
660 2861 765 2947 gracia
784 2860 964 2944 percipiens
985 2858 1164 2931 uisltatum,
1186 2865 1218 2919 et

188 2969 342 3053 spirituali
356 2971 519 3035 carismate
535 2972 713 3055 perfusum,
734 2972 840 3035 cordis
854 2973 963 3036 ianuas
974 2988 1068 3053 opem
1082 2986 1218 3052 queren-

188 3082 273 3145 tibus
296 3103 457 3166 nunquam
478 3083 627 3148 claudere
646 3083 803 3156 decreuit,
824 3083 882 3146 sed
903 3102 961 3166 per
974 3100 1009 3146 se
1023 3081 1173 3162 deinceps
1187 3085 1220 3140 et

189 3213 248 3274 per
263 3192 350 3270 alios,
372 3204 404 3258 et
417 3195 569 3277 precipue
583 3213 640 3278 per
655 3190 771 3257 Christi
785 3213 895 3257 seruos
910 3201 943 3257 et
955 3192 1135 3265 familiares,
1155 3189 1220 3253 cle·

190 3306 272 3370 risos
290 3306 410 3371 scilicet
432 3313 464 3369 et
482 3306 668 3380 monachos,
689 3304 801 3369 celitus
814 3302 874 3368 sibi
888 3304 978 3368 datas
992 3304 1166 3375 facultates,
1187 3302 1219 3363 in

191 3418 307 3481 eternis
335 3419 493 3483 thesauris
526 3438 583 3500 per
611 3438 721 3482 manus
748 3436 926 3503 pauperum
958 3416 1035 3480 fecit
1061 3413 1219 3479 collocari.

189 3528 284 3592 huius
304 3530 350 3593 rei
366 3531 595 3607 testimoninm,
617 3550 711 3615 quam
730 3531 837 3615 plures
859 3529 1024 3603 exhibent,
1045 3528 1103 3592 sed
1117 3545 1157 3590 ex
1170 3525 1219 3586 his

189 3658 272 3700 unus
285 3639 317 3701 in
329 3649 470 3704 eternum
483 3662 554 3705 eum
568 3643 638 3725 ipso
649 3642 774 3706 celestis
788 3640 854 3705 uite
870 3641 1027 3723 particeps
1037 3634 1220 3705 monachus,

192 3768 232 3811 ex
247 3749 382 3813 seculari
397 3752 560 3816 nobilitate
575 3770 748 3818 conuersus
769 3760 801 3815 et
820 3749 991 3822 heremita,
1012 3745 1120 3809 beatus
1133 3743 1221 3805 Gun-

191 3861 299 3936 terins,
320 3862 376 3944 qui
397 3862 584 3929 liberalitate
604 3863 759 3931 caritatiui
778 3862 930 3946 principis
943 3858 1079 3931 alectus,
1099 3856 1221 3921 solebat

192 3993 265 4038 eum
279 3972 387 4058 sepius
402 3973 442 4037 de
457 3980 542 4039 terra
555 3976 798 4043 bohemicorum
812 3972 951 4039 uisitare.
970 3970 1122 4055 quociens
1136 3971 1221 4035 enim

193 4090 311 4153 curiam
338 4086 437 4169 ipsius
459 4086 615 4150 aduentus
635 4090 685 4152 sui
705 4086 828 4171 fulgore
852 4082 1068 4170 perlustrauit,
1096 4104 1222 4149 camera

191 4200 277 4285 regis
290 4198 349 4265 sub
362 4216 458 4263 manu
470 4214 527 4263 sua
540 4198 659 4283 posita,
679 4196 856 4283 peregrinis
876 4198 987 4281 egenis
1007 4205 1040 4266 et
1053 4198 1221 4284 indigenis,
