<?xml version="1.0" encoding="UTF-8"?>
<!DOCTYPE html PUBLIC "-//W3C//DTD XHTML 1.0 Transitional//EN"
    "http://www.w3.org/TR/xhtml1/DTD/xhtml1-transitional.dtd">
<html xmlns="http://www.w3.org/1999/xhtml" xml:lang="en" lang="en">
 <head>
  <title>
</title>
<meta http-equiv="Content-Type" content="text/html;charset=utf-8" />
  <meta name='ocr-system' content='tesseract 3.04.00' />
  <meta name='ocr-capabilities' content='ocr_page ocr_carea ocr_par ocr_line ocrx_word'/>
</head>
<body>
  <div class='ocr_page' id='page_1' title='image "./rerumhungaricar00endlgoog/rerumhungaricar00endlgoog_0594.png"; bbox 0 0 2798 4764; ppageno 0'>
   <div class='ocr_carea' id='block_1_1' title="bbox 312 348 1189 416">
    <p class='ocr_par' dir='ltr' id='par_1_1' title="bbox 312 348 1189 416">
     <span class='ocr_line' id='line_1_1' title="bbox 312 348 1189 416; baseline 0.006 -5"><span class='ocrx_word' id='word_1_1' title='bbox 312 364 574 411; x_wconf 81' lang='lat' dir='ltr'><strong>corsrrrurronss</strong></span> <span class='ocrx_word' id='word_1_2' title='bbox 595 365 729 412; x_wconf 82' lang='lat' dir='ltr'><strong>srroous</strong></span> <span class='ocrx_word' id='word_1_3' title='bbox 751 364 905 413; x_wconf 75' lang='lat' dir='ltr'><strong>suumne.</strong></span> <span class='ocrx_word' id='word_1_4' title='bbox 947 348 1038 413; x_wconf 71' lang='lat' dir='ltr'><strong>tm.</strong></span> <span class='ocrx_word' id='word_1_5' title='bbox 1127 350 1189 416; x_wconf 74' lang='lat'><strong>585</strong></span> 
     </span>
    </p>
   </div>
   <div class='ocr_carea' id='block_1_2' title="bbox 162 518 1189 936">
    <p class='ocr_par' dir='ltr' id='par_1_2' title="bbox 162 518 1189 825">
     <span class='ocr_line' id='line_1_2' title="bbox 163 518 1189 601; baseline 0 -19"><span class='ocrx_word' id='word_1_6' title='bbox 163 518 371 582; x_wconf 90' lang='lat' dir='ltr'><strong>sollicitudine</strong></span> <span class='ocrx_word' id='word_1_7' title='bbox 395 518 532 599; x_wconf 88' lang='lat' dir='ltr'><strong>pendent</strong></span> <span class='ocrx_word' id='word_1_8' title='bbox 552 537 678 593; x_wconf 91' lang='lat' dir='ltr'><strong>eorum,</strong></span> <span class='ocrx_word' id='word_1_9' title='bbox 699 539 757 600; x_wconf 91' lang='lat' dir='ltr'><strong>per</strong></span> <span class='ocrx_word' id='word_1_10' title='bbox 779 518 1052 593; x_wconf 79' lang='lat' dir='ltr'>archidiaconum,</span> <span class='ocrx_word' id='word_1_11' title='bbox 1073 538 1189 601; x_wconf 88' lang='lat' dir='ltr'><strong>prepo-</strong></span> 
     </span>
     <span class='ocr_line' id='line_1_3' title="bbox 162 629 1188 713; baseline 0.001 -20"><span class='ocrx_word' id='word_1_12' title='bbox 162 630 248 703; x_wconf 82' lang='lat' dir='ltr'><strong>sitos,</strong></span> <span class='ocrx_word' id='word_1_13' title='bbox 270 639 302 694; x_wconf 89' lang='lat' dir='ltr'><strong>et</strong></span> <span class='ocrx_word' id='word_1_14' title='bbox 322 629 412 704; x_wconf 88' lang='lat' dir='ltr'><strong>alios,</strong></span> <span class='ocrx_word' id='word_1_15' title='bbox 433 639 463 692; x_wconf 88' lang='lat' dir='ltr'><strong>et</strong></span> <span class='ocrx_word' id='word_1_16' title='bbox 485 631 610 692; x_wconf 92' lang='lat' dir='ltr'><strong>demum</strong></span> <span class='ocrx_word' id='word_1_17' title='bbox 631 651 690 713; x_wconf 91' lang='lat' dir='ltr'><strong>per</strong></span> <span class='ocrx_word' id='word_1_18' title='bbox 709 631 885 712; x_wconf 90' lang='lat' dir='ltr'><strong>episcopos,</strong></span> <span class='ocrx_word' id='word_1_19' title='bbox 908 632 1020 712; x_wconf 88' lang='lat' dir='ltr'><strong>quibos</strong></span> <span class='ocrx_word' id='word_1_20' title='bbox 1039 632 1188 705; x_wconf 85' lang='lat' dir='ltr'>subsunt,</span> 
     </span>
     <span class='ocr_line' id='line_1_4' title="bbox 162 741 817 825; baseline 0.002 -22"><span class='ocrx_word' id='word_1_21' title='bbox 162 744 358 825; x_wconf 74' lang='lat' dir='ltr'><strong>corrigantur</strong></span> <span class='ocrx_word' id='word_1_22' title='bbox 373 751 403 804; x_wconf 89' lang='lat' dir='ltr'><strong>et</strong></span> <span class='ocrx_word' id='word_1_23' title='bbox 418 741 585 804; x_wconf 73' lang='lat' dir='ltr'><strong>salubriter</strong></span> <span class='ocrx_word' id='word_1_24' title='bbox 600 744 817 806; x_wconf 82' lang='lat' dir='ltr'><strong>emendentur.</strong></span> 
     </span>
    </p>

    <p class='ocr_par' dir='ltr' id='par_1_3' title="bbox 243 848 1187 936">
     <span class='ocr_line' id='line_1_5' title="bbox 243 848 1187 936; baseline 0.003 -22"><span class='ocrx_word' id='word_1_25' title='bbox 243 848 307 934; x_wconf 76' lang='lat' dir='ltr'><strong>(tu)</strong></span> <span class='ocrx_word' id='word_1_26' title='bbox 329 853 470 915; x_wconf 88' lang='lat' dir='ltr'><strong>Presenti</strong></span> <span class='ocrx_word' id='word_1_27' title='bbox 486 872 611 935; x_wconf 86' lang='lat' dir='ltr'><strong>quoque</strong></span> <span class='ocrx_word' id='word_1_28' title='bbox 628 853 855 915; x_wconf 83' lang='lat' dir='ltr'><strong>constitucione</strong></span> <span class='ocrx_word' id='word_1_29' title='bbox 877 853 1070 915; x_wconf 80' lang='lat' dir='ltr'><strong>declaramus</strong></span> <span class='ocrx_word' id='word_1_30' title='bbox 1093 861 1187 936; x_wconf 84' lang='lat' dir='ltr'><strong>utqrte</strong></span> 
     </span>
    </p>
   </div>
   <div class='ocr_carea' id='block_1_3' title="bbox 156 963 1189 4165">
    <p class='ocr_par' dir='ltr' id='par_1_4' title="bbox 162 963 1189 2585">
     <span class='ocr_line' id='line_1_6' title="bbox 163 963 1189 1045; baseline -0.001 -18"><span class='ocrx_word' id='word_1_31' title='bbox 163 965 370 1037; x_wconf 90' lang='lat' dir='ltr'><strong>decernimus,</strong></span> <span class='ocrx_word' id='word_1_32' title='bbox 395 963 482 1045; x_wconf 87' lang='lat' dir='ltr'><strong>quod</strong></span> <span class='ocrx_word' id='word_1_33' title='bbox 503 965 699 1025; x_wconf 91' lang='lat' dir='ltr'><strong>consuetudo</strong></span> <span class='ocrx_word' id='word_1_34' title='bbox 722 965 895 1026; x_wconf 89' lang='lat' dir='ltr'><strong>secundum</strong></span> <span class='ocrx_word' id='word_1_35' title='bbox 915 984 1010 1045; x_wconf 87' lang='lat' dir='ltr'><strong>quam</strong></span> <span class='ocrx_word' id='word_1_36' title='bbox 1031 965 1189 1027; x_wconf 84' lang='lat' dir='ltr'><strong>archidia-</strong></span> 
     </span>
     <span class='ocr_line' id='line_1_7' title="bbox 162 1075 1188 1157; baseline 0.001 -19"><span class='ocrx_word' id='word_1_37' title='bbox 162 1078 234 1138; x_wconf 92' lang='lat' dir='ltr'><strong>coni</strong></span> <span class='ocrx_word' id='word_1_38' title='bbox 256 1076 415 1156; x_wconf 91' lang='lat' dir='ltr'><strong>lluugarie</strong></span> <span class='ocrx_word' id='word_1_39' title='bbox 440 1094 496 1156; x_wconf 92' lang='lat' dir='ltr'><strong>pro</strong></span> <span class='ocrx_word' id='word_1_40' title='bbox 515 1076 626 1137; x_wconf 88' lang='lat' dir='ltr'><strong>occisis</strong></span> <span class='ocrx_word' id='word_1_41' title='bbox 648 1075 751 1157; x_wconf 89' lang='lat' dir='ltr'><strong>gladio</strong></span> <span class='ocrx_word' id='word_1_42' title='bbox 772 1077 839 1138; x_wconf 91' lang='lat' dir='ltr'><strong>siue</strong></span> <span class='ocrx_word' id='word_1_43' title='bbox 861 1076 959 1148; x_wconf 83' lang='lat' dir='ltr'><strong>iuste,</strong></span> <span class='ocrx_word' id='word_1_44' title='bbox 981 1076 1031 1138; x_wconf 92' lang='lat' dir='ltr'><strong>uel</strong></span> <span class='ocrx_word' id='word_1_45' title='bbox 1055 1077 1188 1139; x_wconf 86' lang='lat' dir='ltr'><strong>aliorum</strong></span> 
     </span>
     <span class='ocr_line' id='line_1_8' title="bbox 163 1186 1189 1269; baseline 0 -20"><span class='ocrx_word' id='word_1_46' title='bbox 163 1206 319 1249; x_wconf 88' lang='lat' dir='ltr'><strong>armorum</strong></span> <span class='ocrx_word' id='word_1_47' title='bbox 335 1207 467 1268; x_wconf 90' lang='lat' dir='ltr'><strong>genere,</strong></span> <span class='ocrx_word' id='word_1_48' title='bbox 488 1207 544 1249; x_wconf 91' lang='lat' dir='ltr'><strong>seu</strong></span> <span class='ocrx_word' id='word_1_49' title='bbox 561 1206 685 1249; x_wconf 89' lang='lat' dir='ltr'><strong>ueneno</strong></span> <span class='ocrx_word' id='word_1_50' title='bbox 701 1196 753 1249; x_wconf 92' lang='lat' dir='ltr'><strong>aut</strong></span> <span class='ocrx_word' id='word_1_51' title='bbox 768 1206 956 1269; x_wconf 88' lang='lat' dir='ltr'><strong>quocunque</strong></span> <span class='ocrx_word' id='word_1_52' title='bbox 979 1186 1041 1248; x_wconf 91' lang='lat' dir='ltr'><strong>alio</strong></span> <span class='ocrx_word' id='word_1_53' title='bbox 1060 1189 1189 1250; x_wconf 88' lang='lat' dir='ltr'><strong>damua-</strong></span> 
     </span>
     <span class='ocr_line' id='line_1_9' title="bbox 164 1298 1188 1380; baseline 0.003 -21"><span class='ocrx_word' id='word_1_54' title='bbox 164 1298 217 1360; x_wconf 92' lang='lat' dir='ltr'><strong>bili</strong></span> <span class='ocrx_word' id='word_1_55' title='bbox 233 1305 263 1361; x_wconf 90' lang='lat' dir='ltr'><strong>et</strong></span> <span class='ocrx_word' id='word_1_56' title='bbox 278 1301 446 1380; x_wconf 91' lang='lat' dir='ltr'><strong>reprobato</strong></span> <span class='ocrx_word' id='word_1_57' title='bbox 462 1300 571 1372; x_wconf 91' lang='lat' dir='ltr'><strong>modo,</strong></span> <span class='ocrx_word' id='word_1_58' title='bbox 594 1306 827 1361; x_wconf 76' lang='lat' dir='ltr'><strong>consonuerunt</strong></span> <span class='ocrx_word' id='word_1_59' title='bbox 840 1301 982 1380; x_wconf 89' lang='lat' dir='ltr'><strong>recipere</strong></span> <span class='ocrx_word' id='word_1_60' title='bbox 997 1318 1091 1360; x_wconf 88' lang='lat' dir='ltr'><strong>uuam</strong></span> <span class='ocrx_word' id='word_1_61' title='bbox 1107 1318 1188 1362; x_wconf 82' lang='lat' dir='ltr'><strong>mar·</strong></span> 
     </span>
     <span class='ocr_line' id='line_1_10' title="bbox 165 1409 1188 1490; baseline 0.004 -21"><span class='ocrx_word' id='word_1_62' title='bbox 165 1409 255 1469; x_wconf 90' lang='lat' dir='ltr'><strong>cham</strong></span> <span class='ocrx_word' id='word_1_63' title='bbox 280 1409 416 1490; x_wconf 84' lang='lat' dir='ltr'><strong>argenti,</strong></span> <span class='ocrx_word' id='word_1_64' title='bbox 444 1417 611 1490; x_wconf 82' lang='lat' dir='ltr'><strong>antequam</strong></span> <span class='ocrx_word' id='word_1_65' title='bbox 632 1410 658 1470; x_wconf 93' lang='lat' dir='ltr'><strong>si</strong></span> <span class='ocrx_word' id='word_1_66' title='bbox 678 1411 773 1473; x_wconf 92' lang='lat' dir='ltr'><strong>occisi</strong></span> <span class='ocrx_word' id='word_1_67' title='bbox 796 1412 957 1472; x_wconf 87' lang='lat' dir='ltr'><strong>tradantur</strong></span> <span class='ocrx_word' id='word_1_68' title='bbox 979 1409 1188 1473; x_wconf 82' lang='lat' dir='ltr'><strong>ecclesiastice</strong></span> 
     </span>
     <span class='ocr_line' id='line_1_11' title="bbox 164 1519 1188 1603; baseline 0.002 -21"><span class='ocrx_word' id='word_1_69' title='bbox 164 1519 335 1600; x_wconf 83' lang='lat' dir='ltr'><strong>sepulture.</strong></span> <span class='ocrx_word' id='word_1_70' title='bbox 364 1521 402 1582; x_wconf 93' lang='lat' dir='ltr'><strong>ad</strong></span> <span class='ocrx_word' id='word_1_71' title='bbox 418 1520 541 1602; x_wconf 88' lang='lat' dir='ltr'><strong>eosqui</strong></span> <span class='ocrx_word' id='word_1_72' title='bbox 557 1519 685 1583; x_wconf 80' lang='lat' dir='ltr'><strong>fulmine</strong></span> <span class='ocrx_word' id='word_1_73' title='bbox 701 1522 840 1603; x_wconf 85' lang='lat' dir='ltr'><strong>percussi</strong></span> <span class='ocrx_word' id='word_1_74' title='bbox 864 1522 914 1583; x_wconf 89' lang='lat' dir='ltr'><strong>uel</strong></span> <span class='ocrx_word' id='word_1_75' title='bbox 929 1523 1108 1584; x_wconf 86' lang='lat' dir='ltr'><strong>fluminibus</strong></span> <span class='ocrx_word' id='word_1_76' title='bbox 1124 1521 1188 1585; x_wconf 80' lang='lat' dir='ltr'><strong>sut·</strong></span> 
     </span>
     <span class='ocr_line' id='line_1_12' title="bbox 163 1631 1187 1716; baseline 0.004 -24"><span class='ocrx_word' id='word_1_77' title='bbox 163 1631 271 1704; x_wconf 85' lang='lat' dir='ltr'><strong>locati,</strong></span> <span class='ocrx_word' id='word_1_78' title='bbox 298 1632 399 1693; x_wconf 90' lang='lat' dir='ltr'><strong>exusti</strong></span> <span class='ocrx_word' id='word_1_79' title='bbox 424 1631 580 1705; x_wconf 90' lang='lat' dir='ltr'><strong>incendio,</strong></span> <span class='ocrx_word' id='word_1_80' title='bbox 607 1632 772 1693; x_wconf 87' lang='lat' dir='ltr'><strong>arboribus</strong></span> <span class='ocrx_word' id='word_1_81' title='bbox 798 1635 939 1713; x_wconf 83' lang='lat' dir='ltr'><strong>oppressi</strong></span> <span class='ocrx_word' id='word_1_82' title='bbox 964 1641 1016 1696; x_wconf 92' lang='lat' dir='ltr'><strong>aut</strong></span> <span class='ocrx_word' id='word_1_83' title='bbox 1040 1635 1080 1696; x_wconf 92' lang='lat' dir='ltr'><strong>de</strong></span> <span class='ocrx_word' id='word_1_84' title='bbox 1104 1652 1187 1716; x_wconf 84' lang='lat' dir='ltr'><strong>equo</strong></span> 
     </span>
     <span class='ocr_line' id='line_1_13' title="bbox 163 1742 1188 1817; baseline 0.006 -15"><span class='ocrx_word' id='word_1_85' title='bbox 163 1743 321 1815; x_wconf 87' lang='lat' dir='ltr'><strong>cadentes,</strong></span> <span class='ocrx_word' id='word_1_86' title='bbox 343 1742 393 1803; x_wconf 89' lang='lat' dir='ltr'><strong>uel</strong></span> <span class='ocrx_word' id='word_1_87' title='bbox 415 1742 483 1804; x_wconf 88' lang='lat' dir='ltr'><strong>aliis</strong></span> <span class='ocrx_word' id='word_1_88' title='bbox 504 1742 666 1817; x_wconf 79' lang='lat' dir='ltr'><strong>similibus,</strong></span> <span class='ocrx_word' id='word_1_89' title='bbox 687 1744 753 1806; x_wconf 91' lang='lat' dir='ltr'><strong>siue</strong></span> <span class='ocrx_word' id='word_1_90' title='bbox 775 1744 941 1807; x_wconf 77' lang='lat' dir='ltr'><strong>fortunatis</strong></span> <span class='ocrx_word' id='word_1_91' title='bbox 959 1746 1082 1808; x_wconf 91' lang='lat' dir='ltr'><strong>casibus</strong></span> <span class='ocrx_word' id='word_1_92' title='bbox 1104 1746 1188 1808; x_wconf 84' lang='lat' dir='ltr'><strong>diem</strong></span> 
     </span>
     <span class='ocr_line' id='line_1_14' title="bbox 163 1853 1188 1929; baseline 0.004 -15"><span class='ocrx_word' id='word_1_93' title='bbox 163 1853 342 1915; x_wconf 86' lang='lat' dir='ltr'><strong>clauserunt</strong></span> <span class='ocrx_word' id='word_1_94' title='bbox 363 1863 556 1927; x_wconf 89' lang='lat' dir='ltr'><strong>extremum,</strong></span> <span class='ocrx_word' id='word_1_95' title='bbox 577 1874 633 1916; x_wconf 90' lang='lat' dir='ltr'><strong>seu</strong></span> <span class='ocrx_word' id='word_1_96' title='bbox 652 1854 792 1916; x_wconf 85' lang='lat' dir='ltr'><strong>interiise</strong></span> <span class='ocrx_word' id='word_1_97' title='bbox 807 1865 989 1929; x_wconf 91' lang='lat' dir='ltr'><strong>noscuntur,</strong></span> <span class='ocrx_word' id='word_1_98' title='bbox 1011 1856 1188 1918; x_wconf 81' lang='lat' dir='ltr'><strong>nullatenus</strong></span> 
     </span>
     <span class='ocr_line' id='line_1_15' title="bbox 163 1965 1187 2049; baseline 0.003 -23"><span class='ocrx_word' id='word_1_99' title='bbox 163 1965 386 2036; x_wconf 88' lang='lat' dir='ltr'><strong>extendantur,</strong></span> <span class='ocrx_word' id='word_1_100' title='bbox 416 1984 474 2026; x_wconf 91' lang='lat' dir='ltr'><strong>nec</strong></span> <span class='ocrx_word' id='word_1_101' title='bbox 499 1965 539 2025; x_wconf 94' lang='lat' dir='ltr'><strong>ab</strong></span> <span class='ocrx_word' id='word_1_102' title='bbox 563 1983 673 2026; x_wconf 91' lang='lat' dir='ltr'><strong>eorum</strong></span> <span class='ocrx_word' id='word_1_103' title='bbox 698 1965 883 2040; x_wconf 89' lang='lat' dir='ltr'><strong>heredibus,</strong></span> <span class='ocrx_word' id='word_1_104' title='bbox 914 1968 1097 2049; x_wconf 92' lang='lat' dir='ltr'><strong>propinguis</strong></span> <span class='ocrx_word' id='word_1_105' title='bbox 1119 1966 1187 2029; x_wconf 89' lang='lat' dir='ltr'><strong>siue</strong></span> 
     </span>
     <span class='ocr_line' id='line_1_16' title="bbox 163 2075 1188 2156; baseline 0.003 -19"><span class='ocrx_word' id='word_1_106' title='bbox 163 2077 269 2138; x_wconf 89' lang='lat' dir='ltr'><strong>amicis</strong></span> <span class='ocrx_word' id='word_1_107' title='bbox 288 2095 391 2137; x_wconf 89' lang='lat' dir='ltr'><strong>marca</strong></span> <span class='ocrx_word' id='word_1_108' title='bbox 412 2075 590 2137; x_wconf 90' lang='lat' dir='ltr'><strong>huiusmodi</strong></span> <span class='ocrx_word' id='word_1_109' title='bbox 613 2077 765 2156; x_wconf 80' lang='lat' dir='ltr'><strong>exigatur,</strong></span> <span class='ocrx_word' id='word_1_110' title='bbox 786 2079 844 2140; x_wconf 91' lang='lat' dir='ltr'><strong>sed</strong></span> <span class='ocrx_word' id='word_1_111' title='bbox 860 2079 904 2141; x_wconf 89' lang='lat' dir='ltr'><strong>sic</strong></span> <span class='ocrx_word' id='word_1_112' title='bbox 920 2078 1076 2152; x_wconf 79' lang='lat' dir='ltr'><strong>defuncti,</strong></span> <span class='ocrx_word' id='word_1_113' title='bbox 1097 2079 1188 2140; x_wconf 88' lang='lat' dir='ltr'><strong>dunr-</strong></span> 
     </span>
     <span class='ocr_line' id='line_1_17' title="bbox 163 2187 1188 2271; baseline 0.003 -23"><span class='ocrx_word' id='word_1_114' title='bbox 163 2188 257 2248; x_wconf 89' lang='lat' dir='ltr'><strong>modo</strong></span> <span class='ocrx_word' id='word_1_115' title='bbox 271 2187 449 2267; x_wconf 88' lang='lat' dir='ltr'><strong>penitentes</strong></span> <span class='ocrx_word' id='word_1_116' title='bbox 464 2187 666 2260; x_wconf 89' lang='lat' dir='ltr'><strong>decesserint,</strong></span> <span class='ocrx_word' id='word_1_117' title='bbox 677 2187 728 2249; x_wconf 90' lang='lat' dir='ltr'><strong>uel</strong></span> <span class='ocrx_word' id='word_1_118' title='bbox 742 2188 775 2249; x_wconf 94' lang='lat' dir='ltr'><strong>in</strong></span> <span class='ocrx_word' id='word_1_119' title='bbox 790 2197 890 2251; x_wconf 92' lang='lat' dir='ltr'><strong>morte</strong></span> <span class='ocrx_word' id='word_1_120' title='bbox 905 2189 1082 2270; x_wconf 89' lang='lat' dir='ltr'><strong>penitencie</strong></span> <span class='ocrx_word' id='word_1_121' title='bbox 1097 2190 1188 2271; x_wconf 75' lang='lat' dir='ltr'><strong>signa</strong></span> 
     </span>
     <span class='ocr_line' id='line_1_18' title="bbox 163 2296 1188 2377; baseline 0.004 -19"><span class='ocrx_word' id='word_1_122' title='bbox 163 2298 362 2377; x_wconf 88' lang='lat' dir='ltr'><strong>appamerint</strong></span> <span class='ocrx_word' id='word_1_123' title='bbox 386 2296 568 2369; x_wconf 83' lang='lat' dir='ltr'><strong>manifesta,</strong></span> <span class='ocrx_word' id='word_1_124' title='bbox 602 2297 682 2360; x_wconf 90' lang='lat' dir='ltr'><strong>sicut</strong></span> <span class='ocrx_word' id='word_1_125' title='bbox 705 2297 756 2359; x_wconf 91' lang='lat' dir='ltr'><strong>alii</strong></span> <span class='ocrx_word' id='word_1_126' title='bbox 782 2298 948 2361; x_wconf 88' lang='lat' dir='ltr'><strong>Christiani</strong></span> <span class='ocrx_word' id='word_1_127' title='bbox 977 2298 1188 2362; x_wconf 81' lang='lat' dir='ltr'><strong>ecclesiastice</strong></span> 
     </span>
     <span class='ocr_line' id='line_1_19' title="bbox 162 2408 1187 2490; baseline 0.002 -19"><span class='ocrx_word' id='word_1_128' title='bbox 162 2408 321 2488; x_wconf 86' lang='lat' dir='ltr'><strong>sepulture</strong></span> <span class='ocrx_word' id='word_1_129' title='bbox 336 2410 508 2470; x_wconf 86' lang='lat' dir='ltr'><strong>tradentur.</strong></span> <span class='ocrx_word' id='word_1_130' title='bbox 534 2408 743 2471; x_wconf 89' lang='lat' dir='ltr'><strong>archidiaconi</strong></span> <span class='ocrx_word' id='word_1_131' title='bbox 759 2429 836 2472; x_wconf 88' lang='lat' dir='ltr'><strong>uero</strong></span> <span class='ocrx_word' id='word_1_132' title='bbox 852 2431 909 2490; x_wconf 90' lang='lat' dir='ltr'><strong>per</strong></span> <span class='ocrx_word' id='word_1_133' title='bbox 922 2431 997 2474; x_wconf 92' lang='lat' dir='ltr'><strong>suos</strong></span> <span class='ocrx_word' id='word_1_134' title='bbox 1011 2410 1187 2473; x_wconf 85' lang='lat' dir='ltr'><strong>ordinarios</strong></span> 
     </span>
     <span class='ocr_line' id='line_1_20' title="bbox 164 2520 915 2585; baseline 0.003 -4"><span class='ocrx_word' id='word_1_135' title='bbox 164 2522 202 2582; x_wconf 89' lang='lat' dir='ltr'><strong>ab</strong></span> <span class='ocrx_word' id='word_1_136' title='bbox 218 2520 397 2582; x_wconf 90' lang='lat' dir='ltr'><strong>huiusmodi</strong></span> <span class='ocrx_word' id='word_1_137' title='bbox 412 2520 575 2582; x_wconf 84' lang='lat' dir='ltr'><strong>exactione</strong></span> <span class='ocrx_word' id='word_1_138' title='bbox 590 2521 727 2584; x_wconf 89' lang='lat' dir='ltr'><strong>indebita</strong></span> <span class='ocrx_word' id='word_1_139' title='bbox 742 2531 915 2585; x_wconf 90' lang='lat' dir='ltr'><strong>arceantur.</strong></span> 
     </span>
    </p>

    <p class='ocr_par' dir='ltr' id='par_1_5' title="bbox 160 2629 1188 3143">
     <span class='ocr_line' id='line_1_21' title="bbox 244 2629 1188 2714; baseline 0.006 -24"><span class='ocrx_word' id='word_1_140' title='bbox 244 2629 308 2710; x_wconf 67' lang='grc' dir='ltr'><strong>(Μ)</strong></span> <span class='ocrx_word' id='word_1_141' title='bbox 331 2631 521 2693; x_wconf 83' lang='lat' dir='ltr'><strong>l‘rohibeant</strong></span> <span class='ocrx_word' id='word_1_142' title='bbox 541 2632 740 2704; x_wconf 88' lang='lat' dir='ltr'><strong>sacerdotes,</strong></span> <span class='ocrx_word' id='word_1_143' title='bbox 760 2651 802 2694; x_wconf 87' lang='lat' dir='ltr'><strong>ne</strong></span> <span class='ocrx_word' id='word_1_144' title='bbox 817 2631 899 2693; x_wconf 82' lang='lat' dir='ltr'><strong>laici</strong></span> <span class='ocrx_word' id='word_1_145' title='bbox 920 2633 1045 2714; x_wconf 87' lang='lat' dir='ltr'><strong>publice</strong></span> <span class='ocrx_word' id='word_1_146' title='bbox 1060 2637 1188 2696; x_wconf 82' lang='lat' dir='ltr'><strong>teneant</strong></span> 
     </span>
     <span class='ocr_line' id='line_1_22' title="bbox 163 2741 1187 2827; baseline 0.005 -24"><span class='ocrx_word' id='word_1_147' title='bbox 163 2741 373 2815; x_wconf 90' lang='lat' dir='ltr'><strong>concubinas,</strong></span> <span class='ocrx_word' id='word_1_148' title='bbox 395 2743 494 2823; x_wconf 89' lang='lat' dir='ltr'><strong>etqui</strong></span> <span class='ocrx_word' id='word_1_149' title='bbox 509 2751 580 2822; x_wconf 91' lang='lat' dir='ltr'><strong>post</strong></span> <span class='ocrx_word' id='word_1_150' title='bbox 594 2743 853 2806; x_wconf 89' lang='lat' dir='ltr'><strong>ammonicionem</strong></span> <span class='ocrx_word' id='word_1_151' title='bbox 867 2746 1019 2819; x_wconf 91' lang='lat' dir='ltr'><strong>tenuerit,</strong></span> <span class='ocrx_word' id='word_1_152' title='bbox 1041 2754 1103 2808; x_wconf 92' lang='lat' dir='ltr'><strong>tam</strong></span> <span class='ocrx_word' id='word_1_153' title='bbox 1119 2745 1187 2827; x_wconf 86' lang='lat' dir='ltr'><strong>ipse</strong></span> 
     </span>
     <span class='ocr_line' id='line_1_23' title="bbox 162 2854 1187 2938; baseline 0.003 -21"><span class='ocrx_word' id='word_1_154' title='bbox 162 2875 255 2938; x_wconf 87' lang='lat' dir='ltr'><strong>quam</strong></span> <span class='ocrx_word' id='word_1_155' title='bbox 270 2855 339 2936; x_wconf 91' lang='lat' dir='ltr'><strong>ipsa</strong></span> <span class='ocrx_word' id='word_1_156' title='bbox 353 2854 392 2916; x_wconf 86' lang='lat' dir='ltr'><strong>ab</strong></span> <span class='ocrx_word' id='word_1_157' title='bbox 406 2855 549 2936; x_wconf 89' lang='lat' dir='ltr'><strong>ingressu</strong></span> <span class='ocrx_word' id='word_1_158' title='bbox 565 2854 695 2918; x_wconf 88' lang='lat' dir='ltr'><strong>ecclesie</strong></span> <span class='ocrx_word' id='word_1_159' title='bbox 711 2865 887 2930; x_wconf 88' lang='lat' dir='ltr'><strong>arceantur,</strong></span> <span class='ocrx_word' id='word_1_160' title='bbox 917 2864 948 2919; x_wconf 93' lang='lat' dir='ltr'><strong>et</strong></span> <span class='ocrx_word' id='word_1_161' title='bbox 965 2859 991 2919; x_wconf 92' lang='lat' dir='ltr'><strong>si</strong></span> <span class='ocrx_word' id='word_1_162' title='bbox 1007 2878 1064 2938; x_wconf 92' lang='lat' dir='ltr'><strong>per</strong></span> <span class='ocrx_word' id='word_1_163' title='bbox 1078 2857 1137 2919; x_wconf 92' lang='lat' dir='ltr'><strong>hos</strong></span> <span class='ocrx_word' id='word_1_164' title='bbox 1151 2878 1187 2921; x_wconf 89' lang='lat' dir='ltr'><strong>se</strong></span> 
     </span>
     <span class='ocr_line' id='line_1_24' title="bbox 161 2968 1188 3050; baseline 0.001 -22"><span class='ocrx_word' id='word_1_165' title='bbox 161 2988 226 3030; x_wconf 91' lang='lat' dir='ltr'><strong>uon</strong></span> <span class='ocrx_word' id='word_1_166' title='bbox 249 2968 502 3042; x_wconf 88' lang='lat' dir='ltr'><strong>emendauerint,</strong></span> <span class='ocrx_word' id='word_1_167' title='bbox 523 2987 581 3049; x_wconf 90' lang='lat' dir='ltr'><strong>per</strong></span> <span class='ocrx_word' id='word_1_168' title='bbox 601 2987 676 3030; x_wconf 89' lang='lat' dir='ltr'><strong>suos</strong></span> <span class='ocrx_word' id='word_1_169' title='bbox 702 2968 886 3031; x_wconf 81' lang='lat' dir='ltr'><strong>diocesanos</strong></span> <span class='ocrx_word' id='word_1_170' title='bbox 911 2968 1027 3030; x_wconf 84' lang='lat' dir='ltr'><strong>sorcius</strong></span> <span class='ocrx_word' id='word_1_171' title='bbox 1048 2969 1188 3050; x_wconf 88' lang='lat' dir='ltr'><strong>compel-</strong></span> 
     </span>
     <span class='ocr_line' id='line_1_25' title="bbox 160 3080 274 3143; baseline 0.009 -3"><span class='ocrx_word' id='word_1_172' title='bbox 160 3080 274 3143; x_wconf 89' lang='lat' dir='ltr'><strong>tantur.</strong></span> 
     </span>
    </p>

    <p class='ocr_par' dir='ltr' id='par_1_6' title="bbox 156 3189 1186 4165">
     <span class='ocr_line' id='line_1_26' title="bbox 243 3189 1186 3272; baseline -0.002 -18"><span class='ocrx_word' id='word_1_173' title='bbox 243 3189 307 3271; x_wconf 62' lang='grc'>(48)</span> <span class='ocrx_word' id='word_1_174' title='bbox 329 3191 406 3253; x_wconf 86' lang='lat' dir='ltr'><strong>Cum</strong></span> <span class='ocrx_word' id='word_1_175' title='bbox 426 3212 464 3254; x_wconf 88' lang='lat' dir='ltr'><strong>ex</strong></span> <span class='ocrx_word' id='word_1_176' title='bbox 488 3191 645 3254; x_wconf 84' lang='lat' dir='ltr'><strong>uicinitete</strong></span> <span class='ocrx_word' id='word_1_177' title='bbox 666 3193 804 3272; x_wconf 92' lang='lat' dir='ltr'><strong>turpium</strong></span> <span class='ocrx_word' id='word_1_178' title='bbox 823 3191 988 3253; x_wconf 88' lang='lat' dir='ltr'><strong>mulierum</strong></span> <span class='ocrx_word' id='word_1_179' title='bbox 1003 3199 1034 3252; x_wconf 92' lang='lat' dir='ltr'><strong>et</strong></span> <span class='ocrx_word' id='word_1_180' title='bbox 1050 3190 1186 3253; x_wconf 87' lang='lat' dir='ltr'><strong>maxime</strong></span> 
     </span>
     <span class='ocr_line' id='line_1_27' title="bbox 161 3298 1185 3384; baseline -0.001 -22"><span class='ocrx_word' id='word_1_181' title='bbox 161 3303 358 3378; x_wconf 83' lang='lat' dir='ltr'><strong>meretricum</strong></span> <span class='ocrx_word' id='word_1_182' title='bbox 378 3302 586 3384; x_wconf 91' lang='lat' dir='ltr'><strong>publicarum,</strong></span> <span class='ocrx_word' id='word_1_183' title='bbox 607 3321 669 3382; x_wconf 87' lang='lat' dir='ltr'><strong>que</strong></span> <span class='ocrx_word' id='word_1_184' title='bbox 692 3320 826 3382; x_wconf 89' lang='lat' dir='ltr'><strong>corpora</strong></span> <span class='ocrx_word' id='word_1_185' title='bbox 845 3321 901 3363; x_wconf 91' lang='lat' dir='ltr'><strong>sua</strong></span> <span class='ocrx_word' id='word_1_186' title='bbox 923 3320 979 3381; x_wconf 92' lang='lat' dir='ltr'><strong>pro</strong></span> <span class='ocrx_word' id='word_1_187' title='bbox 995 3299 1061 3360; x_wconf 93' lang='lat' dir='ltr'><strong>uilli</strong></span> <span class='ocrx_word' id='word_1_188' title='bbox 1076 3298 1185 3381; x_wconf 89' lang='lat' dir='ltr'><strong>precio</strong></span> 
     </span>
     <span class='ocr_line' id='line_1_28' title="bbox 161 3410 1186 3493; baseline 0 -20"><span class='ocrx_word' id='word_1_189' title='bbox 161 3413 212 3473; x_wconf 92' lang='lat' dir='ltr'><strong>uel</strong></span> <span class='ocrx_word' id='word_1_190' title='bbox 234 3416 380 3477; x_wconf 88' lang='lat' dir='ltr'><strong>mercede</strong></span> <span class='ocrx_word' id='word_1_191' title='bbox 402 3414 526 3476; x_wconf 89' lang='lat' dir='ltr'><strong>uenalia</strong></span> <span class='ocrx_word' id='word_1_192' title='bbox 548 3412 765 3474; x_wconf 80' lang='lat' dir='ltr'><strong>indifferenter</strong></span> <span class='ocrx_word' id='word_1_193' title='bbox 785 3420 962 3493; x_wconf 89' lang='lat' dir='ltr'><strong>exponunt,</strong></span> <span class='ocrx_word' id='word_1_194' title='bbox 990 3410 1095 3473; x_wconf 89' lang='lat' dir='ltr'><strong>multis</strong></span> <span class='ocrx_word' id='word_1_195' title='bbox 1117 3411 1186 3492; x_wconf 55' lang='lat' dir='ltr'><strong>ple*</strong></span> 
     </span>
     <span class='ocr_line' id='line_1_29' title="bbox 159 3522 1184 3607; baseline 0.001 -22"><span class='ocrx_word' id='word_1_196' title='bbox 159 3544 291 3606; x_wconf 87' lang='lat' dir='ltr'><strong>rumque</strong></span> <span class='ocrx_word' id='word_1_197' title='bbox 316 3526 450 3607; x_wconf 82' lang='lat' dir='ltr'><strong>pecendi</strong></span> <span class='ocrx_word' id='word_1_198' title='bbox 478 3525 602 3586; x_wconf 86' lang='lat' dir='ltr'><strong>occasio</strong></span> <span class='ocrx_word' id='word_1_199' title='bbox 627 3524 830 3598; x_wconf 91' lang='lat' dir='ltr'><strong>ministretur,</strong></span> <span class='ocrx_word' id='word_1_200' title='bbox 862 3533 897 3586; x_wconf 90' lang='lat' dir='ltr'><strong>ut</strong></span> <span class='ocrx_word' id='word_1_201' title='bbox 922 3525 961 3586; x_wconf 89' lang='lat' dir='ltr'><strong>de</strong></span> <span class='ocrx_word' id='word_1_202' title='bbox 987 3523 1091 3585; x_wconf 91' lang='lat' dir='ltr'><strong>multis</strong></span> <span class='ocrx_word' id='word_1_203' title='bbox 1115 3522 1184 3586; x_wconf 87' lang='lat' dir='ltr'><strong>aliis</strong></span> 
     </span>
     <span class='ocr_line' id='line_1_30' title="bbox 156 3634 1185 3718; baseline -0.003 -19"><span class='ocrx_word' id='word_1_204' title='bbox 156 3637 345 3718; x_wconf 90' lang='lat' dir='ltr'><strong>specialibus</strong></span> <span class='ocrx_word' id='word_1_205' title='bbox 360 3646 392 3699; x_wconf 88' lang='lat' dir='ltr'><strong>et</strong></span> <span class='ocrx_word' id='word_1_206' title='bbox 404 3636 646 3717; x_wconf 88' lang='lat' dir='ltr'><strong>temporalibus,</strong></span> <span class='ocrx_word' id='word_1_207' title='bbox 668 3655 730 3717; x_wconf 92' lang='lat' dir='ltr'><strong>que</strong></span> <span class='ocrx_word' id='word_1_208' title='bbox 745 3636 881 3718; x_wconf 88' lang='lat' dir='ltr'><strong>pessime</strong></span> <span class='ocrx_word' id='word_1_209' title='bbox 896 3655 936 3698; x_wconf 87' lang='lat' dir='ltr'><strong>ex</strong></span> <span class='ocrx_word' id='word_1_210' title='bbox 952 3655 1058 3697; x_wconf 92' lang='lat' dir='ltr'><strong>earum</strong></span> <span class='ocrx_word' id='word_1_211' title='bbox 1072 3634 1185 3698; x_wconf 88' lang='lat' dir='ltr'><strong>uicini-</strong></span> 
     </span>
     <span class='ocr_line' id='line_1_31' title="bbox 157 3746 1185 3830; baseline 0.001 -19"><span class='ocrx_word' id='word_1_212' title='bbox 157 3757 218 3813; x_wconf 85' lang='lat' dir='ltr'><strong>tate</strong></span> <span class='ocrx_word' id='word_1_213' title='bbox 240 3750 409 3812; x_wconf 91' lang='lat' dir='ltr'><strong>damnabili</strong></span> <span class='ocrx_word' id='word_1_214' title='bbox 431 3757 665 3810; x_wconf 89' lang='lat' dir='ltr'><strong>consueuerunt</strong></span> <span class='ocrx_word' id='word_1_215' title='bbox 686 3748 846 3830; x_wconf 90' lang='lat' dir='ltr'><strong>contigere</strong></span> <span class='ocrx_word' id='word_1_216' title='bbox 866 3746 1013 3829; x_wconf 88' lang='lat' dir='ltr'><strong>perieulis</strong></span> <span class='ocrx_word' id='word_1_217' title='bbox 1031 3756 1185 3824; x_wconf 88' lang='lat' dir='ltr'><strong>taceatur,</strong></span> 
     </span>
     <span class='ocr_line' id='line_1_32' title="bbox 157 3859 1185 3942; baseline 0.001 -21"><span class='ocrx_word' id='word_1_218' title='bbox 157 3859 267 3942; x_wconf 86' lang='lat' dir='ltr'><strong>religio</strong></span> <span class='ocrx_word' id='word_1_219' title='bbox 289 3861 464 3923; x_wconf 82' lang='lat' dir='ltr'><strong>Christiana</strong></span> <span class='ocrx_word' id='word_1_220' title='bbox 489 3878 526 3922; x_wconf 85' lang='lat' dir='ltr'><strong>ac</strong></span> <span class='ocrx_word' id='word_1_221' title='bbox 550 3859 718 3922; x_wconf 92' lang='lat' dir='ltr'><strong>multorum</strong></span> <span class='ocrx_word' id='word_1_222' title='bbox 741 3860 895 3921; x_wconf 91' lang='lat' dir='ltr'><strong>bonorum</strong></span> <span class='ocrx_word' id='word_1_223' title='bbox 919 3860 1066 3923; x_wconf 90' lang='lat' dir='ltr'><strong>honestas</strong></span> <span class='ocrx_word' id='word_1_224' title='bbox 1091 3878 1185 3923; x_wconf 87' lang='lat' dir='ltr'><strong>enor-</strong></span> 
     </span>
     <span class='ocr_line' id='line_1_33' title="bbox 158 3970 1184 4053; baseline 0.003 -23"><span class='ocrx_word' id='word_1_225' title='bbox 158 3970 249 4033; x_wconf 90' lang='lat' dir='ltr'><strong>miter</strong></span> <span class='ocrx_word' id='word_1_226' title='bbox 270 3971 447 4046; x_wconf 88' lang='lat' dir='ltr'><strong>inlamatur,</strong></span> <span class='ocrx_word' id='word_1_227' title='bbox 476 3972 652 4044; x_wconf 87' lang='lat' dir='ltr'><strong>statuimus,</strong></span> <span class='ocrx_word' id='word_1_228' title='bbox 673 3971 758 4052; x_wconf 87' lang='lat' dir='ltr'><strong>quod</strong></span> <span class='ocrx_word' id='word_1_229' title='bbox 777 3971 863 4032; x_wconf 92' lang='lat' dir='ltr'><strong>nulla</strong></span> <span class='ocrx_word' id='word_1_230' title='bbox 882 3989 1017 4053; x_wconf 91' lang='lat' dir='ltr'><strong>persona</strong></span> <span class='ocrx_word' id='word_1_231' title='bbox 1037 3970 1184 4033; x_wconf 81' lang='lat' dir='ltr'><strong>ecclesia·</strong></span> 
     </span>
     <span class='ocr_line' id='line_1_34' title="bbox 158 4081 1184 4165; baseline 0.001 -23"><span class='ocrx_word' id='word_1_232' title='bbox 158 4082 235 4144; x_wconf 91' lang='lat' dir='ltr'><strong>stica</strong></span> <span class='ocrx_word' id='word_1_233' title='bbox 259 4092 314 4146; x_wconf 82' lang='lat' dir='ltr'><strong>aut</strong></span> <span class='ocrx_word' id='word_1_234' title='bbox 338 4084 437 4145; x_wconf 89' lang='lat' dir='ltr'><strong>eciam</strong></span> <span class='ocrx_word' id='word_1_235' title='bbox 458 4083 607 4147; x_wconf 79' lang='lat' dir='ltr'><strong>secuturis</strong></span> <span class='ocrx_word' id='word_1_236' title='bbox 628 4083 827 4156; x_wconf 87' lang='lat' dir='ltr'><strong>uniuersitas‚</strong></span> <span class='ocrx_word' id='word_1_237' title='bbox 848 4081 1014 4165; x_wconf 89' lang='lat' dir='ltr'><strong>collegium</strong></span> <span class='ocrx_word' id='word_1_238' title='bbox 1033 4082 1086 4144; x_wconf 92' lang='lat' dir='ltr'><strong>uel</strong></span> <span class='ocrx_word' id='word_1_239' title='bbox 1107 4100 1184 4143; x_wconf 91' lang='lat' dir='ltr'><strong>con·</strong></span> 
     </span>
    </p>
   </div>
   <div class='ocr_carea' id='block_1_4' title="bbox 158 4190 1183 4360">
    <p class='ocr_par' dir='ltr' id='par_1_7' title="bbox 158 4190 1183 4360">
     <span class='ocr_line' id='line_1_35' title="bbox 158 4190 1183 4360; baseline -0.002 -102"><span class='ocrx_word' id='word_1_240' title='bbox 158 4201 283 4272; x_wconf 88' lang='lat' dir='ltr'><strong>uentus,</strong></span> <span class='ocrx_word' id='word_1_241' title='bbox 302 4193 485 4261; x_wconf 88' lang='lat' dir='ltr'><strong>huiusmodi</strong></span> <span class='ocrx_word' id='word_1_242' title='bbox 503 4194 637 4261; x_wconf 79' lang='lat' dir='ltr'><strong>infamas</strong></span> <span class='ocrx_word' id='word_1_243' title='bbox 656 4201 688 4261; x_wconf 88' lang='lat' dir='ltr'><strong>et</strong></span> <span class='ocrx_word' id='word_1_244' title='bbox 707 4193 957 4360; x_wconf 55' lang='lat' dir='ltr'><strong>abhominanplses</strong></span> <span class='ocrx_word' id='word_1_245' title='bbox 978 4209 1130 4276; x_wconf 84' lang='lat' dir='ltr'><strong>personas</strong></span> <span class='ocrx_word' id='word_1_246' title='bbox 1149 4190 1183 4256; x_wconf 89' lang='lat' dir='ltr'><strong>iu</strong></span> 
     </span>
    </p>
   </div>
   <div class='ocr_carea' id='block_1_5' title="bbox 0 0 1404 4764">
    <p class='ocr_par' dir='ltr' id='par_1_8' title="bbox 0 0 1404 4764">
     <span class='ocr_line' id='line_1_36' title="bbox 0 0 1404 4764; baseline 0 0"><span class='ocrx_word' id='word_1_247' title='bbox 0 0 1404 4764; x_wconf 95' lang='lat' dir='ltr'><strong> </strong></span> 
     </span>
    </p>
   </div>
  </div>
 </body>
</html>
