2798 4764
217 342 279 409 tot
318 346 406 409 suth
419 360 630 407 ramerus
645 361 800 407 uosmruu
815 360 855 405 un
870 358 1110 407 rasrnnarasn.
1151 346 1245 410 125⁷.

217 513 290 578 item
305 513 437 597 quilibet
452 534 561 576 currus
575 513 734 596 lignorum
752 513 872 576 intrans
886 520 1020 575 castrum
1036 514 1130 577 debet
1143 516 1247 578 dimit·
1346 568 1351 576 .

218 635 283 690 tere
297 626 329 687 in
346 635 434 708 porta
449 646 546 687 unum
562 626 690 707 lignum.

298 740 333 800 ln
345 740 432 801 cuius
447 738 491 801 rei
503 738 713 801 testimouium
731 747 893 819 presentes
905 738 1009 800 literas
1022 741 1246 814 concessimus,

218 849 350 931 rlnplieis
364 849 458 931 sigilli
472 849 571 912 nostri
586 850 758 912 munimine
772 851 945 911 roboratas.
980 851 1094 912 Datum
1111 871 1167 932 per
1180 871 1247 914 ma·

217 982 278 1025 nus
298 962 438 1044 magistri
462 962 637 1042 smaragdi,
666 963 738 1024 aule
760 970 865 1023 nostre
887 961 1080 1034 cancellarii,
1101 962 1246 1025 Albensis

155 1080 159 1087 '
218 1073 320 1136 electi.
352 1077 442 1133 Auno
464 1072 583 1133 domini
602 1071 749 1134 MCCLV.
772 1081 885 1134 octauo
909 1072 968 1135 lral.
986 1073 1127 1154 Augusti.
1157 1073 1248 1155 regni

218 1193 323 1248 autem
340 1184 436 1247 nostri
452 1203 535 1246 anno
548 1184 713 1266 trigesimo.

562 1424 903 1435 m

562 1437 904 1449 m

515 1613 671 1686 BELAE
702 1615 767 1688 tv.
793 1613 950 1689 REGlS

299 1744 503 1843 'lmentls
527 1757 740 1842 nuttttutt
763 1759 818 1841 llll
842 1758 1166 1843 ustulatum.

647 1902 821 1966 Mccnvn.

467 2045 677 2110 Elierclrclich‚
695 2044 776 2096 Notit.
791 2044 926 2112 prulimin.
944 2045 999 2096 tto.

299 2303 376 2368 llela
390 2303 441 2366 dei
456 2303 562 2385 gracia
577 2304 737 2386 Huugarie
753 2313 812 2367 etc.
826 2325 892 2367 rex.

301 2415 480 2477 Sublimitas
500 2414 599 2497 regia,
629 2416 716 2477 cuius
741 2423 789 2478 est
809 2416 969 2497 proprium
993 2413 1026 2475 in
1049 2416 1248 2478 multitudiue

218 2526 327 2608 populi
348 2526 493 2607 gloriari,
515 2525 596 2588 solet
611 2525 795 2606 ampliorem
812 2527 944 2589 subditis
959 2528 1133 2589 concedere
1155 2527 1248 2589 liber-

218 2647 328 2709 tatem,
344 2645 377 2699 ut
390 2638 517 2718 perhoc
533 2636 754 2699 lamulaueium
770 2658 920 2699 numerus
933 2646 1093 2719 augeatur.
1115 2639 1246 2720 proinde

215 2747 260 2810 'ad
276 2745 494 2809 uniuersorum
516 2749 663 2810 noticiam
680 2756 787 2810 tenore
802 2749 1000 2829 presencium
1015 2750 1160 2810 uolumus
1176 2770 1248 2830 per-

219 2857 345 2930 uenire,
368 2857 453 2937 qarod
467 2857 608 2937 hospites
628 2859 725 2921 nostri
741 2859 780 2921 de
795 2859 1023 2931 lastrebarslra‚
1045 2862 1085 2922 de
1100 2860 1247 2921 comitatu

221 2968 262 3032 de
278 2966 449 3051 Podgorin,
477 2968 568 3030 nobis
593 2967 752 3030 humiliter
772 2970 1047 3050 supplicauerunt,
1070 2979 1103 3031 ut
1122 2971 1250 3033 liberte-

217 3081 301 3152 tem,
324 3099 385 3161 qun
404 3087 535 3140 utuntur
548 3078 689 3160 hospites
709 3079 807 3140 nostri
830 3080 869 3140 de
886 3082 1022 3142 l'etrinia
1037 3090 1068 3143 et
1084 3083 1122 3142 rle
1138 3084 1248 3142 Zouro-

222 3193 279 3255 bor
305 3193 350 3255 eis
377 3192 552 3253 concedere
577 3191 789 3272 dignaremur.
833 3193 920 3254 cuius
946 3194 1072 3273 quidem
1097 3192 1249 3254 libertatis

219 3304 321 3370 forma
337 3304 396 3365 lrec
411 3310 470 3365 est:

304 3418 363 3489 (l)
386 3414 423 3475 Ut
438 3414 583 3475 uidelicet
598 3431 653 3476 eos
669 3412 770 3475 nullus
785 3413 921 3477 iudicum
937 3423 1126 3485 nostrorum,
1147 3423 1250 3493 preter

223 3527 373 3588 maiorem
395 3524 469 3586 uille
485 3525 674 3598 eorundem,
696 3545 791 3606 quem
811 3524 985 3588 uoluntario
1009 3526 1173 3606 elegerint,
1195 3544 1250 3586 arr·

224 3637 297 3697 deat
311 3636 460 3697 iudicare.

306 3749 363 3820 (Ξ)
385 3748 424 3807 Et
445 3747 471 3807 si
491 3748 530 3808 ab
550 3747 690 3827 ipsorum
711 3748 814 3810 iudice
829 3750 1093 3830 conquerentibus
1108 3747 1252 3809 satisfieri

216 3877 287 3922 non
300 3859 416 3938 possit,
437 3858 531 3919 iudex
547 3878 657 3920 eornm
671 3857 703 3919 iu
719 3868 826 3922 nostra
841 3861 1020 3940 presencia,
1041 3868 1073 3921 et
1088 3881 1151 3921 non
1165 3860 1252 3931 alias,

223 3988 319 4052 cuper
334 3970 401 4049 ipsa
417 3988 512 4031 cansa
527 3969 636 4032 citatus
651 3979 796 4033 teneatur
810 3978 841 4034 et
857 3970 970 4033 debeat
985 3972 1190 4052 respondere.

307 4080 364 4155 (3)
384 4078 470 4142 Elin
486 4099 674 4162 quocunque
690 4100 765 4145 casu
786 4081 869 4144 inter
882 4081 967 4161 ipsos
987 4080 1130 4161 hospites
1144 4090 1254 4144 contra

224 4202 390 4262 extraneos
405 4193 537 4278 aliquos,
560 4193 611 4256 uel
624 4213 683 4277 per
698 4201 865 4259 extraneos
879 4200 988 4258 contra
1006 4194 1091 4278 ipsos
1110 4193 1252 4278 hospites
