2798 4764
318 347 440 401 emaum
459 352 501 399 nn
522 352 605 400 nez-a
626 350 726 400 unsri
746 351 957 402 aerumnam
973 329 1032 420 (i).
1130 332 1190 404 tit

162 510 219 572 bus
240 508 401 572 mensibus
420 509 453 571 in
474 528 512 573 ea
527 528 740 591 permansere.
768 510 958 594 tandemque
973 511 1012 575 ad
1026 528 1125 576 naues
1137 530 1191 577 re·

162 622 292 684 denutes
318 641 375 703 per
397 641 484 684 mare
508 620 540 683 in
563 621 753 686 Dalmaciam
777 631 994 698 reuertuntur,
1026 625 1190 707 amman

160 732 322 814 llunqaro,
343 743 375 798 et
393 733 478 816 regis
499 734 661 816 llunqarie
681 734 811 798 banerio
833 734 949 798 ibidem
970 755 1041 798 cum
1063 735 1189 800 Uenetis

160 845 326 909 derelictis.
353 865 432 928 (pras
446 846 573 927 quidem
589 847 729 910 ciuitates
743 846 926 910 Guillelmns
948 846 1057 911 lunior
1070 868 1127 911 rex
1141 847 1190 912 Si*

161 955 230 1019 cille
246 977 302 1039 per
315 956 463 1020 auxilinm
479 957 663 1020 Pisanornm
684 977 757 1024 cunr
776 958 898 1042 magnis
914 958 1089 1042 sumptibus
1103 968 1190 1042 post-¹

160 1070 288 1133 modum
302 1069 356 1131 uix
369 1068 523 1133 rehabuit.
1178 1070 1179 1075 ’

241 1181 315 1243 Post
325 1180 555 1245 Kalomannnm
568 1201 646 1245 uem
660 1183 805 1266 regnauit
815 1183 890 1247 Bela
906 1182 995 1246 annis
1010 1182 1055 1244 lll
1066 1181 1189 1245 duobus

160 1292 336 1365 mensibus,
368 1292 446 1356 Albe
471 1293 650 1355 tumulatur.
687 1301 757 1376 post
780 1295 888 1357 Belam
912 1303 1016 1357 autem
1042 1293 1190 1376 regnauit

159 1402 274 1465 Geicha
289 1404 350 1465 llll
363 1404 472 1478 annis,
493 1406 620 1468 tandem
636 1407 768 1468 moritur
783 1413 815 1469 et
827 1405 905 1469 Albe
926 1403 1086 1487 sepelitur.
1117 1410 1190 1487 post

159 1515 252 1579 istum
265 1516 444 1598 Stephanus
457 1516 555 1581 irater
567 1538 643 1580 suos
659 1537 808 1581 coronam
826 1524 959 1600 usurpat
972 1517 1133 1581 mensibus
1149 1516 1188 1580 V.

161 1635 191 1690 et
211 1626 321 1689 diebus
343 1627 379 1688 V.
393 1629 584 1710 tandemque
606 1627 793 1702 deuincitur,
822 1629 855 1691 in
878 1647 940 1711 quo
961 1627 1060 1711 prelio
1080 1626 1187 1710 pluras

158 1737 247 1818 requi
272 1736 392 1800 nobiles
417 1738 611 1802 occiduntur.
632 1741 716 1803 idem
740 1760 818 1802 uero
847 1740 886 1802 de
905 1758 1004 1821 regno
1025 1737 1187 1820 expulsus,

158 1849 284 1912 demum
306 1849 394 1913 uenit
413 1850 446 1912 in
466 1852 590 1924 Zemin‚
609 1852 670 1916 nbi.
685 1860 716 1916 et
736 1851 837 1916 finiuit
859 1853 954 1915 uitam
975 1870 1075 1915 snam.
1106 1849 1185 1913 Albe

158 1961 334 2042 requiescit.
369 1963 427 2025 sed
451 1969 524 2044 post
546 1962 632 2026 hunc
653 1963 799 2045 regnauit
822 1961 898 2028 Bela
921 1963 1058 2037 Grecos,
1089 1982 1185 2043 quern

157 2072 264 2136 Becha
282 2080 314 2136 et
326 2073 449 2156 Gregor
468 2074 552 2156 apud
572 2073 793 2155 imperatorem
808 2073 980 2138 Grecornm
995 2073 1117 2137 diucius
1137 2080 1186 2137 te-

158 2191 302 2246 nuerunt.
323 2184 375 2247 hic
389 2184 515 2267 quidem
530 2185 616 2249 iures
631 2194 663 2249 ct
676 2186 815 2250 latrones
829 2192 1016 2269 persecutns
1030 2191 1088 2257 est,
1106 2183 1187 2265 peti·

157 2295 363 2377 cionibusque
384 2295 471 2378 loqui
488 2296 581 2359 traxit
600 2297 770 2378 originem,
791 2303 826 2359 ut
839 2315 970 2359 romana
983 2295 1081 2357 habet
1100 2291 1187 2359 curie

158 2414 189 2469 et
201 2406 336 2487 imperii.
355 2406 433 2469 alba
447 2407 529 2471 iacet
542 2407 722 2470 tumulatum

237 2519 311 2581 Post
334 2517 442 2580 Belum
465 2538 544 2582 uero
570 2519 714 2600 regnauit
737 2517 891 2580 Emiricns
915 2517 996 2607 lilius
1018 2517 1096 2579 eius.
1128 2512 1186 2579 sed

157 2635 228 2710 post
249 2628 334 2691 hunc
358 2629 503 2711 regnauit
519 2629 661 2691 Andreas
685 2649 741 2692 rex
765 2636 879 2711 potens
900 2635 933 2692 et
956 2627 1094 2691 illustris.
1126 2626 1187 2691 iste

156 2739 255 2802 edam
275 2750 391 2803 terram
409 2749 549 2803 sanctam
572 2739 727 2813 uisitauit,
754 2741 807 2803 nbi
827 2760 885 2822 per
899 2758 1008 2802 omnes
1029 2737 1188 2821 principes·

156 2850 407 2915 Christianorum
429 2852 610 2934 capitaneus
625 2852 798 2926 ordinatur,
820 2859 852 2915 et
872 2851 1044 2915 exercitum
1057 2847 1187 2913 Soldani

155 2962 316 3026 Babilonie
339 2981 409 3024 cum
430 2963 587 3046 lluuqaris
617 2970 649 3027 et
670 2964 791 3027 Zaculis
812 2963 978 3046 effugant,
1008 2961 1187 3025 ethonore

155 3072 318 3154 multiplici
340 3092 413 3136 cum
437 3083 531 3156 gente
556 3095 614 3138 sna
638 3095 695 3157 per
718 3074 862 3156 Assyrios
887 3081 919 3136 et
939 3071 1015 3136 alias
1036 3071 1185 3135 naciones

156 3185 346 3266 prouenitur.
374 3187 513 3267 indeque
535 3206 607 3248 cum
620 3204 741 3249 summa
755 3185 854 3267 gloria
867 3183 1038 3249 reuertitur
1049 3183 1083 3244 in
1096 3181 1186 3244 llan-

156 3296 286 3378 garism.
316 3298 490 3379 posthunc
513 3305 619 3361 autem
640 3296 785 3378 regnauit
804 3296 879 3359 llela
898 3294 980 3357 filins
1001 3293 1080 3367 eins,
1100 3289 1187 3374 apud

156 3407 413 3472 lrmesllinores
424 3408 572 3491 strigonii
586 3409 766 3471 tumulatur.
786 3407 874 3470 istius
888 3406 1016 3488 quidem
1029 3405 1063 3465 in
1074 3403 1186 3466 diebus

156 3519 254 3602 llunq
265 3521 372 3584 Lisiue
387 3522 507 3586 Tartari
522 3521 562 3583 de
578 3521 675 3583 tribus
689 3519 830 3602 partibus
844 3518 934 3600 requi
947 3518 981 3579 in
991 3515 1186 3598 Hungariam

155 3632 290 3706 adeunt,
311 3652 381 3697 cum
402 3633 569 3716 quinquies
592 3632 733 3696 centenis
756 3629 892 3692 millibus
913 3638 1106 3692 armatorum
1126 3627 1185 3690 lna·

155 3743 266 3807 lentes
281 3745 384 3807 adlruc
399 3745 599 3808 centuriones
614 3753 645 3807 et
659 3744 846 3807 decuriones
866 3743 907 3805 ad
925 3739 1020 3804 millia
1035 3741 1100 3802 XL.
1114 3738 1186 3822 qui-

143 3857 214 3956 pus
228 3856 261 3919 in
275 3856 349 3919 Soio
363 3877 419 3920 rex
433 3856 572 3939 prelatus
593 3855 788 3921 conueniens
809 3853 994 3937 aldnnqalis
1008 3851 1186 3916 deuincitsn·

154 3970 246 4032 Αοιιο
259 3968 384 4034 llomini
402 3968 565 4032 llCCllLl.
586 3967 640 4032 nbi
662 3965 729 4030 lere
751 3975 817 4030 tota
832 3966 923 4049 regni
936 3964 1052 4029 milicia
1066 3970 1115 4026 est
1127 3962 1185 4026 de·-

154 4079 234 4155 leta,
254 4083 325 4164 ipso
337 4081 414 4146 Bela
433 4100 539 4145 coram
560 4080 607 4144 eis
627 4082 668 4144 ad
686 4099 773 4144 marc
788 4079 940 4162 fugiente.
968 4077 1039 4152 Quo
1054 4073 1185 4158 quidem

155 4192 196 4264 de
208 4194 290 4263 nui
301 4201 482 4263 martene
499 4213 558 4283 per
572 4193 686 4261 ducem
697 4190 893 4260 tudunum
907 4191 948 4256 de
961 4185 1087 4254 dustria
1098 4181 1183 4254 ballo
