2798 4764
285 311 492 413 nemim.
511 350 602 399 naurs
622 350 767 407 arrasum
787 347 997 414 summm,
1018 330 1110 411 lm.
1150 332 1212 415 555

183 504 262 569 nihil
274 513 323 569 est
337 504 422 586 quod
437 503 554 575 lumine
570 503 702 566 clariore
717 501 897 586 perfulgent
913 523 1008 585 quam
1023 502 1054 566 in
1069 502 1210 585 principe

182 626 271 681 reeta
289 615 385 691 fides,
405 616 569 697 cupientes
589 622 657 678 toto
680 613 792 679 urentis
813 613 925 681 annisu
947 615 1115 690 tentorium
1135 613 1210 679 fidei

183 728 339 791 dominice
367 729 531 809 ampliare,
563 729 703 791 eiusdem
735 727 920 790 sanctissimi
953 726 1037 808 regis
1060 726 1211 808 Stephani

182 839 393 923 progenitoris
416 839 513 903 nostri
534 839 673 921 uestigiis
695 860 752 921 pro
768 835 895 901 modulo
910 839 1103 910 inherentes,
1125 847 1160 899 ut
1177 838 1211 909 in

183 970 288 1015 aream
304 950 421 1014 domini
441 951 500 1014 sub
523 952 641 1014 unitate
661 951 735 1015 fidei
756 952 837 1014 iuter
855 960 976 1015 ceteros
999 950 1209 1013 Cumanorum

182 1063 411 1131 multitudinem
441 1084 497 1145 pro
522 1071 609 1145 parte
632 1063 813 1128 charactere
841 1063 999 1126 dominico
1021 1063 1210 1146 insignitam,

183 1184 329 1259 suscepto
353 1177 548 1258 baptismatis
574 1187 778 1248 sacramento,
806 1176 948 1258 quamuis
974 1175 1077 1238 adhue
1102 1176 1133 1238 in
1160 1175 1211 1238 uia

183 1308 305 1351 morum
320 1294 492 1361 errantem,
513 1287 666 1369 reliquam
677 1287 778 1350 eciam
794 1293 912 1369 partem
927 1306 945 1348 a
959 1285 1020 1348 ritu
1035 1285 1210 1368 paganismi

184 1401 225 1465 etl
248 1401 445 1482 agnieionem
472 1399 648 1463 Christiane
673 1398 765 1473 fidei,
800 1398 957 1469 mediante
982 1397 1154 1463 uenerabili
1179 1407 1210 1463 et

182 1511 377 1576 sanctissimo
392 1499 480 1593 patre
496 1511 624 1575 domino
636 1510 781 1594 Philippo
794 1511 846 1574 dei
859 1510 966 1593 grania
979 1510 1130 1592 episeopo
1143 1512 1167 1573 F
1169 1511 1211 1573 ir-

184 1645 288 1699 mano,
309 1623 481 1707 apostolice
502 1622 586 1686 sedis
607 1623 722 1706 legato,
750 1623 881 1714 eiusque
905 1632 1012 1688 sancto
1037 1622 1209 1688 ministerio

106 1723 111 1731 ’
183 1735 301 1799 domini
323 1743 514 1817 cooperante
539 1734 713 1798 clemencia
734 1735 959 1817 perducemus,
980 1742 1133 1816 quatenus
1159 1755 1210 1797 ce·

182 1846 262 1910 leste
281 1867 411 1930 regnum
436 1845 577 1929 proficiat
598 1866 655 1928 per
668 1855 846 1920 terrenum,
867 1845 1048 1910 solemniter
1065 1847 1212 1928 promisi·

182 1980 251 2026 nnus
275 1968 307 2025 et
328 1959 499 2024 iurauimus
524 1959 565 2023 ad
590 1967 787 2022 sacrosancta
811 1958 860 2021 dei
883 1958 1066 2041 euangelia,
1086 1959 1119 2022 in
1138 1980 1210 2041 pre·

181 2072 288 2141 sanein
303 2072 444 2139 eiusdem
461 2070 652 2135 uenerabilis
666 2071 763 2154 patris
779 2071 898 2134 domini
912 2069 1006 2152 legati
1021 2077 1053 2134 et
1068 2071 1208 2136 omnium

181 2183 371 2266 prelatorum
386 2192 418 2246 et
431 2183 649 2265 religiosorum
665 2183 802 2245 uirorum
824 2191 855 2246 et
875 2189 1072 2263 satraparum
1087 2189 1209 2266 nostro-

181 2315 266 2370 rum,
288 2295 340 2377 qrri
355 2295 485 2359 aderaut
501 2303 575 2357 tunc
590 2303 763 2375 presentes.
802 2355 814 2373 x

181 2517 285 2580 Primo
300 2517 426 2601 quidem
442 2517 630 2579 iurauimus:
653 2517 737 2599 quod
752 2515 846 2578 finem
861 2513 1046 2578 catholicam
1063 2523 1093 2578 et
1108 2516 1209 2579 eccle-

264 2629 419 2692 siasticam
435 2629 610 2692 libertatem
630 2647 831 2691 seruaremus
848 2637 879 2692 et
895 2634 1090 2702 teneremus,
1111 2648 1147 2691 ao
1163 2639 1210 2693 te-

266 2742 334 2803 neri
359 2740 536 2809 laceremus
558 2749 589 2802 et
611 2760 741 2802 seruare
762 2740 794 2801 iu
818 2760 916 2822 regno
936 2749 1044 2804 nostro
1067 2750 1097 2804 et
1117 2741 1211 2807 terris

268 2851 359 2917 nobis
386 2852 552 2926 subiectis,
587 2852 736 2935 quodque
758 2850 1002 2918 constituciones
1030 2861 1063 2917 et
1085 2852 1213 2917 decreta

267 2963 446 3029 sanetorum
465 2985 573 3047 regum
594 2963 830 3045 progenitorum
850 2971 1047 3040 nostrorum,
1068 2972 1099 3029 et
1112 2963 1212 3028 hones

269 3076 513 3146 consuetudines
533 3078 723 3151 eorundem,
745 3097 803 3140 nee
822 3096 887 3139 non
901 3077 1006 3139 omnia
1027 3076 1089 3138 alin
1103 3084 1135 3139 et
1148 3077 1213 3139 rin-

266 3189 355 3274 geln,
377 3207 438 3272 qua
451 3189 548 3252 nostri
564 3189 782 3271 progenitores
795 3188 827 3250 in
842 3207 899 3252 sua
912 3194 1145 3251 constrauerunt
1159 3206 1212 3248 co·

267 3303 439 3371 ronanione
460 3301 580 3374 iurare,
608 3299 828 3364 inuiolabiliter
847 3316 1056 3369 assumemus,
1080 3314 1212 3361 uenera-

267 3414 383 3498 bilique
406 3414 485 3498 patri
500 3411 645 3494 Philippo
667 3410 839 3494 apostolice
858 3409 943 3473 sedis
963 3407 1069 3491 legato
1092 3415 1123 3477 et
1143 3407 1211 3471 aliis

269 3527 382 3610 quihus
396 3547 436 3593 ex
450 3525 554 3593 officio
568 3531 774 3606 competeret,
787 3523 1005 3595 assisteremus
1019 3521 1125 3587 debito
1140 3539 1211 3583 cum

268 3640 381 3706 elleotu
402 3636 625 3708 iurisdictionis
649 3644 681 3700 et
704 3634 864 3718 potestatis
886 3641 992 3699 nostre
1012 3632 1151 3706 brachio,
1171 3632 1213 3703 ati

264 3751 519 3833 comprimendos
542 3758 573 3812 et
594 3747 798 3831 expellendos
823 3744 979 3812 hereticos
1001 3746 1041 3813 ds
1063 3765 1161 3830 regno
1180 3755 1213 3812 et

266 3863 357 3930 terris
372 3863 463 3931 nobis
476 3860 637 3931 subiectis.

184 3976 331 4045 &nando
345 3976 517 4043 insanimus
530 3975 563 4038 ia
577 3973 742 4058 presencia
757 3972 980 4055 predictorum,
994 3971 1080 4056 quod
1095 3989 1211 4035 nouem

266 4089 522 4173 dissentientes,
542 4088 596 4172 qui
615 4085 742 4171 quidem
764 4085 949 4155 catholicam
970 4092 1003 4150 et
1024 4082 1213 4149 eeclesiasti-

265 4221 334 4267 oam
347 4199 524 4269 tharana
536 4221 597 4271 aen
611 4220 676 4267 noa
691 4199 939 4268 Christianorum
953 4205 986 4261 et
999 4195 1211 4260 Cumanorum
