2798 4764
238 331 498 380 contrarorrorss
513 332 727 377 rasnaroaru
741 333 782 376 rr
796 332 953 409 nosmrou.
975 315 1065 381 taos.
1106 316 1167 381 633

141 488 181 550 ab
196 486 315 550 actibus
330 484 497 559 nobilium,
512 496 606 568 atque
622 486 661 547 ab
677 486 761 548 aditu
778 530 787 547 .
803 529 810 545 .
826 530 834 546 .
850 486 1032 550 eorumdem
1048 486 1167 551 exclusi

141 606 305 672 maneant,
327 598 366 659 ab
380 597 524 659 omnibus
540 598 660 661 actibus
674 597 819 679 legitimis
835 597 938 660 alieni.

223 708 268 790 (6)
290 709 322 770 Si
337 708 390 790 qui
407 729 484 771 uero
501 730 540 771 ex
554 709 621 771 istis
636 754 644 770 .
660 755 668 771 .
683 754 691 770 .
707 755 715 770 .
739 710 953 792 insurgerent,
975 728 1053 790 quos
1068 709 1169 772 domi·

140 842 198 884 nus
213 829 320 883 noster
334 840 388 881 rex
403 820 581 902 llungaric,
603 821 746 882 inuncata
762 830 793 883 et
808 827 998 902 congregata
1012 820 1102 901 regni
1117 821 1166 884 sui

139 953 234 994 manu
249 931 425 1012 deprimere
441 951 503 992 non
520 940 636 1014 posset,
651 941 682 993 et
692 931 782 1012 ponis
797 930 982 1012 supradictis
998 930 1167 1004 adducere,

139 1044 256 1105 licitum
277 1041 321 1104 illi
342 1041 382 1105 sit
395 1041 545 1104 auxilium
568 1042 694 1105 aliunde
711 1042 895 1125 implorare,
917 1063 975 1123 per
990 1043 1075 1124 quod
1092 1061 1167 1132 con-

139 1154 224 1218 uinci
247 1154 347 1236 possit
370 1154 477 1216 feritas
500 1154 766 1237 delinquencium.
802 1154 883 1217 etsi
909 1154 993 1217 idern
1023 1153 1167 1216 dominus
1260 1222 1263 1227 ,

141 1275 248 1328 noster
268 1284 324 1326 rex
345 1264 523 1342 huiusmodi
539 1265 758 1346 delinquentes
783 1265 930 1346 persequi
950 1285 1015 1325 non
1034 1270 1169 1338 curaret,

142 1384 173 1437 et
186 1376 275 1457 penis
289 1376 473 1456 supradictis
487 1377 684 1458 negligenter
699 1376 810 1457 punire
827 1376 1022 1448 obmitteret,
1051 1394 1168 1464 renun-

142 1487 253 1549 ciando
269 1486 353 1548 omni
373 1485 555 1568 priuilegio,
576 1486 703 1568 siquod
722 1485 817 1548 babet
832 1487 871 1548 de
888 1506 926 1547 eo
942 1487 1027 1568 qu'od
1042 1505 1168 1548 excom·

142 1597 292 1659 municari
313 1616 376 1658 non
395 1597 512 1677 possit,
533 1617 590 1678 per
602 1597 762 1659 dominum
784 1596 1057 1678 archiepiscopum
1083 1595 1168 1659 colo·

141 1682 284 1780 oensem,
313 1706 397 1768 omni
419 1704 611 1787 prelatorum
633 1706 764 1769 consilio
787 1708 986 1781 attendente,
1013 1715 1106 1788 prout
1127 1705 1168 1770 ad

140 1818 200 1880 boc
215 1818 360 1881 dominus
381 1839 436 1880 rex
457 1839 491 1880 se
515 1839 571 1900 per
585 1818 690 1882 literas
705 1839 778 1882 suas
793 1819 946 1901 speciales
961 1818 1128 1901 obligauit,
1150 1837 1167 1881 a

139 1931 278 1991 Romana
293 1930 368 1992 sede
384 1928 505 2010 capella
520 1929 586 1991 eius
602 1928 817 1992 interdicatur.
864 1905 867 1912 Ι

224 2036 269 2120 (7)
291 2041 428 2101 Barones
447 2039 546 2101 eciam
570 2038 671 2102 etalii
693 2039 833 2114 nobiles,
856 2040 909 2120 qui
932 2060 965 2102 se
987 2038 1168 2104 huiusmodi

141 2150 316 2231 dampnatis
331 2157 363 2211 et
377 2150 603 2232 dampnacione
616 2151 716 2233 dignis
731 2151 945 2226 adiunxeriut,
958 2151 1051 2214 simili
1063 2152 1168 2215 subia-

141 2268 233 2321 ceant
247 2258 373 2321 ulcioni.

223 2367 268 2450 [8)
289 2371 329 2432 Et
342 2370 416 2452 quia
433 2371 646 2434 crescentibus
661 2372 853 2446 excessibus,
867 2392 1011 2434 crescere
1028 2373 1122 2435 debet
1136 2377 1168 2436 et

142 2501 236 2562 pena,
264 2501 321 2563 pro
346 2502 384 2545 eo
409 2481 548 2564 episcopi
570 2483 747 2557 diocesani,
780 2485 965 2566 inquorum
988 2484 1167 2548 diocesibus

141 2592 256 2654 sactum
276 2591 338 2655 boc
360 2612 378 2653 a
394 2593 455 2655 deo
471 2603 501 2655 et
516 2593 654 2674 presenti
669 2601 750 2656 statu
767 2594 981 2675 dampnatum,
1003 2603 1169 2677 attempte-

141 2710 206 2763 tum
228 2701 339 2775 suerit,
360 2702 390 2763 in
415 2701 555 2792 ecclesiis
578 2711 609 2765 et
631 2703 756 2785 populis
779 2704 879 2767 taliter
896 2705 1167 2787 dampnandorum

141 2812 338 2875 interdictum
362 2823 495 2895 ponant,
518 2823 549 2876 et
568 2816 703 2896 positum
727 2816 843 2878 tamdiu
859 2816 974 2880 saciant
988 2816 1168 2890 obseruari,

140 2925 241 2987 donec
262 2924 321 2987 bec
344 2927 511 3007 premissa,
538 2927 725 3007 operacione
750 2928 866 2990 domini
889 2929 972 3010 regis
995 2930 1168 3004 accidente,

139 3036 233 3099 finem
249 3037 374 3118 capiant
388 3049 624 3120 congruentem.

221 3145 264 3227 (9)
286 3149 363 3211 ltem
379 3148 571 3211 municiones
587 3158 618 3211 et
631 3148 764 3212 Castella
780 3151 818 3213 do
836 3171 919 3212 nouo
935 3151 1053 3233 absque
1068 3148 1166 3211 licen·

139 3258 186 3318 cia
207 3259 324 3321 domini
348 3261 440 3342 regis,
463 3260 513 3321 uel
536 3279 597 3341 que
622 3260 738 3324 suerint
760 3260 853 3332 tales,
876 3261 914 3323 de
936 3261 1049 3342 quibus
1071 3257 1166 3322 detri-

117 3377 242 3448 menta
265 3368 451 3442 inseruntur,
471 3370 523 3431 uel
545 3370 750 3451 imposterum
769 3370 877 3433 inferri
898 3379 1166 3453 presumerentur,

138 3488 191 3543 aut
205 3480 304 3541 eciam
316 3483 428 3564 quibus
444 3481 511 3562 ipse
526 3482 744 3562 possessiones
761 3503 823 3543 non
839 3482 1012 3555 sufficiunt,
1027 3483 1165 3545 minores

136 3591 235 3654 eciam
257 3612 352 3673 super
374 3593 524 3655 ecclesias
547 3602 578 3655 et
597 3594 785 3655 monasteria
807 3594 901 3667 facte,
922 3595 989 3655 sine
1010 3593 1164 3656 dilacione

136 3704 219 3764 omni
240 3702 413 3765 deleantur.
442 3724 503 3785 que
523 3704 548 3764 si
569 3705 726 3768 destructa
747 3726 810 3767 non
829 3704 961 3778 suerint,
984 3706 1164 3768 detentores

135 3815 308 3876 earundem
323 3814 549 3888 municionum,
564 3816 757 3878 sentenciam
773 3814 1109 3878 excommunicacionis
1124 3834 1164 3877 ex

136 3941 218 3982 nunc
234 3932 338 3987 natam
353 3926 522 3989 incurrant.
544 3932 576 3988 et
590 3925 792 3989 nibilominus
805 3948 860 4008 per
871 3927 1034 3989 dominum
1045 3944 1164 4008 regem,

136 4031 190 4094 ubi
212 4033 297 4096 idem
315 4038 505 4117 processerit
525 4038 557 4099 in
580 4057 692 4138 regno,
709 4038 761 4100 uel
784 4060 840 4120 per
860 4039 1033 4103 Palatinum
1054 4040 1164 4102 buius·

136 4144 222 4208 modi
238 4145 431 4216 municiones
446 4148 619 4214 deleantur.
642 4157 724 4214 terro
739 4151 913 4236 siquidem,
936 4153 987 4216 ubi
1003 4151 1079 4216 tales
1094 4160 1164 4215 arui

874 4251 913 4315 tt
