2798 4764
504 1033 696 1123 ttutstst
719 1033 777 1119 tlt
800 1032 924 1118 stols

351 1221 710 1299 coNsTt'rU‘rto
736 1224 806 1298 ltu
832 1222 1080 1300 cltMlthS.

603 1407 828 1472 ucccxxu„

286 1732 447 1795 ladislaus
472 1733 522 1795 slei
546 1734 650 1813 gracia
674 1733 851 1816 llungnric,
880 1735 1056 1808 Delmnoie,
1084 1735 1231 1810 eruaris,

201 1846 316 1919 name,
337 1845 465 1919 Seruis,
486 1844 632 1919 Gallicie,
653 1846 859 1920 sedoneris,
885 1847 1050 1920 Crinranie,
1070 1847 1231 1930 Bulgorie-

201 1973 265 2040 que
278 1978 345 2021 rex.
375 1957 519 2020 omnihus
535 1956 649 2020 Christi
668 1958 814 2021 lidelibus
829 1967 1008 2039 presentem
1026 1959 1170 2041 peginam
1183 1959 1232 2022 in-

197 2071 357 2150 specturis
372 2070 504 2134 salutern
520 2070 551 2130 in
566 2068 675 2133 salotis
689 2068 847 2152 largitore.
883 2071 924 2133 ad
938 2071 1159 2137 uniuersorum
1172 2091 1232 2134 no·

201 2179 326 2253 liciam,
346 2189 408 2243 tom
432 2179 630 2263 presencium
645 2201 738 2261 quom
758 2180 935 2246 futurorum
956 2179 1102 2246 uolumus
1118 2200 1232 2261 perue-

201 2294 287 2364 nire,
313 2294 398 2374 quod
424 2313 496 2355 cum
521 2292 711 2355 uenerabilis
736 2300 826 2374 poter
850 2292 1022 2374 Philippus,
1050 2290 1102 2355 dei
1127 2293 1231 2375 gracia

201 2403 364 2466 Firmanus
387 2406 572 2486 episcopus,
598 2399 771 2485 apostolice
792 2402 878 2466 sedis
897 2400 1029 2483 legatus,
1060 2403 1101 2466 ed
1121 2421 1179 2464 nos
1200 2409 1232 2465 el

202 2536 335 2597 reguum
351 2525 492 2580 nostrum
508 2516 687 2598 specialiter
702 2515 741 2577 at
757 2514 870 2577 euclem
883 2514 958 2578 sede
973 2523 1099 2588 cuncta,
1114 2513 1232 2577 nChri·

201 2628 241 2690 sti
255 2627 373 2691 scilicet
389 2629 508 2691 uicerio
519 2628 630 2692 lusisset
644 2627 829 2700 destinatus,
843 2625 941 2708 ipsius
951 2626 1069 2689 seluhri
1083 2626 1231 2695 suasione

202 2747 236 2803 et
254 2748 361 2802 sancto
384 2739 566 2803 inductione
590 2739 860 2815 concurrentibus,
882 2737 1001 2821 placuit
1021 2738 1156 2805 dominis
1171 2738 1232 2801 Co·

204 2870 383 2924 manorum,
409 2850 529 2914 scilicet
549 2851 645 2933 Alpar
669 2862 700 2914 et
722 2852 810 2926 Uzur,
842 2860 873 2915 et
895 2852 1008 2914 ceteris
1030 2850 1167 2915 dominis
1189 2851 1231 2918 ¹de

203 2961 360 3035 Comanis,
380 2981 416 3024 ec
438 2963 621 3045 simpliciter
635 2965 781 3029 omnibus
796 2965 953 3029 nobilibus
972 2965 1012 3027 de
1034 2962 1179 3027 Comanis
1201 2971 1233 3026 et

189 3072 400 3138 ·uuiuersitsti
422 3075 620 3148 eorumdem,
643 3084 676 3138 ut
698 3075 758 3157 ipsi
779 3073 898 3139 relictis
918 3075 1075 3139 idolorum
1094 3073 1232 3146 culture,

202 3192 235 3247 et
247 3183 394 3247 omnibus
409 3204 446 3247 oc
460 3186 591 3267 singulis
607 3204 800 3267 pngnrrorun
815 3186 925 3248 ritibus
940 3203 1069 3267 prorsus
1084 3183 1231 3256 dimissis,

202 3295 243 3359 erl
257 3295 411 3358 catholice
427 3318 483 3358 seu
499 3297 675 3360 orthodoxe
689 3297 765 3360 fidei
779 3296 929 3359 unionem
938 3303 1173 3370 conuertuntur,
1193 3312 1231 3358 ec

203 3408 284 3471 socri
303 3406 499 3488 baptismatis
518 3408 658 3472 uniuersi
676 3418 708 3472 et
727 3407 839 3485 singuli
860 3407 1076 3488 cuiuscunque
1091 3406 1183 3471 etatis
1201 3416 1233 3470 el
1325 3477 1329 3486 ,

202 3537 309 3591 sexus,
330 3518 383 3600 qui
399 3519 538 3580 nondum
553 3526 627 3581 sunt
641 3517 799 3599 baptizoti,
822 3517 977 3598 recipient
989 3528 1234 3592 strumentum,

203 3638 236 3693 et
251 3637 383 3692 seruent
403 3629 510 3692 omnia
533 3628 670 3693 ecclesie
694 3636 907 3700 sacramento,
929 3634 962 3690 et
973 3647 1160 3710 quecunque
1175 3629 1235 3697 elio

202 3741 314 3816 docet,
342 3750 445 3814 tenet,
478 3751 510 3804 et
534 3741 674 3821 preslicst
695 3739 830 3802 ecclesie
852 3740 993 3803 llomene
1022 3750 1234 3805 sacrosancto.

202 3862 236 3917 et
258 3854 333 3936 quia
353 3853 434 3919 fides
454 3852 524 3918 eine
549 3872 646 3933 opere
661 3859 801 3925 mortua,
822 3849 903 3913 siout
916 3850 1041 3934 legitur,
1062 3859 1235 3932 reputatur,

182 3983 272 4038 jos,
293 3973 328 4027 ut
351 3952 608 4046 assumpte'fidei
630 3969 737 4025 soncte
760 3960 915 4043 perfectio
936 3961 1021 4043 opud
1045 3960 1130 4043 ipsos
1151 3968 1183 4033 et
1201 3959 1235 4024 in

195 4077 279 4159 ‘ipsis
303 4086 404 4143 sunit
425 4076 574 4149 inicium,
605 4084 638 4139 et
662 4071 837 4158 principale
859 4072 954 4139 urus
975 4072 1235 4151 fundumentum,

203 4183 1234 4275 cmstlscoscotsctontnu.tsgocrquornnnotorcsrc·
