2798 4764
205 356 267 423 2¹6
533 372 608 419 vrrs
629 369 656 416 s.
673 369 811 416 ssmrnr
830 348 906 434 (top

205 528 298 603 doni,
320 545 455 608 cumque
476 526 662 589 transissent
676 524 813 598 Ticiam,
833 524 972 588 inierunt
987 529 1147 586 certamen
1161 538 1239 584 con·

206 645 255 703 tra
267 638 402 701 Achtum
417 645 450 701 et
463 637 634 700 exercitum
650 636 728 699 eius.
749 635 914 718 factusque
928 642 977 699 est
991 634 1097 717 fragor
1108 640 1140 697 et
1153 633 1239 696 soni-

207 759 257 814 tus
271 768 421 831 magnus,
442 755 474 812 et
488 748 614 811 durauit
627 746 743 810 betium
764 765 864 829 usque
879 746 920 810 ad
934 745 1117 818 meridiem,
1138 751 1172 808 et
1185 762 1240 806 ce·

207 862 351 926 ciderunt
374 860 529 923 uulnerati
554 859 642 923 multi
666 859 740 923 hinc
764 867 797 922 et
818 859 893 921 inde
917 877 956 921 ex
982 866 1115 940 utraque
1138 864 1240 940 porte.

207 974 292 1037 unde
321 973 477 1035 exercitus
503 971 676 1036 Chanadini
704 971 810 1053 sugam
834 970 936 1033 iniens
960 969 1051 1034 latrrit
1073 970 1104 1031 in
1134 969 1242 1052 uepri-

206 1085 268 1151 bus
284 1085 443 1167 Kwkyner
466 1092 498 1147 et
516 1083 549 1145 in
564 1086 709 1166 Zewrcg,
731 1091 762 1145 et
782 1082 815 1144 irr
837 1082 921 1145 omni
936 1081 1058 1165 Canysa
1080 1080 1242 1164 usquead

208 1195 336 1259 Tisiam.
369 1194 571 1258 Chanadinus
597 1201 701 1257 autem
726 1194 837 1256 eadem
863 1200 955 1256 nocte
979 1198 1242 1257 castrametatus

209 1316 258 1374 est
279 1309 320 1372 ad
334 1309 493 1389 quendam
508 1315 665 1381 montem,
686 1325 780 1389 quern
800 1313 911 1388 postea
926 1303 1099 1368 Orozianus
1119 1324 1242 1367 nuncu·

207 1421 305 1505 pauit.
333 1420 467 1484 Achtum
487 1427 591 1483 autern
612 1419 718 1502 posuit
731 1426 833 1482 castra
854 1436 912 1480 sua
931 1417 964 1478 in
983 1434 1095 1499 campo
1110 1417 1238 1480 nomine

209 1532 345 1614 Negenz.
381 1531 598 1613 exploratores
622 1537 727 1593 autem
751 1529 918 1610 utriusque
944 1528 1039 1610 partis
1063 1527 1241 1611 uigilantes,

209 1641 284 1705 hine
299 1650 331 1705 et
344 1642 417 1705 inde
431 1642 660 1705 discurrebant
688 1641 782 1724 igitur
797 1640 996 1703 Chanodinus
1019 1651 1141 1704 noctem
1155 1638 1241 1702 iiiam

211 1751 330 1816 docens
352 1753 568 1834 insomnem,
589 1752 698 1815 orabat
719 1753 759 1815 ad
780 1760 922 1815 sanetum
936 1751 1107 1835 Georgium
1126 1760 1241 1835 marty-

127 1839 133 1850 ·
210 1881 295 1937 rem,
316 1871 350 1926 ut
362 1863 420 1925 sihi
436 1882 454 1925 a
469 1863 597 1925 domino
611 1863 670 1925 ccli
685 1863 834 1927 auridum
848 1863 1048 1945 impetraret,
1068 1871 1241 1945 notumque

210 1974 316 2048 uouit,
336 1981 371 2036 ut
392 1974 419 2036 si
440 1974 614 2037 aduersarii
635 1975 735 2038 uictor
753 1975 919 2049 existeret,
939 1976 971 2037 in
993 1974 1064 2038 ioco
1086 1975 1242 2039 oracionis

211 2104 275 2170 guo
299 2104 401 2169 genua
423 2086 554 2149 flexerat
572 2086 606 2148 in
627 2094 725 2160 terra,
745 2086 913 2150 inhonore
933 2086 1001 2150 eius
1015 2087 1241 2150 monasterium

211 2195 383 2261 edificaret.
408 2216 543 2279 cumque
564 2215 622 2279 pre
642 2197 739 2259 nimio
760 2195 870 2260 labore
890 2204 922 2259 et
935 2195 1123 2278 fatigacione
1138 2196 1241 2277 ipsum

213 2326 310 2390 sopor
324 2308 503 2382 inuasisset,
524 2307 668 2389 apparuit
683 2308 712 2370 ei
725 2308 759 2370 in
773 2307 913 2389 sompnis
927 2307 1029 2369 torma
1043 2306 1142 2369 ieonis
1156 2312 1243 2369 stans

212 2421 253 2484 ad
271 2423 370 2504 pedes
391 2421 459 2484 eius
479 2420 650 2503 dicensque
673 2421 761 2484 eit-o
782 2419 878 2482 homo
896 2419 973 2503 quid
993 2418 1121 2482 dormis.
1149 2438 1242 2501 surge

212 2533 374 2607 uelociter,
402 2552 482 2596 cane
504 2533 597 2606 tuba,
618 2534 779 2615 egredere
792 2533 825 2595 in
845 2532 996 2614 prelium,
1025 2540 1057 2595 et
1078 2532 1244 2613 superabis

213 2653 301 2707 tuum
325 2645 496 2707 inimicum.
529 2663 665 2726 cumque
689 2645 869 2726 euigiiasset
892 2643 1059 2709 uidebatur
1079 2645 1137 2707 sibi
1158 2663 1195 2707 ac
1216 2644 1243 2706 si

214 2755 349 2817 duorum
370 2754 511 2816 uirorum
532 2754 617 2816 uires
638 2755 822 2836 recepisset
850 2755 935 2818 unde
955 2763 1130 2818 conuocato
1153 2775 1244 2818 exer·

216 2866 294 2939 citu,
315 2884 483 2946 sompnum
504 2864 592 2947 quod
611 2865 735 2929 uiderat
753 2868 914 2929 enarrauit
935 2867 998 2941 eis,
1018 2868 1126 2931 dicens
1143 2887 1152 2928 τ
1172 2873 1244 2948 post

214 2976 395 3039 oracionem
416 2995 511 3058 quam
526 2983 702 3056 prostratus
716 2994 821 3038 coram
837 2975 964 3041 domino
979 2986 1011 3041 ct
1024 2987 1132 3041 sancto
1145 2976 1245 3041 Geor·

214 3087 266 3172 gio
281 3094 417 3172 martyre
432 3087 530 3149 etiudi
545 3086 577 3148 in
591 3086 651 3149 hac
666 3094 772 3161 nocte,
792 3087 909 3151 inuasit
923 3108 973 3152 me
987 3109 1094 3172 sopor,
1114 3090 1242 3171 uidique

215 3202 256 3265 ad
278 3200 377 3284 pedes
398 3219 486 3263 meos
507 3201 597 3283 quasi
618 3198 744 3263 leonem
765 3208 918 3276 stantem,
939 3202 1177 3286 trahentemque
1192 3221 1243 3265 me

214 3313 340 3396 anguiis
355 3321 386 3376 et
401 3314 572 3387 dicentem,
593 3331 687 3395 surge
707 3311 820 3388 homo,
841 3315 918 3397 quid
933 3315 1064 3391 dormis,
1085 3333 1244 3398 congrega

216 3426 385 3488 exercitum
402 3434 506 3501 tuum,
528 3424 681 3508 egredere
696 3425 727 3486 in
742 3424 865 3488 hostem
880 3435 986 3501 tuum,
1008 3428 1060 3510 qui
1076 3446 1159 3490 nnnc
1171 3427 1245 3489 dor·

214 3535 285 3609 mit,
307 3545 339 3598 et
353 3538 462 3600 uinces
478 3557 560 3602 eum.
582 3557 645 3619 quo
661 3537 768 3600 audito
783 3536 994 3601 laudauerunt
1007 3537 1117 3611 deum,
1138 3536 1244 3598 dicen-

213 3649 283 3706 tes:
305 3645 400 3726 Kyrie
420 3646 558 3722 eleison,
580 3647 701 3711 Christo
723 3647 860 3722 eleison,
881 3649 975 3731 Kyrie
996 3646 1133 3718 eleison,
1154 3652 1243 3725 pater

214 3762 332 3816 noster.
359 3758 479 3838 egressi
502 3767 575 3822 sunt
597 3778 672 3841 ergo
695 3759 727 3821 in
747 3758 880 3841 prelium
900 3760 970 3822 sine
984 3775 1090 3830 mora,
1111 3774 1244 3836 exspec-

213 3870 317 3927 tantes
336 3884 394 3946 per
409 3866 520 3929 merita
538 3868 623 3932 beati
637 3869 764 3952 Georgii
784 3868 929 3951 martyris
946 3867 1094 3930 auxilium
1110 3866 1244 3941 doceto,

214 3975 269 4057 qui
295 3994 351 4038 eos
374 3975 407 4037 in
429 3976 531 4040 forma
550 3977 651 4041 leonis
673 3980 817 4064 dignatos
838 3987 887 4044 est
907 3979 1047 4043 uisitare.
1075 3985 1109 4043 et
1132 3981 1244 4043 eadem

213 4093 307 4154 nocte
321 4107 394 4151 mox
409 4090 565 4153 exercitos
578 4089 727 4168 demum,
748 4093 803 4177 qui
822 4091 944 4156 iaccbat
964 4093 998 4154 in
1018 4110 1145 4176 campo,
1166 4094 1245 4158 alter

215 4200 257 4268 ad
266 4199 399 4286 aiterum
410 4200 581 4282 irmcrunt,
595 4201 650 4287 qui
663 4209 890 4289 tergauertcns
899 4203 1244 4292 mangenarum
