2798 4764
363 329 506 446 euoenon
527 399 573 446 ετ.
588 400 731 450 ornnem
751 404 841 451 anon
863 380 1023 474 (to—''flt
1149 354 1211 459 bid

179 575 245 619 mas
267 555 479 638 abstergeret,
509 556 692 621 ceciderunt
713 559 744 621 in
767 581 861 623 manu
885 562 952 625 eius
975 565 1101 647 quidam
1126 527 1211 650 globi

178 668 297 740 carnis,
318 665 452 728 sormam
468 668 595 750 quidem
611 669 772 733 oculorum
786 672 951 748 habentes,
973 677 1029 738 sed
1045 654 1209 760 coagulati

177 779 329 864 sanguine
344 798 472 861 prorsus
489 780 628 845 inuoluti.
652 802 787 865 cumque
803 786 998 850 uociferante
1017 788 1131 869 puella,
1146 774 1209 875 qud

176 891 323 953 nimirum
339 890 446 954 oculos
467 912 541 954 suos
561 895 621 955 iam
636 895 777 957 amisisse
792 898 957 972 credebat,
980 899 1113 981 populus
1129 891 1209 965 atto*

176 1004 257 1066 nitus
273 1006 314 1066 ad
329 1024 397 1067 eam
414 1005 542 1068 uidendi
557 1007 850 1083 studio'cnrsitaret,
863 1010 971 1073 uident
984 1031 1053 1074 eam
1069 1020 1100 1075 et
1111 996 1207 1078 clisol

176 1116 277 1179 carnis
302 1114 411 1200 globos
435 1117 467 1178 in
492 1136 586 1180 manu
611 1139 667 1184 sua
691 1122 927 1185 ammirantibus
947 1131 1156 1186 ostentantem
1175 1106 1208 1188 el

177 1229 265 1290 nouis
288 1227 386 1290 oculis
407 1231 561 1310 stupenda
582 1250 642 1311 que
659 1232 787 1295 uidebat
803 1233 1029 1297 ammirantom.
1059 1235 1098 1298 de
1114 1234 1206 1298 mutis

175 1347 297 1413 autem,
319 1340 421 1402 surdis
437 1349 468 1402 et
483 1341 601 1403 claudis
622 1363 681 1423 per
694 1343 793 1424 ipsius
809 1344 920 1406 merita
937 1345 1053 1406 sanatis
1068 1342 1206 1428 uulgari·

175 1457 223 1512 tas
244 1456 275 1513 et
289 1451 378 1533 quasi
397 1451 541 1514 habilitas
563 1450 785 1515 miraculorum
806 1454 889 1517 inter
903 1454 1016 1537 gaudia
1028 1455 1117 1537 loqui
1131 1447 1205 1539 pro'ss

173 1561 262 1624 hibet
277 1569 308 1625 et
323 1563 362 1625 ad
377 1563 500 1626 insueta
513 1564 623 1645 pocius
638 1567 813 1628 enarranda
827 1568 1014 1630 transmittit.
1193 1562 1196 1567 ’

255 1783 320 1869 (10]
343 1786 478 1862 Quidam
499 1788 605 1869 itaque
620 1787 708 1850 miles
724 1795 855 1870 urgente
876 1789 1063 1851 necessitate
1087 1776 1204 1880 scutelss

171 1897 233 1960 lam
256 1905 452 1978 argenteam,
475 1918 568 1981 quarn
592 1897 673 1981 patri
692 1918 749 1961 suo
764 1897 835 1980 pius
854 1918 910 1962 rex
926 1899 1116 1974 donauerat,
1137 1883 1202 1964 cuiss

173 2009 244 2072 dam
259 2009 363 2070 comiti
376 2007 523 2071 uenalem
539 2009 691 2091 exposuit,
712 2009 768 2072 sed
783 2028 852 2071 eam
866 2009 951 2073 idem
966 2030 1072 2073 comes
1087 1980 1202 2076 ardore

172 2121 349 2202 cupiditatis
363 2120 485 2183 illectus
500 2142 518 2182 a
532 2142 565 2183 se
582 2122 688 2183 srrrtim
704 2122 856 2184 sublatam
872 2143 942 2185 esse
958 2123 1117 2185 confinxit.
1143 2122 1200 2185 rex

170 2233 277 2315 itaque
292 2233 469 2315 Stephanus
484 2233 668 2295 Colomanni
688 2232 771 2295 filius
793 2235 875 2296 banc
897 2252 1025 2297 causam
1036 2234 1199 2297 Wallhero

103 2396 113 2404 .
170 2346 368 2409 Waradiensi
390 2346 537 2428 episcopo
556 2345 695 2428 legitimo
709 2346 772 2408 fine
794 2345 1022 2408 terminandam
1036 2344 1201 2408 commisit.

171 2460 224 2542 qui
240 2460 278 2522 de
293 2459 410 2521 meritis
424 2459 508 2521 beati
522 2459 605 2541 regis
621 2458 792 2520 certissime
808 2456 980 2530 confidens,
1001 2477 1059 2540 per
1072 2465 1199 2520 senten-

171 2572 249 2634 ciam
264 2571 457 2634 iudiciariam
473 2571 630 2643 decreuit,
653 2570 737 2652 quod
753 2590 822 2633 cam
837 2568 969 2632 scutella
983 2590 1079 2651 super
1093 2567 1199 2652 sepul·

171 2684 278 2747 ebrum
291 2684 390 2746 sancti
405 2684 487 2765 regis
502 2683 636 2746 Ladislai
658 2691 839 2765 poneretur,
860 2689 894 2745 ut
909 2684 1127 2764 comprobaret
1142 2684 1198 2747 do-

171 2798 283 2869 minus,
305 2797 373 2878 quis
388 2796 510 2858 illorum
527 2816 596 2858 earn
611 2797 691 2859 iuste
707 2795 836 2858 deberet
850 2794 977 2858 habere.
1000 2798 1105 2858 comes
1121 2816 1197 2878 ergo

169 2908 298 2970 nimium
319 2907 358 2970 de
380 2928 414 2970 se
436 2907 664 2989 presumendo,
691 2905 853 2970 scutellam
877 2914 1063 2988 accepturus
1084 2906 1124 2971 ad
1146 2927 1197 2972 se-

170 3019 333 3100 pulchrum
359 3018 506 3092 accessit,
537 3018 702 3098 statimque
728 3019 841 3081 cecidit
867 3017 961 3081 uelud
987 3026 1143 3091 mortuus,
1164 3025 1198 3082 et

170 3130 373 3194 uehementer
385 3131 530 3193 attonitus
545 3148 649 3211 neque
663 3130 824 3193 scutellam
839 3129 954 3192 meruit
965 3128 1124 3210 accipere,
1139 3147 1196 3191 no·

169 3262 230 3323 que
245 3242 284 3306 de
298 3251 381 3306 terra
395 3242 496 3324 potuit
509 3260 686 3322 resurgere.

207 3469 210 3479 '
252 3461 316 3545 (11)
337 3466 416 3528 Dum
438 3466 532 3549 igitur
546 3472 655 3527 auctor
669 3465 816 3528 uniuerso
838 3468 982 3525 creature
1002 3461 1086 3523 bunc
1104 3481 1194 3525 sano

167 3587 232 3639 tum
248 3597 353 3661 regem
370 3579 476 3641 diuine
492 3577 613 3640 uirtutis
629 3583 807 3639 consortem
824 3594 911 3648 esse,
932 3573 1023 3636 tantis
1038 3572 1195 3639 miraculis

167 3687 372 3762 declarasset,
387 3708 469 3750 anno
485 3687 602 3750 domiui
617 3685 783 3749 millesimo
799 3683 970 3747 centesimo
986 3675 1193 3769 nonagesimo

165 3801 320 3874 secundo,
341 3808 484 3863 sanctum
508 3818 623 3881 corpus
647 3799 715 3861 eius
738 3797 874 3880 gloriose
898 3807 946 3861 est
970 3797 1193 3861 canonizatum.

164 3912 309 3975 nimirum
329 3920 441 3975 nature
460 3912 581 3995 genitor
601 3912 647 3974 sic
669 3919 812 3974 naturam
831 3930 888 3974 sue
903 3910 1034 3975 bonitati
1049 3910 1122 3974 lecit
1137 3912 1195 3976 ob-

163 4023 308 4098 noxiam,
330 4030 366 4087 ul
390 4023 551 4088 uideretur
575 4022 670 4086 nichil
696 4022 725 4087 ei
750 4022 950 4105 derogatum,
979 4022 1064 4105 quod
1089 4023 1195 4087 diuina

162 4137 262 4218 pietas
285 4137 439 4200 indicaret
460 4136 673 4199 annuendum.
701 4134 806 4218 plures
831 4135 914 4200 euim
935 4134 1002 4198 ceci
1024 4135 1064 4196 ad
1087 4132 1194 4215 sepul·

163 4247 275 4312 ebrum
298 4247 398 4312 sancti
424 4246 564 4312 Ladialai
586 4246 762 4324 uenientes,
793 4247 959 4332 implorato
984 4244 1052 4309 eius
1077 4241 1192 4308 auxilio
