2798 4764
209 330 271 395 800
640 344 808 391 rnonoaus.

208 498 307 564 hibita
321 498 484 563 audiencia
500 499 595 581 patris
611 506 760 581 precepta
775 498 861 560 iuxta
877 497 981 560 diuine
997 498 1156 580 sapiencie
1168 519 1240 561 sua-

208 632 279 675 sum
299 612 452 674 condecet
473 611 658 683 obseruare,
680 610 811 672 dicentis
827 630 884 691 per
899 629 933 671 os
949 610 1142 673 Salamonis:
1165 611 1239 673 audi

209 722 255 787 fili
276 723 317 784 mi
341 722 537 803 disciplinam
562 723 657 803 patris
673 721 732 794 tui,
755 731 840 784 etue
857 721 993 784 dimittas
1016 722 1117 805 legem
1133 722 1240 785 matris

209 842 275 907 tue,
296 841 331 895 ut
345 831 591 914 multiplicentur
606 832 678 894 anni
696 832 758 895 uite
774 842 836 894 tue.
860 853 899 894 ex
914 833 972 894 hac
989 854 1065 915 ergo
1081 834 1241 896 sentencia

211 943 464 1008 animaduertere
486 944 617 1025 poteris,
640 941 665 1004 si
681 962 719 1004 ea
734 963 794 1025 que
816 950 946 1023 paterna
968 945 1082 1024 pietate
1100 944 1153 1006 tibi
1170 965 1241 1025 pre·

211 1056 294 1139 cipio
309 1057 552 1137 contempseris,
574 1056 660 1137 quod
679 1056 774 1129 absit,
797 1055 959 1138 quodiam
975 1055 1107 1137 amplius
1123 1057 1241 1119 amicus

212 1170 264 1234 dei
285 1179 318 1232 et
337 1168 502 1230 hominum
524 1188 587 1230 non
609 1169 680 1229 eris.
708 1169 780 1230 audi
797 1188 875 1230 uero
890 1167 1144 1230 inobedieucium
1170 1189 1242 1250 pre·

212 1283 422 1346 uaricatorum
436 1281 575 1364 precepti
587 1299 694 1341 casum
711 1288 743 1341 et
757 1278 972 1361 precipicium.
994 1280 1093 1342 Adam
1104 1281 1242 1361 quidem,

213 1412 308 1478 quem
332 1394 477 1455 dominus
499 1393 642 1456 conditor
664 1391 829 1476 tociusque
852 1401 996 1454 creature
1017 1391 1189 1474 plasmator
1202 1393 1242 1454 ad

214 1523 304 1569 suam
330 1503 476 1566 formauit
504 1502 754 1576 similitudinem,
786 1522 923 1583 eumque
951 1500 1138 1564 uniuersalis
1166 1501 1242 1565 lecit

214 1615 366 1679 heredem
382 1615 557 1697 diguitatis,
578 1614 738 1676 uinculum
753 1614 846 1694 fregit
863 1623 1100 1696 preceptorum,
1125 1615 1244 1677 statim-

216 1747 278 1810 que
294 1727 477 1808 dignitatum
493 1725 713 1788 sublimitatem
735 1726 873 1808 perdidit
893 1745 929 1787 ac
944 1727 1138 1788 mansionem
1154 1746 1244 1807 para·

217 1837 286 1901 disi.
316 1838 461 1920 antiquus
485 1856 612 1919 quoque
635 1837 769 1918 populus
791 1856 809 1898 a
830 1838 890 1899 deo
906 1838 1022 1900 electus
1038 1838 1089 1899 uel
1105 1837 1245 1911 dilectus,

217 1950 290 2033 quia
304 1949 453 2031 ligamina
468 1950 687 2011 mandatorum
704 1948 771 2023 dei,
794 1949 897 2031 digitis
913 1949 1083 2012 conditoris
1104 1950 1165 2012 lata
1183 1952 1246 2012 dis-

216 2063 302 2137 iecit,
322 2063 440 2125 idcirco
456 2062 588 2125 diuersis
602 2063 720 2125 interiit
734 2063 846 2125 modis.
872 2072 993 2144 partem
1013 2062 1141 2145 quidem
1162 2072 1246 2126 terra

217 2173 396 2256 deglutiuit,
425 2183 546 2255 partem
572 2194 699 2256 quoque
726 2175 947 2236 exterminator
971 2172 1187 2245 mortificauit‚
1215 2182 1246 2235 et

217 2306 289 2370 pars
305 2286 440 2349 inuicem
456 2285 574 2347 seuiter
584 2285 667 2348 iecit.
688 2285 770 2346 filius
783 2305 909 2367 quoque
922 2284 1095 2348 Salamonis
1108 2285 1247 2346 abiciens

216 2399 317 2463 uerba
344 2398 475 2480 pacifica
498 2398 610 2480 patris,
637 2397 754 2459 idcirco
780 2395 877 2459 multa
902 2397 982 2459 mala
1007 2415 1117 2478 passus
1144 2396 1247 2459 estin

216 2531 327 2593 regno,
343 2520 374 2573 et
389 2511 428 2572 ad
443 2509 586 2572 ultimum
602 2510 721 2572 eiectus
738 2518 795 2573 est.
817 2509 877 2570 hoc
892 2507 947 2569 tihi
963 2528 1002 2570 ne
1019 2507 1138 2569 accidat
1152 2508 1247 2570 obedi

216 2622 294 2685 mihi
307 2623 350 2684 tili
366 2624 417 2684 mi.
437 2642 519 2704 puer
527 2642 564 2684 es
577 2622 760 2684 diuiciarum
773 2620 903 2683 uernula
915 2621 1118 2702 plurimarum
1130 2618 1247 2692 accola,

217 2734 300 2797 lotus
316 2734 529 2815 educatusque
551 2733 582 2794 in
599 2733 718 2797 deliciis
734 2733 867 2806 cunctis,
889 2733 990 2796 tocius
1005 2732 1244 2813 expedicionum

216 2846 332 2910 laboris
354 2853 447 2927 atque
464 2845 659 2908 diuersarum
680 2845 825 2928 gencium
847 2845 1034 2907 incursionis
1055 2864 1185 2926 expers,
1213 2843 1246 2905 in

218 2957 332 3041 quibus
348 2977 407 3039 ego
419 2957 479 3019 iarn
495 2957 561 3020 lere
576 2976 679 3018 meam
692 2965 786 3019 totam
799 2955 932 3018 contriui
946 2963 1070 3019 etatem.
1091 2957 1153 3017 iam
1169 2963 1247 3018 tem·

216 3086 278 3150 pus
299 3068 389 3130 adest
408 3067 439 3129 in
455 3088 517 3149 quo
531 3068 584 3130 tibi
601 3087 664 3130 non
685 3087 812 3149 semper
826 3067 990 3150 puluinum
1012 3067 1163 3140 mollicie,
1185 3087 1247 3149 que

217 3188 249 3243 te
269 3179 417 3243 hebetem
437 3188 469 3242 et
488 3179 656 3242 delicatum
678 3179 827 3252 reddant,
849 3178 1028 3241 adhibende
1048 3187 1138 3252 sunt,
1160 3180 1246 3260 quod

219 3300 267 3355 est
281 3292 448 3371 dissipacio
462 3292 612 3354 uirtutum
627 3298 659 3353 et
672 3291 825 3353 uiciorum
843 3289 1031 3364 iumentum,
1063 3299 1156 3372 atque
1172 3311 1248 3354 con-

218 3403 352 3485 tempcio
372 3401 540 3465 multorum
563 3402 792 3464 mandatorum.
824 3403 881 3464 sed
906 3402 1063 3465 interdum
1086 3401 1193 3464 uimeu
1217 3409 1248 3464 et

218 3516 371 3598 asperitas
385 3515 553 3577 tribuenda
568 3522 626 3587 est,
643 3534 705 3597 que
720 3523 805 3576 tuam
819 3513 1063 3595 intelligenciam
1078 3513 1117 3574 ad
1133 3530 1170 3573 ea
1185 3531 1247 3592 que

217 3627 358 3710 precipio
373 3626 508 3688 reddant
528 3633 688 3689 attentam.
718 3625 766 3688 his
788 3626 830 3688 ita
850 3623 998 3707 perlectis
1018 3623 1185 3684 redeamus
1207 3619 1246 3680 ad

217 3737 423 3819 propositum.

572 4020 711 4064 lmlffl
730 4019 890 4066 nocoaus.
