2798 4764
503 355 687 401 rucesrnurr
712 356 753 403 nr
775 354 888 403 urere.
1146 334 1207 402 θῐί

181 519 339 591 tempure,
363 509 496 572 Michuel
519 510 600 572 fitius
622 510 793 583 Michaelis,
822 510 919 574 tenter
939 508 1079 573 Edemen
1101 509 1212 592 requi·

107 693 115 703 ,
180 620 252 682 eiuit
271 621 406 683 eundem
427 629 542 682 terrum
565 640 621 701 pru
637 640 693 682 suu
714 630 813 693 terra,
836 630 952 685 etcum
968 638 1031 682 non
1047 618 1209 702 persecut

179 730 376 812 prchundum
394 729 455 792 hcc
474 730 602 813 aliquod
621 739 841 810 argumentum
855 731 1023 804 inducere,
1045 729 1209 792 nauehu·

180 861 286 904 comes
301 841 483 904 Buchiensis
503 850 534 903 et
555 841 650 904 iudex
664 841 752 904 curie
768 842 871 922 posuit
892 861 988 921 super
1001 841 1209 905 iuramentum

181 956 263 1036 Eccy
284 953 416 1016 comitis.
445 954 501 1015 eed
522 952 652 1016 consitio
664 953 845 1016 amicerum
865 953 1027 1037 utriusque
1049 953 1156 1034 partis,
1176 960 1211 1017 et

180 1065 311 1129 licencia
325 1064 435 1127 iudicis
450 1064 553 1127 taliter
563 1073 790 1138 conuenerunt,
804 1066 890 1147 quod
902 1067 982 1147 Eccy
999 1083 1106 1128 cemes
1120 1064 1212 1130 darec

182 1177 325 1240 Michueti
347 1177 457 1259 uiginti
479 1196 597 1239 marcus
619 1197 683 1241 una
705 1178 826 1250 minue,
846 1187 879 1241 et
893 1177 1026 1240 Michael
1041 1176 1212 1241 dimitteret

182 1285 358 1371 predictum
373 1294 488 1351 terrum
497 1289 581 1370 Eccy
597 1288 701 1351 comiti
718 1309 775 1371 pru
789 1289 858 1352 iure
872 1290 1054 1372 empcionir,
1067 1290 1109 1351 itu
1123 1287 1211 1372 qued

184 1399 210 1460 si
233 1399 361 1481 quando
383 1416 402 1459 r
423 1418 611 1480 quocunque
631 1401 742 1462 eedem
764 1409 848 1476 terra
870 1402 909 1462 ub
923 1403 1007 1484 Eccy
1028 1401 1143 1463 comite
1156 1395 1212 1464 uel

185 1510 319 1591 posteris
340 1509 408 1572 eius
430 1510 652 1590 requireretur,
673 1510 807 1575 Michaet
830 1510 880 1575 uel
897 1511 964 1575 eius
977 1510 1111 1574 heredes
1126 1511 1210 1592 Eecy

184 1622 329 1683 comitem
353 1619 523 1682 iuntiticure
548 1630 738 1684 tenerentur.
769 1629 800 1686 et
821 1631 856 1684 ut
878 1623 979 1685 exitus
1001 1622 1096 1684 huius
1114 1638 1211 1689 caure

183 1732 359 1795 indelebilis
384 1733 513 1805 existet,
542 1733 720 1795 nominatus
740 1735 823 1815 Eccy
845 1751 951 1796 comes
973 1751 1043 1795 cum
1058 1732 1211 1814 pristaldr
1328 1760 1337 1776 ’

183 1843 275 1906 huius
295 1863 389 1906 cause
404 1844 531 1906 nomine
546 1843 658 1924 Myeud
682 1843 747 1905 titio
762 1843 842 1906 Athe
859 1843 1045 1906 Uerudinunr
1067 1841 1211 1918 uenienr,

181 1953 334 2036 pernotuit
347 1954 509 2017 nominato
525 1953 670 2016 Michaeli
685 1954 794 2036 uiginti
810 1974 929 2019 marcus
944 1974 1007 2019 nnn
1022 1953 1134 2026 miuus,
1159 1971 1212 2019 ce·

183 2064 281 2147 pitulo
296 2072 328 2126 et
341 2063 494 2144 pristaldu
510 2073 669 2144 presente.

265 2172 352 2254 (126)
372 2175 475 2255 begz
500 2184 531 2238 et
553 2175 647 2237 lucob
671 2174 726 2239 titii
751 2177 850 2250 Buris,
880 2184 991 2239 euntes
1012 2195 1084 2238 cum
1105 2175 1213 2238 Unuca

183 2285 248 2348 {ilic
263 2286 379 2348 Furccr
401 2286 441 2348 de
460 2286 561 2348 Bekec
582 2286 733 2367 pristaldo
756 2286 887 2360 scilicet,
912 2295 945 2350 et
964 2306 1060 2349 seruo
1075 2282 1211 2349 Ludietri

185 2397 307 2460 comitis
330 2396 371 2460 de
385 2396 489 2460 Bcuch
511 2403 543 2457 et
562 2396 674 2460 iudicis
696 2399 781 2461 curie
804 2406 957 2481 ceperunt
977 2417 1105 2461 seruum
1118 2415 1213 2461 cuum

184 2508 312 2571 nornine
327 2508 441 2580 Cucus,
461 2509 546 2590 apud
560 2509 680 2571 Budum
694 2509 792 2572 fitium
803 2509 939 2573 Furcrsi.
961 2510 1122 2593 quomodo
1137 2508 1213 2573 dun

187 2619 274 2681 Budu
294 2619 414 2681 diceret
431 2617 563 2682 liberum
578 2638 665 2692 esse,
687 2619 730 2682 itti
742 2621 920 2700 prebebant
933 2622 1069 2684 eundem
1084 2607 1213 2683 seruum

188 2750 280 2793 cuum
298 2751 384 2801 esse.
414 2730 469 2793 sed
489 2729 621 2793 consilio
638 2731 810 2794 anticorum
834 2731 997 2813 utriusque
1020 2731 1116 2814 partis
1130 2728 1214 2795 etli-

114 2924 117 2929 .
189 2842 297 2906 ceucin
312 2841 424 2933 iudicie
438 2853 628 2905 memoratus
642 2844 730 2906 Budu
746 2853 950 2907 memoratum
965 2844 1067 2907 Cucus
1082 2843 1216 2907 redemit

189 2972 207 3014 n
221 2952 374 3015 seruitute
389 2953 420 3014 in
434 2953 609 3017 absolutum
631 2953 825 3027 libertatem,
846 2953 888 3016 ita
903 2954 990 3037 quod
1004 2953 1131 3036 quando
1146 2952 1215 3033 ipre

187 3063 291 3126 Cucue
306 3073 338 3126 et
351 3063 433 3126 fitius
448 3065 533 3137 eius,
555 3072 586 3126 et
601 3065 702 3127 omnis
718 3065 885 3146 generacio
901 3065 941 3126 ub
956 3063 1075 3125 eisdem
1088 3080 1216 3124 succee-

188 3194 277 3248 ruru,
298 3174 478 3258 ubicunque
493 3174 612 3237 uellent
626 3175 773 3237 manendi
789 3175 836 3236 sus
849 3175 1013 3236 habereut
1041 3173 1144 3234 Cucue
1157 3190 1216 3236 ru·

188 3293 251 3347 tem
266 3286 403 3348 reddidit
416 3286 503 3347 Bude
524 3285 706 3365 pecuniam,
728 3303 820 3365 quum
835 3283 953 3347 scilicet
968 3283 1056 3346 Budu
1073 3301 1132 3364 pru
1144 3283 1215 3365 ipre

190 3394 335 3470 dederat,
355 3395 474 3459 scilicet
486 3396 565 3457 dues
580 3413 702 3482 inurens
720 3403 752 3458 et
765 3393 933 3458 dimidium.

272 3505 359 3588 (127)
379 3507 518 3589 Pupulus
538 3505 671 3569 ecclesie
687 3506 864 3569 Bistrienrie
886 3507 926 3569 de
941 3504 1017 3571 uitte
1030 3503 1139 3588 Suptal
1156 3505 1216 3570 in·

189 3618 352 3700 pecierunt
365 3617 492 3679 numine
508 3618 577 3680 Tub
592 3618 631 3680 de
647 3615 720 3681 uilla
731 3615 834 3691 Fines,
854 3638 913 3699 pro
928 3617 1092 3691 uiolencia,
1106 3618 1216 3683 dicen-

188 3739 237 3792 tes
250 3731 354 3813 iprum
368 3739 517 3810 quattuor
531 3750 631 3810 equus
646 3739 678 3792 et
691 3750 748 3793 sex
764 3730 862 3792 boues
877 3731 917 3791 ab
932 3730 977 3793 eis
992 3730 1146 3795 uiolenter
1159 3728 1216 3794 ab·

190 3841 325 3904 rtulieee.
351 3849 498 3923 preterea
511 3842 597 3922 quod
618 3849 682 3903 tres
704 3841 791 3904 uiroc
809 3848 842 3905 et
858 3859 951 3904 unum
965 3839 1128 3905 mulierem
1143 3860 1216 3924 grn-

190 3951 272 4013 uiter
291 3951 503 4026 uulnerusret,
531 3959 564 4017 et
582 3971 679 4015 unum
701 3953 804 4015 uirum
828 3970 956 4036 quoque
975 3952 1143 4016 abductum
1162 3971 1216 4016 cc·

190 4062 276 4126 cutte
288 4062 450 4128 retineret.
479 4084 542 4147 que
556 4064 662 4129 omnir
675 4083 747 4127 curn
761 4072 954 4128 memoratus
968 4065 1037 4128 'rub
1051 4073 1215 4146 negasset,

190 4172 354 4240 hunnus
365 4195 473 4243 coner
484 4175 666 4243 Btchieneir
679 4183 713 4244 et
724 4175 822 4243 iudex
834 4176 942 4256 curie,
960 4194 1018 4261 per
1032 4172 1216 4262 prietuidun
