2798 4764
454 365 479 411 s.
493 366 634 412 morsum
655 368 745 413 neers
767 369 933 416 oncaeron
957 371 991 419 n.
1167 355 1229 423 335

199 521 362 586 ecclesiam
379 523 598 603 suspendatur,
621 532 651 585 et
666 524 766 585 omnis
781 524 898 586 familia
912 527 1072 608 depereat.
1095 538 1125 591 et
1139 530 1166 592 si
1180 531 1229 595 in-

199 634 369 716 prudeneia
389 634 455 696 eius
472 634 523 715 qni
546 644 672 714 ceperat
693 655 764 696 enm
781 638 917 698 euaserit
937 639 968 698 in
990 639 1155 703 ecclesiam
1175 640 1228 706 uel

198 747 229 807 in
249 746 366 808 curiam
385 747 469 827 regis
488 747 537 807 nel
556 749 595 807 ad
610 749 707 827 pedes
724 749 879 830 episcopi,
902 761 1009 814 eareat
1025 753 1078 833 qui
1094 774 1158 816 nou
1173 774 1227 818 ca-

198 858 243 919 uit
257 857 482 920 nendicaeione
499 858 582 919 furti.
605 859 685 921 side
702 879 794 922 manu
808 860 1002 923 fideiussoris
1020 864 1170 939 euaserit‚
1185 866 1227 929 de

199 971 337 1052 patibnlo
354 971 481 1051 quidem
501 971 666 1044 liberatum,
690 992 799 1033 uerum
816 981 918 1033 tamen
936 993 1005 1034 eum
1022 974 1135 1035 eodem
1149 974 1228 1038 fide-

199 1084 318 1143 iussore
334 1084 365 1142 in
381 1081 472 1142 aliam
487 1084 647 1165 regionem
664 1086 883 1157 nerrnmdetur‚
906 1096 937 1146 ct
957 1087 1040 1147 bona
1062 1086 1159 1166 ipsius
1176 1107 1230 1150 re·

199 1193 260 1276 gali
275 1194 351 1256 fisco
367 1197 583 1257 uendieentur.

280 1303 325 1386 [2]
347 1308 391 1368 ne
404 1312 483 1387 furto
498 1311 585 1369 serui.
631 1310 662 1370 Si
678 1330 790 1372 seruus
812 1310 861 1371 sur
877 1311 1022 1374 inuentus
1037 1312 1145 1384 luerit,
1163 1332 1228 1375 non

199 1417 298 1499 possit
314 1419 419 1498 precio
436 1419 619 1480 commutari
635 1441 729 1482 nasus
745 1421 822 1494 eius,
841 1421 901 1482 nisi
918 1423 1110 1485 cecideritin
1127 1424 1229 1487 eccle-

199 1530 276 1591 siam
297 1529 346 1590 nel
370 1529 400 1589 in
417 1531 533 1590 curiam
550 1531 631 1611 regis
651 1532 700 1593 nel
718 1533 754 1593 ad
772 1534 868 1612 pedes
884 1534 1033 1613 episcopi.
1062 1544 1093 1597 et
1107 1535 1132 1597 si
1148 1535 1229 1597 ceci·

200 1642 280 1704 derit
295 1651 401 1703 careat
416 1651 519 1704 eustos
536 1642 602 1703 eius
619 1643 841 1705 nendieacione
857 1644 941 1706 furti.
963 1646 988 1707 si
1000 1665 1076 1707 uero
1088 1647 1227 1710 secundo

197 1752 292 1814 bomo
309 1763 416 1833 captus
432 1753 545 1825 suerit,
567 1755 787 1834 suspendatur.

280 1866 327 1947 (3)
350 1867 392 1926 Dr
405 1868 546 1944 lipacione
560 1868 647 1944 suris.
691 1867 807 1948 Siquis
824 1876 927 1929 autern
949 1868 1050 1931 iurem
1075 1869 1227 1950 ligauerit,

197 1979 310 2041 habeat
327 1986 512 2059 potestatem
528 1999 600 2039 eum
615 1979 731 2060 ligandi
748 1987 778 2040 et
793 1980 927 2041 ducendi
943 1981 983 2042 ad
998 1983 1145 2055 iudicem,
1159 1983 1228 2045 siue

197 2092 276 2152 iuste
292 2091 360 2152 sine
376 2090 488 2151 iniuste
504 2090 658 2171 ligauerit.
688 2091 713 2151 si
735 2102 838 2152 autem
861 2111 931 2152 eum
953 2091 1050 2173 ligare
1066 2095 1136 2172 quis
1154 2110 1228 2174 pro-

197 2203 337 2275 hiberet,
361 2204 520 2283 persoluat
536 2202 588 2261 LV
599 2223 726 2282 pensas,
749 2211 779 2264 et
794 2203 926 2264 eandem
942 2223 1055 2264 noxam
1070 2204 1182 2267 reddat
1194 2203 1228 2266 in

197 2314 354 2395 ligamine.

280 2424 323 2504 (l)
345 2427 389 2485 De
407 2427 586 2506 porpricionc
606 2426 690 2505 [arti.
744 2425 775 2486 Si
797 2424 978 2506 quempiam
1000 2425 1137 2506 denique
1161 2431 1225 2487 tota

198 2537 272 2599 uilla
288 2537 389 2600 iurem
412 2558 482 2600 esse
504 2535 761 2617 proclamauerit‚
782 2538 933 2618 probetur
947 2537 1073 2599 indicio.
1101 2537 1185 2600 unde
1200 2537 1226 2600 si

199 2651 333 2711 mundus
354 2648 553 2730 apparuerit,
575 2651 735 2730 persoluat
756 2648 953 2711 solummodo
980 2669 1072 2710 unam
1096 2669 1227 2731 pensam

200 2763 393 2843 presbytero.
422 2761 448 2823 si
464 2771 568 2824 antem
582 2783 672 2848 reus,
695 2763 795 2823 omnis
815 2762 992 2824 substancia
1008 2765 1074 2824 eins
1089 2763 1229 2826 uindice·

201 2881 249 2935 tur
264 2874 345 2954 regi,
365 2874 450 2935 unde
467 2875 557 2935 detur
574 2873 612 2932 lV
625 2893 697 2954 pars
712 2873 848 2935 uillanis.
869 2873 895 2935 si
912 2893 987 2935 uero
1003 2873 1140 2955 aliquem
1155 2893 1228 2956 per-

200 2986 348 3046 sonaliter
371 2985 472 3047 furem
498 3007 567 3047 esse
592 2985 846 3068 proclamauerit,
869 2986 1022 3067 accipiant
1037 3006 1130 3048 unam
1151 3005 1230 3069 pen·

199 3118 274 3159 sam.
296 3096 321 3159 si
338 3108 440 3159 autem
457 3117 517 3159 nna
534 3118 603 3178 pars
616 3100 813 3161 accusauerit
827 3098 938 3170 iurem,
953 3097 1012 3160 alia
1028 3117 1105 3160 uero
1118 3097 1229 3159 desen·

201 3210 294 3281 derit,
317 3231 380 3270 non
402 3209 572 3291 recipiatur
588 3230 696 3271 eornm
713 3207 867 3271 defensio.
896 3215 927 3269 et
947 3209 1079 3288 probato
1098 3208 1166 3268 fure
1180 3206 1229 3268 iu-

202 3321 295 3394 dicio,
317 3321 343 3383 si
359 3321 519 3402 culpabilis
536 3321 629 3382 luerit
644 3322 808 3392 inuentus,
830 3340 893 3380 non
908 3319 1045 3380 habeant
1061 3326 1181 3399 partem
1194 3316 1228 3379 iu

202 3442 313 3513 quarta
328 3443 414 3515 parte
431 3431 665 3497 uindicaeionis.

283 3541 328 3624 (ὃ)
351 3546 394 3605 De
409 3545 599 3623 inquisicione
612 3546 720 3630 [artico
735 3545 788 3603 rei.
834 3542 950 3624 Siquis
973 3540 1105 3623 uestigia
1123 3539 1230 3626 sequi·

202 3665 251 3717 tur
266 3656 379 3718 furtiue
402 3656 464 3729 rei,
488 3655 636 3716 nuncium
658 3655 815 3735 premittat
835 3653 866 3714 in
883 3653 1004 3726 uillam,
1026 3653 1057 3714 in
1073 3672 1167 3734 quam
1182 3652 1229 3716 di-

200 3769 305 3850 rigunt
329 3768 471 3849 uestigia.
503 3767 588 3849 quod
614 3767 639 3827 si
665 3765 890 3829 contumaciter
915 3766 1061 3839 iecerint,
1091 3765 1229 3847 perditas

201 3901 252 3941 res
269 3878 459 3961 persoluant.
480 3879 507 3941 si
522 3890 624 3942 autem
641 3879 823 3961 priusquam
839 3878 971 3941 nuncius
987 3877 1109 3941 uenerit
1122 3875 1229 3940 uittani

203 3993 398 4054 excusserint
417 3993 531 4055 bestias
546 4013 633 4065 suas,
656 4001 721 4053 tum
737 3991 976 4073 inuestigatores
991 3994 1229 4072 perscrutentur

192 4104 339 4186 singulas
362 4104 471 4166 domos
494 4113 526 4168 ut
546 4104 622 4186 ipsis
645 4102 805 4184 placuerit
834 4102 860 4163 si
875 4102 925 4164 cui
940 4099 1069 4183 perierit
1087 4120 1156 4172 res,
1177 4104 1230 4160 eat

203 4236 273 4280 cum
294 4217 425 4282 testibus
444 4218 567 4291 idoneis
587 4214 778 4303 inuestigare
790 4236 885 4290 rem,
905 4211 961 4276 ubi
972 4210 1131 4298 putauerit
1147 4225 1229 4273 esse.
