2798 4764
535 389 718 439 meremor
744 388 787 437 cr
807 382 921 437 sumn.
1180 350 1245 436 Μ’

215 564 324 610 omncs
339 553 488 628 cognatos
503 544 605 608 meriti
621 544 686 619 sui,
708 552 740 607 et
754 563 864 607 omnes
879 542 1057 626 quicunque
1078 522 1244 607 fideiussess

214 665 284 720 rant
300 674 356 739 pro
372 656 483 718 morito
498 675 568 729 suo,
590 655 711 719 scilicet
723 653 903 718 Habrobum
918 661 950 718 et
966 652 1104 728 Ysohuc,
1126 662 1157 719 et
1169 654 1245 718 Fer:

218 767 353 841 ossium,
373 765 523 840 Paulum,
544 775 576 829 ct
590 766 786 848 Gregoriom.

296 875 381 959 (rto)
402 877 523 940 Pnsche
539 874 706 958 pristaldos
715 876 855 959 Dionysii
871 875 1000 958 pelotini
1015 851 1146 950 comitis,
1160 876 1244 960 quod

171 1056 174 1062 ,
215 1010 255 1054 ex
279 989 376 1052 literis
400 989 542 1052 eiusdem
567 988 695 1070 paletini
721 986 935 1070 percepimus,
964 986 1070 1052 statuit
1091 996 1164 1051 ante
1186 1007 1244 1051 nos

215 1098 400 1181 Gregorium
422 1098 567 1161 abbatem
584 1098 623 1162 de
638 1099 726 1160 liuru
748 1118 788 1162 ex
812 1119 874 1161 una
896 1106 1001 1181 purte,
1023 1107 1053 1161 et
1069 1096 1245 1161 Tunnarios

216 1207 338 1291 regales
354 1209 394 1271 de
413 1207 487 1270 uilla
502 1207 625 1272 Tunnnl
648 1229 686 1271 ex
702 1208 780 1283 elia,
800 1209 919 1272 scilicet
932 1210 1105 1282 Andream,
1127 1210 1245 1290 Tupur,

216 1320 350 1393 Choma,
372 1319 494 1394 Thuch,
514 1319 633 1393 llalad,
656 1327 687 1382 et
703 1321 801 1404 bogy,
822 1322 928 1384 dicens
944 1321 1031 1403 qood
1047 1321 1246 1401 prenomine·

216 1437 267 1493 tus
288 1430 386 1495 abbas
408 1431 539 1493 deberet
558 1431 662 1494 iurare
677 1453 773 1515 super
787 1431 989 1513 sepulchrum
1003 1453 1028 1494 s.
1039 1432 1122 1515 regis
1137 1431 1246 1496 Ludis-

216 1540 272 1613 lui,
294 1532 351 1623 pro
372 1550 455 1605 terro
479 1541 658 1604 monasterii
680 1543 767 1605 liuru
792 1542 917 1605 nomine
932 1543 1089 1616 Tumbcu,
1111 1562 1173 1626 que
1197 1548 1246 1606 est

216 1653 302 1715 iuxta
312 1652 456 1727 Grisium,
469 1673 582 1716 uersus
594 1653 757 1716 meridiem
768 1672 867 1736 prope
880 1653 1103 1717 monesterium
1118 1675 1144 1714 s.
1155 1654 1246 1714 loan-

217 1764 265 1826 nis
280 1763 429 1846 baptiste.
456 1782 590 1845 utrmque
612 1763 749 1846 prelatus
770 1764 866 1827 obbos
889 1772 1013 1844 potatus
1033 1762 1247 1839 emeliorare,

216 1873 332 1956 placuit
353 1874 477 1955 utrique
499 1874 597 1956 parti,
618 1874 704 1955 quod
726 1883 810 1936 terra
829 1875 891 1937 iam
906 1876 989 1937 dicta
1009 1875 1096 1956 prius
1112 1883 1247 1938 metare·
1322 1927 1326 1932 .

216 1993 276 2046 tur.
308 1984 394 2065 quod
416 1971 486 2045 cum
508 1984 623 2046 lectum
650 1991 748 2058 essct,
776 1984 939 2048 memorati
962 1983 1113 2047 Tunnurii
1137 2005 1171 2047 se
1196 2004 1247 2049 re·

218 2103 461 2178 cognoscentes,
482 2103 598 2158 terrum
614 2116 708 2177 quum
723 2097 926 2180 requirebant
940 2096 1126 2171 dimiserunt
1140 2117 1249 2160 monc-

219 2205 313 2269 sterio
328 2206 432 2279 liuto,
453 2225 511 2286 pro
526 2205 593 2269 iure
609 2223 678 2280 suo,
699 2214 730 2269 et
744 2207 865 2269 reuersi
880 2206 1043 2289 protestati
1057 2215 1128 2269 sunt
1142 2224 1247 2270 corum

220 2315 380 2378 nominato
401 2314 567 2396 pristaldo,
588 2335 621 2379 se
640 2317 702 2378 iam
717 2316 831 2380 dietam
846 2324 962 2381 terram
980 2336 1050 2380 cum
1066 2316 1247 2381 molendino

220 2435 251 2490 et
265 2435 361 2509 ponte
376 2447 452 2508 sepe
466 2426 528 2489 inm
543 2427 627 2489 dicte
643 2426 776 2490 ecclesie
791 2426 960 2492 remisisse.
1237 2434 1241 2439 '

302 2535 391 2615 (1t1)
423 2536 599 2618 stephanus
614 2537 753 2600 Clericus
777 2537 859 2600 iilius
884 2540 951 2603 llus
976 2549 1166 2623 protestatus
1191 2548 1248 2616 est,

221 2648 305 2730 quod
321 2667 392 2710 cum
407 2647 533 2729 quidum
547 2647 656 2729 Hcgya
671 2645 750 2710 ciuis
761 2648 965 2725 Culusiensis,
985 2651 1176 2732 impeeiisset
1191 2671 1248 2715 uo*

221 2759 303 2821 mine
318 2758 472 2841 Hungucb
495 2759 535 2821 de
553 2758 627 2820 uina
642 2759 737 2834 llem,
759 2781 817 2842 pro
838 2758 932 2836 irino,
953 2771 984 2826 et
999 2764 1153 2847 llenguch
1168 2766 1250 2828 iudi-

220 2870 268 2932 cio
283 2870 358 2932 terri
372 2870 481 2934 suisset
495 2870 685 2934 iustificatos.
714 2872 952 2955 prenominatus
967 2874 1077 2959 llagya
1101 2876 1260 2940 remensit'

219 2982 251 3045 in
275 2981 391 3045 indicio
416 3002 471 3045 sex
497 3002 689 3058 marcarum,
721 2995 753 3049 ct
778 3006 817 3050 eo
843 3007 905 3047 non
929 2986 1064 3050 habente
1086 2988 1170 3050 unde
1192 3008 1249 3051 sex

222 3113 340 3157 marcus
365 3094 583 3177 persolueret,
616 3095 713 3158 iudex
735 3095 828 3159 hunius
850 3115 944 3159 cause
970 3098 1096 3159 nomine
1118 3098 1249 3161 Nucden

223 3205 345 3268 curialis
366 3225 482 3280 comes,
505 3228 561 3288 per
576 3226 701 3268 monum
727 3206 866 3287 pristaldi
889 3207 937 3267 sui
959 3206 1086 3269 nomine
1101 3208 1188 3268 Luxu
1209 3205 1249 3269 de

223 3313 299 3376 uilla
318 3314 429 3389 Lomb,
450 3311 556 3398 posuit
576 3322 700 3377 comet
721 3334 850 3377 uxorem
872 3317 940 3378 eius
961 3323 992 3378 et
1011 3317 1137 3377 unicum
1151 3316 1249 3379 lilium

223 3422 365 3486 eiusdem
387 3427 514 3488 nomine
529 3424 656 3487 hbbeus
678 3445 735 3506 pro
750 3445 806 3487 sex
821 3425 933 3488 marcis
952 3425 1035 3508 apud
1049 3445 1143 3488 nuum
1157 3446 1249 3490 sirum

223 3534 348 3597 nomine
360 3534 527 3599 Unlderum
542 3536 697 3617 hospitem
713 3536 752 3598 de
765 3536 889 3599 Bichor.
911 3558 974 3620 quo
988 3546 1112 3600 mortuo
1126 3557 1252 3602 remun-

222 3644 262 3709 sil
289 3646 430 3728 prelatus
455 3647 578 3728 lloqye,
611 3646 702 3709 titulo
731 3645 901 3710 uadimonii
926 3648 1010 3729 opud
1034 3648 1100 3712 llus
1129 3658 1248 3733 petrem

223 3776 330 3831 suum,
351 3756 471 3819 scilicet
491 3756 588 3818 filium
603 3757 734 3838 predicti
748 3756 879 3831 Ualteri,
901 3767 989 3840 putre
1004 3767 1108 3823 autem
1122 3781 1179 3825 suo
1194 3762 1250 3824 de·

221 3867 338 3941 iuncto,
359 3868 443 3931 idem
457 3867 566 3952 [logya
584 3868 736 3932 remansit
756 3868 795 3932 ei.
825 3870 865 3931 eb
886 3889 924 3932 eo
939 3879 1043 3934 notem
1057 3893 1134 3955 sepe
1148 3873 1250 3936 dictus

223 3978 334 4060 Hoqya
353 3980 487 4043 redemit
505 3981 643 4063 seipsum
665 3988 697 4043 et
718 4000 849 4044 uxorem
870 4001 959 4047 suem
979 3991 1010 4048 et
1029 3983 1126 4048 tilium
1141 4003 1251 4060 suum,

222 4088 353 4154 redditis
374 4089 405 4153 ei
424 4110 481 4155 sex
502 4093 616 4160 mercis
630 4111 708 4177 quus
723 4091 763 4158 ab
778 4111 838 4157 auo
853 4114 910 4159 suo
925 4104 1140 4172 mutunuerat,
1161 4104 1194 4161 et
1206 4096 1250 4164 iu
