2798 4764
446 935 637 1020 statim
661 935 720 1022 111.
745 934 867 1020 slsis

146 1077 411 1190 nmnnrns
433 1113 621 1192 crunon
642 1113 715 1187 nn
735 1108 1172 1193 osnnrcnnannn
1271 1083 1277 1088 ’

586 1269 735 1333 MCCXC.

476 1427 500 1480 R
523 1424 625 1479 schedis
640 1425 838 1492 Wagnerianis.

230 1688 404 1763 Ledislaus,
431 1687 482 1752 dei
498 1688 602 1769 gracia
621 1708 687 1751 rex.
717 1687 824 1771 llegali
847 1689 997 1753 incumbit
1018 1688 1173 1755 maiestati

148 1823 222 1868 suus
236 1803 378 1865 subditos
397 1801 630 1868 torbacionibus
645 1810 676 1864 et
694 1802 935 1866 necessitatibus
948 1821 1118 1883 oppressos
1132 1801 1174 1866 ab

147 1915 216 1999 ipsa
236 1915 419 1978 turbacione
441 1923 474 1978 et
494 1914 681 1977 necessitate
701 1914 945 1978 misericorditer
959 1915 1122 1989 releuare,
1142 1922 1175 1979 et

145 2027 277 2095 eosdem
296 2027 329 2088 in
351 2026 471 2089 iuribus
485 2044 595 2088 eurum
614 2024 804 2088 indemniter
817 2045 1022 2099 conseruare.
1051 2026 1173 2090 Deinde

149 2140 189 2204 ad
204 2139 423 2201 uniuersorum
443 2137 590 2200 noticiam
604 2145 714 2200 tenore
728 2138 928 2218 presencium
941 2138 1087 2202 uolumus
1101 2157 1175 2220 per·

146 2251 271 2325 uenire,
293 2250 378 2333 quod
401 2250 513 2323 iudex,
533 2248 626 2335 iurati
646 2258 678 2313 et
697 2249 839 2314 uniuersi
860 2250 947 2314 ciues
966 2251 1007 2313 ds
1027 2249 1175 2333 (lylniclr-

147 2361 241 2424 banis
259 2360 371 2423 fideles
394 2360 509 2434 nostri,
529 2360 569 2423 ad
590 2368 728 2424 nestram
751 2362 939 2426 accedentes
960 2361 1175 2445 presenciam,

148 2494 166 2536 a
181 2474 273 2536 nobis
285 2471 444 2535 humiliter
459 2470 665 2554 supplicando
681 2472 895 2554 postularunt,
923 2483 958 2537 ut
972 2480 1029 2537 nos
1044 2474 1175 2539 eosdem

148 2587 180 2647 in
195 2583 391 2648 libertatibus
406 2603 529 2658 eorum,
549 2582 626 2665 ipsis
639 2604 698 2666 per
711 2583 818 2647 Belum
837 2604 931 2648 auum
946 2595 1086 2649 nostrum
1100 2585 1176 2648 cha·

148 2694 321 2769 tissimum,
343 2702 375 2758 et
390 2714 445 2777 per
459 2693 652 2777 Stephanum
674 2702 812 2777 patrem,
839 2717 932 2780 reges
946 2697 1112 2763 illustrium
1126 2717 1176 2760 re·

149 2808 372 2871 cordacicnurn
392 2806 600 2870 mediantibus
619 2807 790 2890 priuilegiis
805 2810 988 2873 eorumdem
1008 2829 1070 2891 que
1083 2808 1176 2872 nobis

150 2920 268 3004 pluries
281 2940 340 3002 per
354 2919 483 2982 eosdem
499 2919 638 2985 exhibita
653 2920 854 2995 exstiterunt,
869 2922 948 2986 datis
962 2931 994 2987 et
1008 2921 1177 2994 concessis,

149 3031 241 3096 simul
263 3052 334 3094 cum
356 3030 617 3114 possessionibus,
638 3033 741 3105 terris,
763 3031 832 3095 auri
847 3032 972 3105 fodinis,
994 3033 1114 3114 arpenti
1128 3032 1177 3095 io·

151 3144 241 3218 dinis,
262 3143 337 3207 ferri
359 3142 485 3217 fodinis,
506 3142 596 3223 aquis
610 3150 642 3205 et
661 3143 768 3224 syluis,
789 3163 860 3205 cum
875 3142 1021 3206 omnibus
1039 3141 1177 3206 utilitati-

151 3256 210 3317 bus
225 3255 423 3329 earumdem,
444 3254 485 3316 de
499 3253 690 3334 benignitate
712 3252 800 3334 regia
820 3251 919 3325 tueri,
941 3261 973 3314 et
986 3271 1176 3317 conseruare

152 3366 362 3447 dignaremur.
388 3385 444 3428 nos
465 3365 587 3446 itaque,
616 3364 666 3425 cui
689 3384 728 3426 ex
750 3363 855 3426 officio
870 3364 967 3427 debili
988 3372 1020 3427 et
1040 3365 1179 3446 suscepti

152 3477 312 3560 regiminis
332 3478 448 3550 nostri,
468 3475 611 3539 subditos
632 3484 756 3537 nostros
778 3495 966 3557 oppressos,
987 3473 1178 3539 turbacioni-

151 3592 209 3653 bus
232 3597 264 3653 et
283 3589 403 3652 iuribus
425 3608 551 3662 eorum,
578 3609 635 3671 pro
657 3586 806 3651 fidelitate
828 3589 919 3652 nobis
942 3588 1045 3652 debita
1065 3596 1097 3652 et
1119 3588 1178 3652 im-

151 3722 265 3784 pensa,
296 3703 434 3785 priuatos
456 3701 599 3764 releuare
625 3710 769 3764 tenemur
789 3701 850 3783 ipsi
877 3700 988 3775 iudici,
1016 3702 1125 3765 iuratis
1147 3711 1180 3768 st

152 3815 309 3878 uniuersis
324 3814 445 3878 ciuibus
461 3814 500 3877 de
516 3812 757 3895 Geluiczbanya,
771 3811 856 3875 iilam
872 3820 903 3874 et
917 3814 1049 3878 eandem
1063 3813 1097 3876 in
1111 3833 1180 3875 om·

152 3924 243 3986 nibus
263 3924 459 4001 libertatem,
480 3945 543 4008 qua
558 3924 753 4006 temporibus
768 3926 798 3988 d.
812 3926 904 4001 Belo,
925 3925 977 3989 aui
991 3927 1089 3990 nostri
1104 3925 1180 3989 cba-

79 4017 81 4022 ’
152 4035 285 4110 rissimi,
316 4046 347 4102 et
366 4040 566 4121 postmodum
588 4037 689 4100 eciam
710 4039 807 4120 patris
835 4040 943 4103 nostri.
978 4059 1087 4122 regum
1108 4037 1180 4100 illu-

154 4147 265 4215 strium
287 4150 562 4229 recordacionum,
583 4151 631 4216 usi
651 4160 724 4218 sunt
744 4158 776 4218 et
793 4151 911 4243 ganisi.
932 4153 972 4217 de
985 4152 1179 4238 benignitate
