2798 4764
213 319 276 394 212
316 307 319 312 ’
550 337 624 388 urs
644 340 670 388 s.
685 339 820 389 nsmm
841 319 900 406 (st.

218 493 270 558 dei
284 500 314 556 te
329 492 460 558 adduxit
473 492 545 559 bne.
565 492 620 558 nbi
634 493 719 558 euim
732 494 881 559 noluntas
896 492 962 569 dei,
979 492 1024 558 ibi
1038 493 1145 559 omnia
1158 493 1252 559 bona.

218 624 292 671 nam
305 605 393 670 libris
407 606 493 670 beati
504 606 663 682 leronimi,
679 606 732 690 qni
743 607 935 671 lerosolimis
949 615 1024 671 suut
1036 607 1154 690 scripti,
1168 615 1252 672 totus

219 718 355 782 muudus
377 716 534 800 particeps
553 718 681 780 effectus
696 725 761 792 est,
781 725 814 781 tu
831 738 908 783 nero
922 719 1043 793 scribe,
1065 718 1160 793 does,
1181 739 1255 801 pre·

220 831 306 905 dien,
334 836 483 894 conuerte
504 827 537 892 in
559 829 711 911 Ungaria,
736 829 838 893 donee
860 839 986 913 tempus
1010 839 1060 895 est
1076 828 1253 895 laborandi.

218 943 346 1007 Maurus
374 949 479 1004 nutem
502 942 668 1024 episeopus
690 942 851 1006 dominum
874 941 1111 1005 Gerbarduma
1131 943 1183 1007 die
1204 936 1262 1006 in·'

186 1115 189 1119 .
218 1054 384 1121 aeneionis
398 1061 504 1118 sancte
516 1054 617 1117 erucis
631 1074 731 1136 usqne
746 1055 786 1117 nd
797 1054 882 1119 diem
896 1054 1111 1136 apostolorum
1121 1055 1207 1118 Petri
1222 1066 1254 1120 et

219 1164 309 1231 Pauli
331 1165 415 1248 apud
434 1185 469 1230 se
488 1165 631 1240 retinnit,
657 1165 690 1227 in
712 1185 775 1249 qun
798 1163 879 1229 sesto
903 1165 1049 1229 dominns
1070 1164 1253 1231 Gerbardns

220 1278 296 1356 iecit
308 1298 488 1343 sermonem
502 1278 542 1343 ad
556 1278 707 1361 populum
722 1297 819 1361 super
828 1277 946 1340 uerbo:
960 1277 992 1341 bi
1004 1285 1078 1341 snut
1087 1277 1148 1341 uiri
1158 1278 1254 1342 mise·

220 1389 368 1465 ricerdis,
380 1390 540 1473 abbasque
547 1389 762 1455 Waradiensis
777 1398 908 1454 uocatus
919 1409 975 1470 per
983 1388 1166 1472 episcopum
1178 1388 1252 1454 buic

221 1484 381 1567 iestiuitati
401 1502 566 1575 intererat,
587 1521 651 1583 qna
671 1508 798 1583 peraeta
820 1501 968 1564 assumsit
988 1519 1096 1563 secum
1115 1500 1253 1564 Gerbar-

221 1613 308 1688 dnm,
321 1613 483 1695 tenuitque
498 1632 570 1676 eum
586 1632 686 1694 nsque
702 1611 870 1676 adtentum
886 1632 912 1675 s.
922 1611 1082 1676 Benedicti
1096 1612 1129 1675 in
1140 1612 1253 1675 Wara-

222 1723 308 1797 diuo,
321 1723 354 1785 in
369 1742 432 1805 quo
447 1723 520 1787 fecit
533 1742 714 1787 sermonem
729 1724 770 1787 ad
784 1722 935 1806 pupulum
950 1743 1046 1806 super
1060 1725 1159 1788 uerbo
1174 1744 1183 1785 t
1204 1724 1253 1787 iu·

221 1842 288 1901 stus
302 1835 491 1917 germinabit
503 1836 584 1899 sieut
598 1835 712 1911 litium,
737 1835 787 1898 cui
799 1836 927 1899 Maurus
940 1835 1081 1900 similiter
1092 1810 1253 1901 intererat.

221 1947 373 2031 cognouit
393 1956 499 2011 antem
517 1947 685 2030 episeopus
703 1946 900 2010 Gerbardum
922 1967 994 2011 esse
1014 1949 1127 2012 ducem
1149 1949 1253 2022 uerbi,

222 2067 255 2124 et
274 2060 416 2134 dicebat,
440 2059 515 2143 quia
532 2079 552 2124 a
571 2059 622 2124 die
643 2058 677 2122 in
699 2079 762 2143 qua
784 2059 868 2142 cepit
888 2060 1021 2122 uerbum
1043 2060 1094 2124 dei
1109 2059 1254 2127 dissemi-

220 2169 291 2235 nari
309 2170 342 2233 in
356 2170 506 2253 Unguis,
524 2170 594 2234 talis
618 2169 751 2234 eierieus
771 2190 837 2233 non
857 2168 969 2235 suisset
986 2170 1074 2235 uisus
1092 2172 1124 2237 in
1138 2171 1253 2236 eadem

220 2283 393 2368 prouincia.
413 2281 483 2366 ipse
497 2291 602 2348 tamen
617 2303 744 2366 semper
757 2282 941 2349 intendebat
952 2281 1188 2367 lerosolymam.

304 2504 349 2589 (8)
371 2508 501 2571 Factum
524 2513 571 2570 est
592 2514 697 2571 autem
712 2526 784 2572 eum
799 2507 908 2571 beatus
922 2524 979 2568 rex
993 2503 1171 2587 Stephanus
1194 2525 1252 2587 pro

222 2618 411 2682 celebrando
435 2617 515 2680 festo
537 2618 628 2681 beate
653 2618 784 2700 uirginis
809 2616 936 2680 annuali
958 2616 1069 2679 Albam
1094 2615 1251 2690 uenisset,

221 2734 296 2791 tunc
311 2745 379 2790 mos
393 2736 462 2791 erat
476 2745 655 2790 conuocare
669 2728 798 2792 abbates
812 2736 845 2792 et
858 2728 1034 2810 episcopos,
1050 2735 1084 2790 ut
1096 2745 1186 2790 sacre
1201 2745 1252 2788 so-

221 2838 395 2922 inmunitati
409 2839 503 2903 simui
516 2838 716 2902 interessent.
737 2848 931 2923 quapropter
944 2841 1072 2902 Maurus
1085 2838 1253 2921 episcopus

187 3012 191 3018 .
223 2957 255 3015 et
267 2951 449 3014 Anastasius
470 2951 584 3025 abbas,
612 2950 740 3016 domino
761 2949 927 3014 Gerbardo
951 2970 1060 3014 seeum
1082 2957 1253 3032 assumpto,
1327 3022 1343 3045 ο

222 3065 264 3129 nd
284 3065 387 3147 ipsum
401 3065 484 3129 diem
498 3064 613 3129 festum
627 3065 668 3128 ad
687 3083 795 3147 regem
808 3063 920 3129 Albam
941 3072 1109 3131 uenerunt.
1132 3072 1255 3147 captata

222 3186 328 3243 autem
350 3185 529 3260 opportuna
548 3175 630 3242 bora
647 3176 795 3241 salutauit
811 3196 938 3260 regem,
967 3196 1102 3262 eumque
1122 3175 1253 3239 uidisset

221 3311 280 3357 rex
294 3290 502 3366 Gerbardum,
519 3289 563 3355 nit
576 3287 657 3355 clam
671 3291 712 3354 nd
726 3289 919 3373 episcopum,
940 3291 1024 3355 unde
1039 3287 1126 3353 uenit
1137 3288 1197 3350 iste
1212 3287 1253 3350 ad

221 3424 296 3480 nus,
325 3413 458 3489 apparet
470 3403 555 3467 enim
569 3403 645 3466 mibi
660 3402 754 3466 bomo
769 3423 840 3467 esse
855 3403 1029 3467 timoratus.
1057 3400 1109 3465 eui
1130 3401 1253 3482 episeo-

220 3534 282 3597 pus
301 3517 466 3600 respondit
486 3515 611 3580 dicens:
634 3515 673 3579 de
694 3515 820 3580 ciuitate
835 3514 1022 3580 Ueneniensi
1035 3512 1252 3578 ierosolimam

222 3625 377 3688 accelerat
397 3644 581 3708 properare.
610 3626 757 3709 egregius
777 3626 863 3690 enim
884 3633 933 3690 est
953 3623 1097 3687 ctericus.
1121 3622 1174 3684 eui
1196 3640 1253 3683 rex

222 3733 281 3796 rit:
304 3735 456 3817 numquid
479 3736 506 3799 si
532 3736 583 3800 bie
605 3738 768 3803 nobiseum
793 3734 1016 3818 permanserit,
1042 3732 1093 3796 dei
1119 3730 1252 3794 ctericus

221 3844 296 3919 erit,
318 3852 351 3909 et
370 3864 429 3910 uns
453 3846 538 3908 serui
563 3847 615 3912 dei
636 3867 755 3915 snmus·
783 3845 944 3930 quomodo
967 3849 1074 3925 potest
1090 3841 1154 3906 bac
1168 3851 1254 3907 terra

220 3955 364 4020 inuenire
388 3957 430 4020 ad
453 3955 658 4023 seruiendum
682 3960 744 4024 den
766 3956 941 4023 meliorem.
968 3972 1040 4020 -nou
1065 3955 1253 4037 permittatis

221 4086 295 4138 enm
307 4066 412 4142 abire,
433 4074 578 4150 expectet
597 4068 701 4134 nanno
723 4069 899 4144 monacum,
920 4067 1023 4134 donee
1044 4067 1174 4134 iuuante
1196 4068 1257 4133 do·

220 4178 632 4259 monstruosorum
650 4179 811 4255 tuntum
830 4198 955 4267 mun,
975 4189 1008 4259 et
1019 4180 1102 4257 dabo
1116 4179 1163 4256 tttt
1175 4180 1253 4257 nu·
