2798 4764
227 324 290 396 b'tl
380 340 641 395 somrrrurroms
662 342 799 393 srronus
819 343 975 393 emarus.
1016 320 1108 391 tm.

229 512 306 569 tum.
338 502 391 586 qni
413 522 492 566 uero
512 523 552 566 ex
572 519 669 565 causa
690 501 731 565 ad
750 500 905 585 synodum
926 501 973 564 ire
992 499 1046 563 uel
1068 499 1177 562 uenire
1193 516 1257 561 non

227 624 375 699 possunt,
396 635 467 678 enm
489 614 718 680 archidiaconis
737 623 770 678 et
788 614 1011 677 archidiacono
1031 612 1081 675 sui
1100 609 1258 675 diecesani

226 728 374 791 studeant
387 727 547 790 nunciare.
569 727 654 809 qnod
675 725 702 790 si
723 727 892 800 ueniendo,
914 736 945 789 et
967 725 1188 788 denunciando
1208 743 1258 786 ru·

228 838 418 902 cinnabilem
440 858 567 901 causam
588 838 793 922 negligentes,
814 858 870 902 sen
885 845 1117 919 contemptores
1131 837 1260 900 exstite-

228 950 293 1013 rint
305 950 346 1011 nd
361 949 601 1013 diecesanomm
615 970 744 1013 suorum
758 949 920 1012 arbitrium
935 948 1113 1030 puniantur.

165 1126 172 1137 ,
312 1058 378 1142 (bo)
399 1063 547 1125 Preterea
557 1062 733 1134 statuimus,
749 1061 834 1143 quod
848 1057 1093 1140 archiepiscopi,
1107 1057 1259 1139 episcopi,

230 1172 369 1246 abbates,
390 1180 421 1236 et
441 1173 576 1252 quilibet
596 1171 666 1248 alii,
686 1172 741 1254 gui
761 1190 800 1235 ex
822 1169 987 1252 priuilegio
1000 1169 1099 1233 mitris
1119 1174 1259 1241 mantus,

230 1284 345 1348 mitrati
367 1304 437 1347 cum
459 1284 706 1367 superpelliceis,
726 1280 824 1357 stolis,
844 1282 963 1363 cappis,
982 1300 1040 1344 seu
1058 1279 1259 1362 pluuialibus,

230 1397 381 1479 prepositi
397 1416 484 1471 uero,
500 1397 631 1478 priores,
645 1404 676 1459 ct
690 1395 743 1457 alii
756 1395 923 1458 interiores
937 1391 1049 1474 prelati
1063 1412 1134 1456 cum
1148 1411 1259 1473 snper-

184 1550 194 1561 .
231 1506 360 1591 pelliciis
376 1516 409 1571 et
421 1507 520 1581 stolis,
541 1507 569 1570 si
583 1506 706 1570 diacum
720 1506 831 1570 saltem
842 1507 922 1580 sine,
939 1512 971 1568 et
983 1504 1009 1568 si
1024 1504 1124 1567 uelint
1135 1502 1259 1585 pluuia·

229 1616 311 1682 libus
324 1638 382 1681 seu
392 1619 509 1699 cappis.
529 1627 669 1680 rectores
684 1636 761 1680 uero
776 1625 808 1680 et
820 1615 977 1697 simplices
990 1614 1171 1679 sacerdotes
1184 1632 1257 1675 cnm

230 1730 332 1802 cottis,
353 1748 410 1792 seu
430 1707 659 1809 superpelliciis
679 1736 711 1791 et
733 1728 822 1791 stolis
841 1737 972 1791 tantum.
1002 1725 1159 1790 interioris
1180 1744 1257 1788 uero

231 1848 329 1905 status
344 1840 395 1902 uel
411 1839 527 1902 ordinis
544 1837 649 1902 clerici
667 1858 738 1902 cum
752 1839 843 1903 cottis
856 1839 1013 1921 synodum
1026 1839 1160 1912 intrent,
1180 1839 1258 1900 etin

232 1970 271 2017 ea
285 1952 417 2024 denote,
439 1958 470 2013 et
492 1970 564 2013 eum
585 1949 771 2014 reuerencia
793 1969 895 2032 usque
909 1950 950 2013 ad
962 1949 1075 2024 tinem,
1095 1950 1155 2013 nisi
1168 1969 1259 2013 casus

230 2061 427 2127 necessitatis
449 2062 627 2136 emerserit,
647 2068 865 2144 perseuerant.
889 2060 1027 2143 religiosi
1041 2079 1169 2142 quoque
1190 2061 1260 2122 nul·

230 2174 292 2239 lam
309 2175 497 2256 prelaturam
508 2173 560 2236 uel
576 2173 881 2238 administracionem
895 2172 1048 2235 babentes
1061 2180 1258 2254 perpetuam,

232 2286 440 2371 permittimus
454 2284 486 2347 in
501 2285 608 2348 babitu
623 2304 765 2347 succum
779 2282 867 2347 stolis
881 2283 914 2346 in
926 2284 1050 2367 synodo
1060 2303 1154 2366 posse
1163 2291 1259 2357 stare,

230 2399 358 2462 eciamsi
373 2397 677 2460 administracionem
692 2397 839 2460 habeant

315 2506 382 2588 (21)
406 2508 576 2572 Statuimus
593 2510 694 2571 eciam
709 2510 794 2591 quod
810 2528 919 2571 omnes
934 2509 1077 2580 abbutes,
1098 2508 1259 2590 prepositi,

228 2622 362 2704 priores,
383 2620 508 2701 plebani
523 2630 554 2682 et
568 2621 619 2682 alii
635 2620 840 2684 ecclesiarum
855 2622 983 2703 prelati,
1005 2628 1036 2683 et
1051 2629 1188 2683 rectores
1203 2638 1258 2681 ou·

230 2752 296 2795 mm
311 2731 484 2793 animarum
498 2732 686 2794 babencium
701 2733 837 2814 promoti
853 2735 891 2795 ud
903 2733 1080 2814 dignitates,
1094 2752 1149 2793 seu
1165 2750 1257 2792 curas

230 2843 398 2925 predictas,
420 2851 491 2904 ante
507 2843 672 2905 concilium
688 2844 897 2925 lugdunense
916 2845 1040 2906 nouiter
1055 2844 1257 2915 celebratum,

231 2957 257 3018 si
273 2953 446 3037 presbyteri
459 2973 521 3014 non
536 2954 613 3027 sint,
627 2954 659 3016 in
675 2955 823 3035 proximis
838 2955 950 3018 tuturis
964 2965 1099 3038 quatuor
1108 2954 1257 3034 tempori-

231 3066 290 3130 bus
310 3065 490 3128 suceessiue
511 3085 546 3127 se
568 3065 683 3127 iaciant
704 3067 858 3148 usquead
879 3067 1094 3128 sacerdocium
1108 3064 1259 3136 ordinari,

231 3188 285 3242 aut
310 3177 437 3240 omniuo
461 3178 615 3241 dimittant
640 3178 818 3240 huiusmodi
843 3179 1027 3260 dignitates,
1047 3185 1080 3240 et
1104 3196 1204 3248 curas,
1224 3185 1257 3238 et

229 3310 288 3374 per
309 3309 383 3353 suos
404 3289 588 3351 diocesanos
609 3296 663 3350 aut
680 3290 861 3370 superiores
880 3291 1003 3351 sublato
1017 3288 1182 3351 cuiuslibet
1200 3307 1257 3368 ap·

228 3401 411 3486 pellacionis
432 3401 594 3464 obstaculo
616 3410 823 3465 amoueantur
847 3421 867 3463 e
887 3401 1099 3483 dignitatibus,
1123 3409 1155 3462 et
1174 3398 1256 3461 curis

230 3513 390 3596 predictis,
411 3513 469 3574 nisi
492 3513 524 3574 in
543 3513 723 3575 sacerdotes
737 3512 853 3575 luerint
874 3511 1019 3575 ordinati.
1040 3509 1186 3574 institutis
1201 3529 1256 3571 au-

229 3634 303 3697 tem,
317 3626 385 3686 siue
399 3624 596 3686 instituendis
611 3632 683 3705 post
696 3622 863 3686 concilium
879 3624 1088 3707 Lugduneuse
1101 3622 1254 3704 prelatum

229 3754 287 3814 per
302 3734 497 3805 diocesanos,
517 3743 549 3794 et
562 3732 640 3795 alios
654 3736 834 3814 superiores
848 3754 957 3797 eorum
972 3735 1179 3798 denuncietur
1192 3733 1256 3796 sin·

228 3843 378 3926 gulariter
393 3843 522 3923 singulis
538 3852 570 3906 et
584 3845 804 3908 uniuersaliter
817 3844 983 3919 uniuersis,
1004 3847 1089 3928 quod
1104 3846 1162 3907 nisi
1176 3845 1256 3906 inira

228 3974 344 4019 annum
371 3973 389 4015 a
414 3954 464 4016 die
488 3976 545 4017 suc
569 3958 805 4021 constitucionis
826 3957 860 4018 in
881 3957 1093 4039 dignitatibus,
1114 3957 1257 4020 etbene·

227 4065 307 4129 liciis
329 4084 434 4127 curam
454 4065 628 4128 animarum
649 4068 837 4131 habentibus
860 4067 893 4129 in
914 4068 1118 4150 presbyteros
1140 4066 1256 4130 suerint

229 4178 364 4259 ordinati
385 4178 453 4261 ipso
474 4176 543 4240 iure
558 4177 736 4242 huiusmodi
750 4177 912 4243 beneticiis
931 4179 994 4242 sint
1005 4179 1133 4262 priuati,
1155 4187 1187 4242 et
1200 4178 1257 4241 be·
