2798 4764
228 336 292 404 5⁰2
311 344 646 401 murmurem
659 351 894 399 rremrrrscorr
905 327 1259 397 mmmmm.

230 509 279 574 sis
293 510 333 572 eb
348 506 475 572 Olochir
492 516 524 570 et
536 505 667 580 siculis,
687 505 772 569 idem
787 503 1043 586 archiepiscopus
1056 500 1188 583 accipiet
1202 501 1261 564 de·

230 621 343 684 cimam
358 627 490 701 partem.

312 731 370 804 (ὅ)
391 729 468 792 item
483 729 570 811 quod
587 726 710 791 nobiles
728 727 818 811 regni
840 728 938 790 nostri
957 726 1016 809 ipsi
1035 725 1167 788 ecclesie
1181 725 1261 789 Stri-

231 840 373 924 goniensi
391 838 609 922 possessiones
623 858 696 903 suns
710 838 853 901 uiuentes
875 839 927 902 uel
941 838 1112 900 morientes
1125 837 1194 900 sine
1209 856 1261 900 re·

231 952 407 1035 quisicione
427 951 514 1034 regie
534 951 704 1014 maiestatis
725 949 866 1014 ulteriori
881 950 988 1034 legare
1006 959 1038 1013 et
1051 951 1171 1013 donoro
1185 967 1261 1031 pos·

231 1062 307 1136 sint,
328 1063 396 1126 sine
410 1062 583 1145 preiudicio
596 1070 700 1124 tomen
713 1061 930 1144 proximorum
943 1081 1071 1124 suorum
1085 1060 1263 1143 possessio-

231 1190 325 1248 num,
345 1182 378 1238 et
391 1194 426 1238 se
440 1174 596 1237 subiicere
610 1174 652 1236 rd
665 1173 868 1237 seruiendum
887 1192 976 1236 more
997 1173 1150 1236 nobilium
1168 1191 1263 1235 erer-

233 1286 418 1350 citurncium
434 1286 581 1361 aliorum,
603 1284 692 1348 soluo
707 1285 793 1368 quod
807 1285 969 1348 uduorniei
992 1304 1029 1347 ac
1044 1285 1139 1348 ceteri
1158 1284 1260 1348 serui-

231 1398 270 1462 tt·
283 1396 478 1461 condicionis
492 1397 636 1460 homines
649 1392 737 1479 regie
746 1405 779 1460 et
789 1397 919 1478 reginali
931 1398 1084 1460 maiestati
1094 1397 1263 1459 subincen-

232 1517 295 1584 tes,
323 1509 409 1573 etad
423 1516 508 1572 corte
523 1509 655 1572 seruicia
670 1509 825 1590 deputati,
852 1508 911 1572 hec
925 1509 1031 1572 iacere
1046 1529 1109 1572 non
1126 1509 1261 1590 possint,

232 1621 293 1685 nisi
312 1642 466 1704 supereo
489 1641 547 1704 per
568 1641 768 1686 successores
787 1641 879 1703 reges
899 1622 1066 1704 requisicio
1087 1630 1118 1684 et
1133 1620 1262 1702 priuile-

234 1733 325 1817 giniis
338 1733 502 1795 concessio
516 1733 663 1815 specialis
677 1733 717 1797 de
730 1753 815 1796 nouo
828 1733 1010 1797 haberetur.

317 1846 375 1919 (o)
396 1844 474 1907 Item
488 1845 574 1926 quod
597 1853 757 1928 utcunque
776 1846 810 1908 in
827 1845 1079 1928 possessionibus
1099 1847 1196 1927 ipsius
1211 1864 1263 1908 ec·

233 1957 328 2020 ciesie
343 1955 564 2038 strigoniensis
587 1966 619 2020 et
640 1955 720 2018 inira
741 1955 798 2018 hes
820 1965 919 2020 metas
939 1955 1099 2019 metullum
1121 1956 1189 2019 euri
1209 1955 1263 2019 uei

233 2069 375 2152 urgenti,
403 2067 455 2130 uei
477 2068 690 2150 quodcunque
713 2067 798 2132 atiud
823 2069 1018 2143 inueniatur,
1045 2069 1104 2151 ipsi
1129 2069 1262 2132 ecclesis

234 2180 406 2244 dinoscitur
418 2179 577 2261 pertinere
590 2178 623 2240 in
639 2187 703 2243 tots
718 2179 834 2242 urbura
847 2180 1059 2261 percipienda.

318 2291 379 2367 (7)
402 2291 480 2352 item
498 2310 594 2372 super
609 2291 824 2372 possessiones
839 2290 980 2353 eiusdem
994 2290 1128 2354 ecclesie
1142 2290 1263 2355 nultum

234 2421 380 2476 censum,
400 2401 518 2464 nullum
540 2399 701 2465 cotiectrm
722 2401 799 2465 fiseo
819 2402 1038 2486 applicandum
1057 2405 1178 2486 possint
1196 2405 1264 2467 exi·

236 2533 310 2598 gere
326 2513 378 2578 uel
393 2515 515 2587 dicore,
536 2521 570 2576 ut
585 2513 683 2576 eciem
699 2514 821 2576 lucrum
836 2533 975 2589 comere,
996 2517 1081 2597 qnod
1095 2537 1192 2598 super
1205 2536 1264 2599 po-

234 2625 326 2706 pulos
341 2625 481 2687 omnium
500 2622 732 2706 regnicolarum
746 2625 936 2709 quaudoque
956 2626 1062 2688 dicare
1084 2636 1117 2689 et
1135 2627 1263 2709 exigere

237 2744 481 2798 consonuerunt.

320 2849 372 2922 (8)
394 2850 527 2929 Insuper
548 2848 694 2911 uolumus
719 2858 753 2913 ut
776 2849 880 2912 nulius
904 2850 1056 2933 petetinus
1080 2851 1132 2913 uei
1156 2870 1263 2914 eomes

235 2958 424 3042 parochialis
446 2959 580 3042 populos
601 2961 743 3024 eiusdem
772 2962 812 3024 nd
830 2962 1114 3045 congregacionem
1134 2982 1263 3046 quoquo

235 3070 330 3132 modo
345 3069 533 3135 celebratam
548 3090 727 3135 conuocare
743 3072 856 3148 inolent,
877 3073 937 3136 nisi
951 3074 1046 3136 iudex
1061 3075 1191 3138 ecclesie
1205 3095 1262 3138 eos

234 3178 361 3244 iudicet.

319 3295 377 3369 (9)
400 3294 477 3356 item
493 3295 518 3358 si
535 3295 657 3358 nobiles
672 3294 805 3360 ecclesie
819 3297 1040 3379 strigoniensis
1061 3299 1093 3360 in
1112 3299 1195 3361 furto
1210 3299 1263 3361 uel

235 3405 353 3487 spolio,
376 3424 451 3468 casu
472 3407 673 3489 contingente
696 3428 753 3489 per
772 3408 940 3490 pristinum
962 3408 1051 3491 regni
1072 3411 1123 3472 uei
1144 3411 1263 3474 iudices

236 3518 323 3578 curie
344 3526 450 3579 nostre
467 3517 517 3580 uel
537 3539 756 3583 successorum
774 3530 970 3596 nostrorum,
991 3522 1102 3585 ordine
1117 3524 1192 3586 iuris
1207 3524 1264 3585 ob·

235 3636 362 3691 seruato
382 3627 618 3704 interficiuntur,
648 3633 864 3713 possessiones
893 3635 998 3698 taliter
1026 3636 1263 3698 interfectorum

235 3757 299 3800 non
311 3738 351 3800 nd
365 3737 535 3819 palatinum
551 3743 640 3823 regni
655 3745 706 3806 uei
720 3745 857 3808 iudicem
872 3746 959 3808 curie
971 3748 1191 3821 desoluemus,
1205 3748 1263 3810 sed

236 3848 276 3910 nd
291 3848 456 3910 ecetesiam
472 3850 729 3933 strigoniensem.
759 3863 791 3918 et
811 3856 837 3919 si
856 3856 1012 3939 palatinus
1033 3859 1085 3920 nei
1099 3860 1193 3922 iudex
1210 3877 1264 3922 ec·

235 3957 331 4021 cleris
342 3958 564 4041 strigoniensis
578 3966 663 4048 opud
675 3966 844 4049 palatinum
860 3968 948 4050 regni
962 3968 1014 4031 nei
1028 3969 1166 4034 iudicem
1177 3973 1264 4036 curie

153 4157 156 4169 „
235 4077 342 4133 nostre
365 4067 416 4132 nel
437 4072 514 4137 niior
532 4075 719 4142 iusticierios
737 4080 826 4167 regni
847 4080 976 4145 eosdem
992 4091 1100 4166 coptos
1115 4103 1186 4148 esso
1203 4082 1264 4148 sci-
