2798 4764
184 389 271 432 nnus
290 390 330 432 rr.
352 387 442 431 neers
466 388 613 431 Liburnus
634 389 781 431 sobrerru
803 389 842 431 uu
864 388 985 433 scarus.
1019 372 1108 434 libb.
1150 373 1208 435 tut

185 542 386 603 deeimarum.
415 563 509 621 super
525 542 627 602 rausis
649 550 750 602 autem
774 541 896 603 minutis
918 542 999 602 inter
1012 563 1045 604 se
1065 544 1141 605 ortis
1155 543 1210 606 de·

183 653 341 725 finiendis,
371 653 494 733 ipsimet
513 654 632 732 possint
655 651 789 713 iudicem
812 652 945 732 eligere,
967 673 1060 733 quem
1082 654 1210 726 uellent,

183 774 214 826 et
239 764 265 827 si
292 785 387 845 super
413 765 516 843 aliquo
541 764 696 823 intereos
723 761 860 824 duellum
887 764 1045 845 contingat
1071 764 1210 838 iudicari,

183 876 307 936 nonnisi
322 876 352 936 in
369 875 534 956 presencia
551 882 657 935 nostra
672 875 784 936 debeat
799 876 968 938 terminari.

265 990 320 1060 (5)
342 989 417 1048 ltem
444 1006 548 1048 eomes
572 988 611 1049 de
631 987 749 1067 Scepus
771 987 889 1047 nullum
908 988 1094 1050 descensum
1114 1008 1211 1071 super

183 1121 236 1162 eos
253 1099 352 1180 possit
367 1099 470 1160 facere
491 1097 673 1160 uiolentum.

265 1212 321 1284 (6)
343 1211 420 1271 ltem
436 1210 462 1271 si
478 1210 546 1292 quis
562 1211 601 1271 de
617 1209 692 1290 ipsis
707 1209 774 1271 sine
794 1211 911 1273 herede
931 1212 1119 1285 decesserit,
1140 1210 1211 1272 uni·

184 1343 273 1384 uersa
289 1323 388 1393 bona,
411 1330 472 1383 tarn
497 1321 624 1383 mobilia
640 1341 733 1402 quam
756 1321 926 1383 immobilia
947 1322 1062 1403 ipsius,
1083 1323 1131 1384 oui
1146 1322 1209 1384 filia

183 1435 208 1495 si
229 1435 360 1505 habeat,
390 1434 439 1495 uel
464 1434 569 1496 relicta
590 1434 615 1494 si
632 1433 794 1513 nupserint
808 1434 989 1495 succedant.
1019 1436 1074 1496 sed
1097 1433 1149 1495 illa
1169 1435 1209 1497 atl

183 1548 293 1607 eadem
315 1545 449 1608 seruicia
472 1554 623 1616 teneatur,
653 1545 774 1625 adque
796 1545 968 1617 decedens,
999 1545 1049 1608 eui
1072 1544 1210 1608 succedit

182 1657 239 1719 suit
255 1656 419 1739 obligatus.

264 1772 320 1843 (7)
343 1771 419 1831 Item
442 1770 467 1832 si
491 1791 585 1850 super
608 1769 712 1850 aliquo
736 1769 862 1830 dubium
888 1769 1013 1842 oriatur,
1044 1771 1129 1851 quotl
1153 1789 1210 1851 per

181 1890 409 1943 sacramentum
436 1881 551 1943 debeat
582 1879 749 1942 certificari
779 1889 811 1942 et
836 1880 982 1961 purgari,
1013 1882 1051 1943 de
1083 1880 1209 1961 prestito

78 2075 84 2086 .
181 2002 377 2055 sacramento
394 1993 448 2052 XL
465 1993 609 2054 denarios
630 2000 661 2053 et
675 2013 737 2053 non
753 1992 859 2073 plures
874 1993 1066 2073 persoluent.

263 2106 320 2178 (8)
343 2107 419 2167 ltem
441 2105 466 2165 si
488 2104 600 2185 aliquis
619 2105 757 2185 ipserum
773 2104 978 2166 conuineatur
992 2124 1088 2185 super
1103 2104 1209 2186 aliquo

181 2217 276 2289 furto,
297 2216 421 2279 soluere
442 2218 555 2278 debeat
576 2216 724 2278 iudicium
747 2214 833 2276 iuxta
857 2213 1006 2276 nobilium
1029 2225 1111 2277 terre
1134 2235 1209 2277 eon·

184 2329 379 2389 suetudinem
395 2330 611 2409 approbatam.

267 2438 303 2499 tu
320 2437 412 2518 igitur
426 2439 518 2500 buius·
541 2438 690 2500 libertatis
712 2447 809 2501 status
826 2440 875 2501 uel
890 2438 988 2500 series
1003 2437 1033 2498 iu
1049 2446 1208 2518 posterum

185 2547 371 2610 inconcussa
386 2558 577 2631 permaneat,
599 2569 657 2611 nec
673 2550 810 2631 alioquin
825 2569 974 2610 successu
988 2548 1138 2629 temporis
1154 2566 1210 2628 per

183 2660 361 2740 quempiam
377 2660 408 2720 in
424 2661 542 2722 irriturn
559 2661 656 2741 possit
671 2660 828 2733 reuocari,
844 2661 894 2722 uel
908 2660 1103 2741 aliquatenus
1114 2667 1211 2741 quent

184 2771 363 2843 retractari,
386 2772 423 2832 ad
440 2773 506 2833 eius
522 2770 642 2833 firmam
658 2771 857 2834 stabilitatem
879 2773 983 2835 literas
999 2780 1120 2833 nostras
1134 2789 1210 2832 con·

184 2882 335 2944 cessimus
366 2882 606 2956 testimoniales,
641 2884 773 2965 duplicis
798 2885 889 2965 sigilli
916 2883 1013 2946 nostri
1039 2881 1209 2946 munimine

184 2994 357 3057 roboratas.
386 2997 498 3055 Datum
514 3015 596 3056 anno
613 2995 716 3076 gracie
731 2995 925 3058 MCCXLlll.
946 2995 1009 3056 Vll.
1030 2996 1103 3057 ltlus
1120 2991 1211 3067 lunii,

184 3107 273 3189 regni
287 3116 391 3169 autem
407 3107 503 3169 nostri
519 3126 602 3169 anno
618 3108 696 3170 Vlll.
