2798 4764
410 346 549 400 unomen
567 340 669 401 essm
689 344 900 400 amorreum
926 313 985 420 (t).
1190 326 1212 398 't

180 508 237 575 teli
250 507 322 575 soio
336 508 538 574 discederent
557 510 597 573 ad
612 508 814 592 occupandas
836 509 894 572 sibi
916 516 1016 573 terras
1031 526 1110 591 qnas
1122 507 1214 571 inco·

180 624 252 687 iere
271 628 402 706 possent
422 623 517 685 armis
530 630 562 685 ct
582 621 675 696 belin,
697 640 833 704 querere
848 640 911 684 non
925 628 1100 685 cessarunt
1134 628 1212 684 tunc

183 735 352 818 clegerunt
364 735 424 798 ribi
438 752 574 816 querere
588 742 704 797 terram
719 733 891 808 Pannonia,
906 752 1000 816 quam
1014 734 1212 808 audiuerant,

183 849 270 912 tamn
281 846 425 921 volante,
448 854 565 909 terram
580 845 683 909 Athiie
698 847 783 928 regis
799 865 888 920 esse,
902 847 1045 909 ddcnius
1060 847 1214 930 progenie

184 961 251 1022 dux
264 960 389 1032 Almus,
410 966 501 1040 pater
521 958 642 1039 Arpad,
663 958 882 1022 descenderat.
915 965 990 1020 tuno
1009 957 1070 1040 ipsi
1091 967 1214 1041 septem

184 1073 375 1156 principales
386 1089 521 1153 persone
536 1070 693 1133 communi
709 1078 741 1133 et
750 1089 829 1133 uero
841 1070 974 1134 consilio
984 1064 1216 1146 intellexerunt,

184 1186 272 1268 qnod
291 1185 451 1268 inceptum
471 1184 531 1246 iter
544 1181 700 1266 perficere
720 1201 785 1245 non
807 1195 951 1265 possent,
971 1182 1033 1245 nisi
1048 1182 1161 1249 ducem
1177 1198 1215 1246 ac

184 1289 408 1380 preceptorem
430 1314 581 1377 superse
602 1293 750 1357 habeant.
781 1314 858 1376 ergo
880 1294 980 1357 libera
999 1293 1162 1358 uoluntate
1184 1300 1217 1358 ct

186 1408 346 1470 commoni
361 1426 517 1470 consensu
532 1412 655 1487 septem
667 1405 827 1479 virorum,
849 1404 1016 1487 elegerunt
1027 1403 1088 1467 sibi
1103 1405 1217 1467 ducem

185 1536 224 1581 ac
247 1527 466 1600 preceptorem
487 1518 520 1579 in
538 1516 620 1580 iiiios
640 1515 778 1580 filiorum
798 1534 946 1590 suornm,
967 1534 1068 1599 usqne
1091 1516 1130 1579 ad
1145 1515 1221 1579 ulti-

186 1648 271 1693 mam
285 1631 547 1712 generacionem,
569 1628 693 1691 dimum
706 1628 804 1692 filium
820 1629 924 1712 Ugck,
946 1636 979 1692 et
994 1629 1047 1711 qui
1062 1628 1103 1692 de
1118 1647 1216 1712 gene·

185 1742 314 1805 racione
329 1741 399 1805 cius
414 1742 653 1804 descenderant.
675 1742 751 1823 quia
764 1740 872 1803 dimus
888 1742 952 1803 dux
965 1739 1048 1804 fliius
1063 1740 1161 1824 Ugek,
1184 1748 1216 1804 et

186 1855 241 1938 qni
255 1855 296 1917 de
310 1853 519 1936 geaeracione
534 1853 602 1915 eius
617 1853 863 1927 descenderant,
885 1837 1035 1917 clariores
1050 1861 1141 1917 erant
1161 1872 1218 1937 ge·-

186 1986 263 2030 ncre
278 1974 311 2029 et
328 1967 530 2049 potenciores
547 1965 580 2026 in
601 1964 694 2027 bollo.
723 1965 775 2028 isti
789 1965 873 2028 enim
889 1974 1009 2047 septem
1024 1964 1222 2050 principaiea'·

184 2097 322 2162 persone
336 2087 428 2141 erant
442 2077 500 2139 viri
516 2075 638 2140 nobiles
652 2098 771 2162 genere
786 2085 817 2141 et
832 2087 978 2160 potentes
991 2079 1023 2140 in
1038 2078 1133 2154 helio,
1153 2078 1217 2145 fide

184 2188 324 2255 mones.
339 2198 414 2253 tune
426 2189 492 2271 pari
503 2187 664 2253 uoluntate
675 2190 766 2252 dimo
781 2190 854 2253 duci
868 2172 914 2253 sie
929 2192 1092 2255 dixerunt:
1108 2212 1148 2255 ex
1160 2194 1218 2256 ho·

184 2305 295 2367 dierna
308 2304 360 2366 die
374 2311 407 2365 tc
420 2301 511 2364 nobis
522 2303 634 2365 ducem
650 2320 688 2365 ac
698 2308 921 2384 preceptorem
933 2303 1089 2385 eligimus,
1104 2311 1136 2366 et
1148 2320 1213 2386 quo

186 2415 313 2478 fortem
326 2422 382 2476 tna
397 2421 427 2476 te
442 2413 581 2486 dnxerit,
603 2413 676 2475 iiiuc
691 2421 723 2474 te
738 2432 919 2494 sequemur.
949 2420 1026 2475 tunc
1047 2411 1219 2495 supradicti

187 2527 247 2588 oiri
259 2545 318 2609 pro
331 2525 422 2586 Almo
436 2523 527 2597 duce,
545 2542 634 2585 more
649 2523 834 2605 paganismo
849 2522 927 2586 tusis
942 2524 1075 2608 propriis
1088 2524 1216 2608 sangni-

185 2637 278 2701 nibns
299 2638 333 2699 in
351 2656 448 2699 unum
462 2654 539 2709 nes,
561 2643 664 2698 ratum
685 2635 831 2700 iecerunt
848 2637 1076 2713 iuramentum,
1097 2646 1129 2703 et
1141 2638 1216 2703 iicet

186 2748 302 2831 pagani
317 2747 468 2821 tuissent,
489 2745 585 2810 tidem
599 2755 705 2811 tamen
719 2749 906 2824 iuramenti,
927 2770 1021 2833 qnam
1039 2756 1115 2813 tunc
1130 2750 1215 2814 iccc'-

186 2868 259 2925 rant
273 2862 358 2924 inter
374 2878 429 2935 se,
448 2878 552 2943 nsque
575 2860 615 2923 ad
633 2862 754 2925 obitum
772 2863 913 2946 ipsorum
932 2870 1141 2927 seruauerunt
1160 2863 1217 2960 taii

186 2973 294 3038 modo.

272 3196 320 3280 idi
354 3196 399 3263 Dc
424 3201 590 3264 iuramento
617 3209 727 3265 eornm.
778 3199 902 3266 Primus
927 3209 1024 3269 status
1048 3200 1217 3268 iuramenti

186 3312 235 3374 sic
254 3309 331 3375 init:
350 3321 386 3376 nt
400 3313 551 3396 quamdiu
566 3313 631 3378 uita
652 3315 794 3387 duraret,
814 3322 879 3378 tam
892 3316 979 3399 ipsis,
1000 3335 1096 3398 qnam
1117 3315 1218 3378 eciam

188 3424 325 3508 posteris
345 3426 428 3500 sois,
449 3446 576 3510 semper
596 3427 708 3490 ducem
731 3427 885 3491 haberent
906 3427 945 3490 de
962 3426 1115 3510 progenie
1137 3424 1219 3489 dimi

189 3535 290 3599 ducis.
318 3537 477 3600 sccundus
498 3544 597 3601 status
618 3537 786 3601 iuramenti
807 3539 853 3600 sic
868 3536 940 3600 init:
971 3536 1124 3620 quidquid
1143 3536 1218 3602 boni

189 3667 251 3730 per
270 3645 399 3713 iabores
420 3668 530 3712 eornm
553 3650 720 3732 acquirere
741 3657 887 3732 possent,
916 3668 1010 3714 nemo
1032 3668 1143 3714 eornm
1163 3670 1219 3714 cx·

188 3778 265 3843 pers
285 3759 386 3826 deret
407 3761 519 3827 tertios
542 3768 640 3826 status
662 3761 827 3826 iuramenti
845 3762 890 3827 sic
913 3764 986 3827 init:
1008 3769 1043 3827 ut
1061 3762 1111 3827 isti
1131 3762 1219 3846 prin-

189 3872 310 3954 cipaies
323 3892 478 3956 persom,
499 3875 553 3958 qni
576 3894 634 3939 sua
654 3875 754 3940 libera
768 3876 928 3940 uoluntate
942 3874 1066 3939 Almnm
1086 3875 1146 3940 sibi
1161 3875 1219 3940 dn·

188 3984 502 4070 ninnmciegerant,
524 3986 609 4070 qnod
622 3986 684 4070 ipsi
698 3995 729 4051 et
742 3987 797 4051 tilii
812 4006 922 4051 eorum
936 4004 1098 4069 nunqnam
1115 4004 1220 4051 acon·

189 4093 262 4160 silio
280 4095 372 4161 docis
391 4100 423 4161 'et
444 4098 565 4162 honore
583 4099 674 4182 regni
697 4098 824 4162 omnino
843 4097 1054 4182 priuarentnr.
1089 4102 1220 4180 quartus

187 4213 293 4277 Μ
310 4207 479 4277 iuramenti
498 4211 546 4279 sis
564 4210 640 4279 inite
660 4218 696 4282 nt
708 4211 736 4279 si
749 4209 820 4303 quis
834 4210 874 4279 de
889 4209 1025 4299 posteris
1039 4226 1151 4280 eornm
1170 4204 1220 4273 in&
1313 4231 1317 4237 ·
