2798 4764
301 338 448 389 marmor
460 337 602 386 arrscorr
615 337 687 385 vrrs
707 338 732 384 s.
746 336 900 386 srsrrmru
912 336 1004 387 nau
1017 316 1073 406 (b).
1144 320 1205 388 td'i

173 491 416 556 commendauit.
451 491 525 554 dum
550 489 681 554 miratur
705 509 782 572 ergo
808 489 848 552 de
873 489 943 553 uiro
969 489 1120 554 diuinitus
1143 489 1205 554 sibi

172 600 332 686 predicto,
361 601 529 667 nunciatur
552 600 600 674 ei,
630 601 755 664 beatum
779 599 983 665 ddalbertnm
1007 599 1204 666 Boemiensis

172 713 303 778 ecclesie
319 698 499 795 pontificem
515 713 555 775 ad
569 731 603 774 se
617 719 801 786 uenturum,
823 719 952 794 propter
963 712 1203 777 conuersionenr
1286 710 1298 737 ’

173 822 270 908 ipsius
291 832 323 888 et
340 822 415 887 fidei
436 843 500 886 non
515 823 586 887 iicte
602 823 792 905 proiectum,
813 821 941 886 domino
956 823 1017 886 deo
1029 823 1132 888 laudis
1144 823 1204 889 ho·

174 935 263 1000 stiam
277 934 466 999 oblaturum.
494 934 595 1000 oritur
615 933 720 998 leticia
738 934 831 998 nouis
846 933 961 999 Christi
983 933 1133 1000 militibus
1152 933 1204 1000 in·

173 1046 366 1120 enarrabitis,
377 1045 441 1109 dux
455 1045 581 1109 obuiam
596 1045 692 1109 tironi
701 1043 817 1109 Christi
831 1060 903 1108 cum
917 1044 1062 1109 fidelibus
1073 1044 1203 1129 unibus·

173 1178 234 1242 que
253 1156 412 1241 procedit,
440 1165 471 1221 et
490 1156 720 1220 honorahiiiter
740 1155 891 1240 suscepit,
911 1162 944 1221 et
965 1164 1000 1221 ut
1021 1177 1080 1240 per
1097 1155 1203 1221 uisum

174 1267 311 1334 monitus
326 1276 389 1343 est,
409 1275 538 1351 propter
553 1267 695 1332 timorem
717 1275 750 1330 et
767 1286 906 1332 amorem
921 1267 991 1343 dci,
1018 1267 1121 1332 modis
1135 1286 1203 1332 om·

172 1380 264 1444 nibus
278 1379 464 1443 obediencie
478 1377 578 1442 fitium
593 1378 624 1441 ei
639 1398 673 1442 se
687 1378 757 1442 iore
772 1378 1011 1446 demonstrauit.
1042 1380 1139 1464 igitur
1152 1379 1202 1443 iu·

173 1490 265 1555 heute
289 1488 444 1574 principe,
477 1488 514 1552 fit
534 1487 652 1572 ubique
676 1488 886 1571 congregacio
911 1489 1014 1572 gentis
1037 1488 1202 1564 indomito,

172 1621 230 1684 per
243 1608 385 1664 sanctum
401 1599 583 1683 episcopum
597 1597 677 1662 fiunt
690 1607 722 1663 et
736 1620 793 1682 per
806 1619 881 1663 auos
895 1599 1115 1665 exortuoiones
1126 1618 1203 1664 con·

171 1712 276 1788 tinne,
297 1719 525 1775 conuertuntur
547 1719 580 1774 ct
600 1710 797 1794 baptizantur
821 1710 940 1776 aiumni
964 1711 1083 1794 patrie,
1103 1719 1203 1777 statu·

171 1833 266 1889 untur
287 1822 393 1888 multis
416 1822 448 1885 in
470 1821 548 1885 iocis
569 1822 713 1886 ecclesie.
740 1822 794 1886 iux
816 1821 934 1907 quippe
955 1844 1018 1907 que
1036 1823 1204 1890 inluminat

170 1955 297 1999 omnem
311 1933 488 2008 hominem,
511 1932 649 1997 tenebris
663 1932 801 2017 expulsis
816 1933 849 1996 iu
859 1934 1024 2018 hungaria
1037 1935 1120 2020 cepit
1133 1933 1203 2000 oui·

170 2055 255 2121 tere,
277 2054 310 2110 et
322 2045 452 2128 impieta
465 2053 538 2109 sunt
552 2044 584 2107 in
600 2065 637 2109 ea
651 2047 750 2109 uerba
763 2045 934 2130 prophecie
948 2046 1102 2111 dicentis:
1124 2067 1203 2131 gen·

169 2157 252 2222 cium
266 2156 412 2241 populus,
431 2154 484 2239 qui
500 2156 678 2220 ambulabat
692 2156 724 2220 in
739 2156 888 2232 tenebris,
902 2155 983 2222 uidit
994 2156 1099 2222 lucem
1113 2176 1202 2243 mag·

168 2288 250 2332 nam.
278 2268 332 2331 iux
351 2266 430 2331 lucis
452 2265 620 2331 inuisibilis
641 2266 783 2331 Christus
803 2275 866 2342 est,
887 2287 982 2351 quem
1004 2274 1078 2330 tunc
1092 2272 1202 2350 gentes

168 2378 279 2445 uidere
294 2386 491 2451 meruerunt,
513 2377 641 2461 quaudo
656 2376 795 2441 reuocati
811 2376 850 2440 de
864 2376 1013 2451 tenebris,
1027 2375 1130 2460 ipsum
1144 2396 1201 2442 uo·

168 2508 237 2554 rum
259 2488 354 2553 doum
376 2496 409 2552 ct
426 2487 586 2552 hominem
610 2508 722 2552 uerum
742 2508 812 2552 esse
834 2487 972 2570 perfecte
987 2487 1204 2552 crediderunt.

169 2621 229 2667 uec
252 2600 314 2664 hoc
335 2599 466 2664 silencio
489 2599 733 2683 pretereundum
749 2607 813 2675 est,
833 2600 920 2683 quod
934 2607 969 2664 ut
983 2600 1085 2664 omnis
1100 2596 1201 2665 ambi·

169 2712 271 2798 guitns
284 2712 447 2777 tolleretur
461 2715 500 2776 de
516 2711 634 2785 medio,
659 2732 700 2775 ne
715 2711 796 2776 forte
812 2711 954 2795 predicte
969 2711 1084 2776 uisioui
1098 2710 1199 2779 soiius

168 2822 229 2887 uiri
245 2842 354 2907 parum
368 2823 530 2887 uideretur
544 2823 649 2887 inesse
662 2821 752 2897 iidei,
766 2840 897 2886 uxorem
912 2821 981 2888 eius
993 2822 1056 2886 iam
1070 2821 1200 2906 propin·

169 2943 319 3020 guaan
333 2933 453 3018 partui,
473 2934 529 2998 tali
543 2933 643 2998 uoluit
655 2933 779 2998 uisione
794 2933 903 2998 diuina
915 2933 1020 3017 gracia
1032 2932 1200 2999 consolari.

169 3046 315 3132 apparuit
327 3066 464 3130 namque
477 3045 522 3108 ilii
536 3047 647 3110 heatus
661 3045 757 3110 ieuita
772 3055 804 3111 et
817 3047 1051 3130 prothomartyr
1064 3045 1199 3130 Stepha-

167 3178 229 3224 nus
242 3156 361 3222 leuitici
375 3156 484 3221 habitu
499 3164 629 3220 ornatus
643 3155 829 3240 insignibus,
843 3155 897 3240 qni
912 3176 982 3221 eam
997 3155 1116 3240 ulloqui
1129 3150 1200 3220 toli·

170 3279 219 3334 ter
238 3268 341 3351 cepit:
364 3266 486 3333 confide
507 3266 540 3329 in
559 3266 686 3331 domino
710 3266 833 3343 mulier,
861 3275 893 3331 et
912 3277 999 3332 certa
1018 3277 1103 3342 esto,
1125 3266 1202 3351 quie

168 3380 269 3445 tilium
294 3379 408 3464 paries,
429 3378 478 3443 cui
502 3379 602 3463 primo
623 3378 657 3442 in
678 3379 738 3443 hac
759 3389 852 3462 gente
872 3397 991 3443 corona
1012 3378 1145 3442 debetur
1167 3385 1201 3442 st

170 3511 321 3575 regnum,
343 3511 512 3574 meumque
526 3511 642 3554 nomeu
655 3490 700 3554 iiii
714 3491 868 3575 imponas.
890 3489 941 3554 cui
955 3508 1026 3553 cum
1041 3488 1201 3554 admirans

170 3603 285 3668 muiier
297 3602 520 3687 responderet:
531 3602 606 3686 quis
622 3623 656 3667 es
671 3602 819 3666 dominot
833 3601 886 3665 uel
900 3621 965 3686 quo
977 3600 1105 3666 nomine
1119 3620 1201 3665 nun-

171 3715 320 3798 cuparis?
345 3735 406 3798 ego
429 3736 515 3788 sum,
541 3713 651 3798 inquid
673 3712 852 3797 Stephanus
874 3713 1118 3798 prothomartyr,
1145 3711 1201 3797 ‹pd

169 3827 291 3912 primus
317 3846 375 3911 pro
389 3825 506 3893 Christi
528 3827 657 3894 nomine
680 3825 864 3911 martyrium
888 3824 1013 3912 pertuli
1040 3842 1104 3910 quo
1118 3822 1202 3890 dicto

171 3936 336 4026 superuis
1145 3964 1151 3971 ·
