2798 4764
199 320 260 386 330
455 335 635 383 snamscar
655 336 745 383 neers
767 338 934 383 necassem
955 338 975 383 r.

284 487 351 572 (22)
371 492 416 554 Dc
430 493 490 553 rita
503 494 663 571 pontidium.
688 490 885 573 Quicumque
897 491 957 552 ritu
971 492 1131 571 gentilium
1145 494 1232 556 iuxta

200 611 312 686 puteos
328 602 567 675 sacrificarent,
584 602 633 664 uel
651 603 689 664 ad
705 603 834 664 arbores
852 604 935 664 etad
951 603 1052 664 fontes
1067 611 1099 666 et
1112 603 1231 686 lapides

201 714 381 778 oblaciones
402 714 566 788 obtulerit,
588 724 709 776 reatum
727 733 816 776 surun
832 715 914 777 boue
931 713 1004 776 luat.

288 823 353 906 (23)
377 826 421 886 De
435 827 596 887 donacione
610 829 801 906 propriarum
821 846 919 886 rerum
933 829 1023 887 elicui
1037 830 1157 888 ecclesie.
1202 829 1233 889 Si

201 939 272 1021 quis
296 958 345 1001 res
367 959 440 999 suas
462 947 515 999 aut
537 939 644 1018 predia
660 939 712 998 uui
731 939 852 999 dederit
869 939 1016 1012 ecclesie,
1040 940 1123 1000 nulla
1138 941 1235 1003 inter·

201 1049 352 1113 ueniente
372 1069 466 1112 causa
482 1049 665 1111 subtrahere
681 1049 809 1121 audeat,
832 1058 862 1110 et
878 1049 928 1110 alii
944 1051 1029 1111 dare.

286 1159 352 1242 (2))
374 1162 417 1222 De
437 1163 607 1223 inconcione
626 1180 725 1222 rerum
744 1163 1012 1222 ecclesiasticarum.
1056 1162 1117 1225 llos
1137 1163 1235 1225 cccle-

202 1271 337 1346 siarum,
360 1271 539 1353 ubicunque
562 1272 772 1345 inueniuntur,
794 1273 861 1333 siue
882 1274 966 1353 apud
987 1273 1138 1336 ecclesias
1159 1274 1235 1338 alias

202 1382 255 1447 uel
269 1384 350 1465 apud
367 1383 523 1457 dominos,
544 1385 584 1445 ad
599 1384 736 1464 priorem
753 1383 916 1445 ecclesiam
933 1404 1020 1447 suam
1036 1387 1176 1447 redeant.

289 1492 356 1576 (25)
381 1495 423 1555 De
437 1497 626 1574 neplipencie.
672 1495 702 1554 Si
719 1496 788 1576 quis
805 1495 994 1556 dominicum
1008 1495 1088 1557 diem
1106 1515 1168 1556 non
1180 1497 1237 1557 ob·

205 1607 388 1680 seruauerit‚
411 1615 464 1667 aut
480 1613 614 1687 quatuor
630 1615 771 1687 tempora
786 1626 848 1667 nou
866 1607 1063 1681 ieiunauerit,
1086 1616 1137 1669 aut
1153 1629 1236 1670 mor-

204 1728 276 1782 tuos
298 1738 372 1779 suos
395 1719 433 1780 ad
458 1718 621 1780 ecclesiam
643 1738 706 1778 raon
722 1719 916 1798 sepeliucrit,
940 1721 1106 1781 duodecim
1123 1721 1237 1783 diesin

204 1847 287 1910 pane
305 1836 336 1891 et
350 1829 381 1889 iu
396 1849 478 1909 aqua
494 1829 632 1909 peniteat
646 1828 678 1888 iu
695 1829 796 1909 cippo.

292 1935 358 2020 (26)
381 1941 425 2001 Dc
445 1942 622 2020 neptipmeie
644 1941 771 2020 fidelium
795 1942 984 2003 cadauerum.
1038 1943 1070 2004 Si
1092 1943 1237 2006 dominus

206 2052 292 2113 serui
315 2053 362 2113 sui
385 2072 517 2134 corpus,
539 2061 591 2114 aut
606 2052 738 2114 uillanus
754 2055 901 2134 pauperis
918 2055 1025 2117 uillani
1040 2055 1090 2117 uel
1106 2056 1238 2137 hospitis

206 2164 246 2226 ad
262 2163 427 2226 ecclesiam
443 2186 506 2226 uon
522 2165 684 2237 detulerit,
708 2167 890 2228 tantundem
906 2167 1052 2247 peniteat.

291 2274 355 2357 (27)
378 2277 421 2338 De
436 2279 582 2338 laboribus
598 2278 752 2338 Iudeorum
774 2278 806 2338 in
825 2280 1043 2357 sestieitctibeu.
1095 2279 1171 2340 siin
1188 2279 1238 2342 die

206 2388 363 2452 dominico
379 2397 433 2451 aut
447 2390 513 2450 aliis
531 2389 699 2449 maioribus
715 2389 934 2451 festiuitatibus
951 2389 1079 2451 ludeum
1095 2390 1240 2452 laboran-

205 2508 269 2563 tem
291 2501 401 2582 aliquis
425 2501 595 2573 inuenerit,
618 2521 656 2562 ue
681 2500 908 2563 scandalizetur
926 2500 1143 2575 christianitas,
1167 2523 1237 2563 cum

207 2610 320 2693 quibus
337 2612 549 2674 instrumentis
566 2613 773 2685 laboraucrit,
796 2611 847 2673 illa
863 2613 989 2674 amittat.

291 2720 358 2802 (28)
381 2724 425 2783 Ile
449 2726 646 2784 decimacione
668 2726 823 2784 liberorum
844 2726 992 2785 abbatum.
1040 2725 1237 2785 Abbatesfde

205 2832 311 2897 liberis
327 2836 391 2895 suis
407 2835 483 2896 dent
499 2836 745 2897 decimacionem
762 2837 929 2918 episcopis.

290 2943 356 3027 (29)
378 2947 422 3008 lle
446 2950 558 3008 testibus
581 2950 684 3008 iudicii
704 2952 777 3028 ferri
797 2961 822 3009 et
844 2970 927 3028 eque.
973 2949 1237 3030 Quociescunque

206 3056 260 3120 uel
276 3078 357 3140 aqua
373 3058 422 3119 uel
439 3058 521 3120 serro
538 3059 688 3121 iudicium
706 3060 820 3122 suctum
837 3060 944 3133 suerit,
960 3061 1103 3122 intersint
1119 3060 1160 3121 ibi
1176 3070 1238 3122 tres

206 3167 312 3231 idonci
335 3177 429 3232 testes
452 3169 654 3231 iureiurando
671 3170 808 3249 probati,
831 3170 931 3251 quiet
953 3170 1127 3232 innocentis
1149 3171 1238 3231 iuno·

207 3280 361 3354 conciam,
383 3291 414 3341 et
429 3301 445 3342 e
462 3290 569 3341 contra
585 3281 747 3360 culpabilis
764 3281 886 3362 culpam
903 3282 1096 3360 perhibeant.
1120 3281 1238 3362 presbi-

208 3398 255 3455 ter
270 3392 309 3454 de
325 3393 409 3455 ferro
421 3393 497 3453 duas
513 3412 628 3472 pensas
645 3399 675 3453 et
691 3393 728 3453 de
745 3410 827 3472 arpra
843 3412 935 3453 unam
951 3414 1082 3474 pensum
1098 3393 1238 3474 accipiat.

291 3502 356 3586 (30)
379 3507 421 3566 De
436 3507 629 3565 celebracione
645 3506 727 3565 ulisse
742 3515 827 3566 caetra
842 3508 999 3566 eeclesiam.
1029 3505 1136 3566 Nullus
1153 3524 1238 3584 pres-

207 3614 288 3677 biter
304 3617 429 3677 missam
454 3617 566 3678 audeat
592 3617 751 3678 celebrare
776 3626 861 3679 extra
878 3617 1061 3689 eeclesiam,
1083 3616 1141 3675 uisi
1156 3616 1236 3675 sorte

207 3726 326 3790 itineris
349 3748 443 3789 eausa
464 3730 634 3792 necessitas
658 3739 748 3810 cogat
771 3749 852 3791 eum.
883 3730 908 3789 si
925 3749 1002 3790 uero
1018 3748 1036 3787 a
1051 3726 1163 3787 comite
1179 3745 1236 3786 suo

207 3848 332 3902 coactus
348 3838 461 3913 fuerit,
483 3839 522 3900 ab
537 3841 648 3902 ordine
665 3840 809 3913 cessabit,
833 3840 932 3921 etqui
947 3858 1019 3901 eum
1035 3838 1073 3900 ad
1089 3838 1150 3897 hoc
1165 3857 1238 3898 eoe-

207 3951 303 4034 gerit,
326 3950 553 4033 quinquaginta
568 3952 707 4035 qrrinque
721 3971 836 4034 pensas
851 3951 963 4012 soluat.
985 3951 1016 4011 iu
1031 3949 1144 4012 itinere
1161 3970 1237 4014 uero

208 4062 348 4126 diuinum
365 4062 502 4123 officium
519 4062 680 4126 celebrare
694 4064 789 4126 liceat
803 4062 834 4125 in
849 4063 996 4126 tentorio.

290 4172 359 4260 (31)
391 4174 435 4239 Dc
460 4176 652 4241 dccirnceicuc
676 4178 840 4242 liberorum.
891 4175 1041 4261 Episcopi
1066 4176 1105 4239 de
1131 4175 1237 4241 liberis
