2798 4764
239 340 306 418 bib
362 364 516 419 somnam
528 366 558 417 r.
576 368 668 417 auen
688 366 838 416 erasurus
858 367 1012 416 saxosum
1051 347 1143 415 tart.

324 527 381 601 (6)
403 526 613 589 concessimus
628 523 726 587 eciam
747 524 861 587 iisdem
879 523 1009 586 liberam
1025 524 1155 587 licencie
1171 524 1269 586 sacul-

241 644 336 702 tatem
351 636 529 700 sacerdotes
546 655 751 719 quoscunque
767 630 965 698 decreuerint
984 635 1015 696 in
1030 656 1102 697 suas
1118 637 1268 699 ecelesias

242 749 393 832 eligendi,
415 748 469 831 qui
485 748 523 810 de
538 748 683 811 ubertate
702 755 809 809 nostre
831 746 934 827 gracie
956 746 1061 810 liberis
1077 747 1205 808 decimis
1220 747 1269 808 iu·

241 861 331 946 gibus
363 860 556 943 temporibus
580 859 736 921 sacientur
758 860 798 920 ad
824 859 1047 939 omnipotentis
1077 857 1207 938 gloriam
1237 866 1270 920 et

240 971 406 1037 bonorem.

325 1085 384 1158 (7)
404 1082 550 1145 nolumus
566 1082 664 1144 eciam
677 1082 761 1163 quod
776 1080 880 1143 nullus
893 1083 1040 1144 comitum
1057 1102 1113 1163 pro
1126 1090 1268 1164 temporo

242 1194 496 1266 constitutorum,
520 1194 605 1274 ipsos
628 1201 737 1258 eontra
766 1191 926 1255 libertates
954 1193 1075 1255 eisdem
1101 1212 1270 1256 concessas

241 1305 409 1369 molestare
424 1305 539 1368 audeat
553 1305 602 1366 nel
618 1314 787 1386 presumat.

326 1416 386 1494 (8)
408 1417 538 1497 insuper
551 1417 590 1479 de
605 1417 807 1499 prerogatiua
827 1416 974 1498 speciali,
995 1417 1076 1477 bane
1090 1417 1165 1498 ipsis
1181 1417 1271 1478 dedi-

242 1548 312 1593 mus
324 1527 519 1602 libertatem,
539 1529 625 1611 quod
645 1549 703 1611 per
716 1527 832 1591 nullius
848 1528 1057 1602 condicionis,
1080 1537 1193 1601 status,
1216 1537 1270 1591 aut

243 1643 361 1705 ordinis
379 1640 540 1704 bominem
561 1642 682 1722 possint
703 1641 742 1703 ad
764 1640 863 1702 nostri
885 1642 1078 1722 presenciam
1095 1649 1182 1703 extra
1197 1660 1272 1721 pro-

242 1754 379 1816 uinciam
396 1755 523 1816 euocari
538 1754 589 1816 uel
603 1754 701 1826 citari,
716 1754 850 1816 maxime
865 1754 937 1836 quia
951 1753 1095 1815 homines
1110 1761 1183 1816 sunt
1196 1752 1270 1814 sirn-

242 1866 354 1949 plices‚
376 1872 408 1928 et
429 1864 460 1926 in
479 1865 546 1928 inre
567 1864 719 1927 nobilium
742 1872 903 1948 nequeunt
916 1866 1113 1938 conuersari,
1133 1864 1271 1947 agricul-

242 1977 320 2041 turis
335 1984 367 2039 et
380 1974 540 2039 laboribus
555 1976 683 2050 intenti,
704 1978 830 2059 proprio
845 1977 912 2038 inre
928 1984 960 2039 et
972 1975 1042 2058 lege
1056 1977 1185 2058 speciali
1200 1998 1271 2060 por-

242 2088 398 2153 l'ruuntur.

324 2201 384 2277 (9)
405 2221 518 2263 nerum
540 2220 650 2263 omnes
671 2220 764 2264 cause
785 2222 844 2284 pro
860 2201 1112 2283 possessionibus
1133 2209 1164 2263 et
1178 2202 1272 2264 bere·

242 2312 398 2387 ditatibns,
420 2312 557 2375 melisei
577 2310 743 2388 limitibus,
763 2312 961 2375 facultatibus
977 2320 1009 2374 et
1022 2313 1192 2386 mortibus,
1214 2332 1270 2374 seu

242 2425 482 2508 quibuscunque
504 2423 637 2496 casibus,
659 2442 716 2505 per
731 2425 876 2486 comitem
892 2443 950 2505 pro
966 2431 1107 2505 ternpore
1122 2425 1274 2486 eonstitu-

241 2544 306 2600 tum
330 2545 362 2600 et
381 2538 525 2599 comitem
542 2535 721 2616 prouincie‚
744 2536 895 2598 terraneis
923 2536 1131 2598 mediantibus
1152 2536 1273 2597 iudica-

241 2647 368 2722 buntur,
396 2648 429 2710 in
455 2648 524 2710 loco
549 2616 695 2728 superins
720 2658 910 2720 memorato,
940 2650 1112 2711 secundum
1137 2648 1272 2711 sormam

241 2756 330 2820 iuris.

325 2870 403 2945 (10)
425 2869 539 2932 deinde
554 2870 683 2952 singulis
698 2871 798 2943 annis,
816 2872 848 2932 in
863 2872 957 2933 ramis
974 2872 1146 2952 palmarum
1162 2891 1273 2934 mone-

241 2989 306 3046 tam
327 2989 434 3045 nostre
449 3001 573 3044 camere
596 2983 701 3064 regie,
722 3002 792 3045 cum
809 2985 894 3045 omni
908 2985 1094 3046 reuerenoia
1108 2985 1272 3065 suscipere

242 3094 449 3168 tenebuntur,
477 3104 508 3156 et
532 3093 714 3157 solemniter
736 3095 918 3176 permittere
944 3114 1071 3156 currere
1096 3096 1272 3157 secundum

241 3206 306 3282 ius,
327 3207 485 3290 uigorem,
507 3216 538 3269 et
551 3205 674 3268 lucrum
690 3226 813 3268 camere
828 3208 914 3288 regie
934 3206 1091 3270 cambiare
1107 3206 1273 3269 uniuersu-

239 3316 312 3384 liter
326 3319 524 3391 tenebuntur,
544 3316 587 3380 ita
601 3318 687 3399 qnod
702 3333 808 3379 comes
823 3336 963 3391 camere,
981 3317 1033 3378 uel
1046 3316 1094 3378 sni
1109 3316 1271 3391 officiales,

242 3447 322 3511 quos
344 3429 383 3492 ad
402 3428 464 3492 boo
487 3428 698 3510 deputanerit,
720 3428 819 3492 altero
834 3429 963 3491 dimidio
979 3449 1105 3502 mense,
1125 3430 1192 3490 sine
1215 3448 1272 3491 sex

241 3539 448 3603 hebdomadis
464 3539 588 3621 plenam
602 3540 741 3602 babeant
757 3549 941 3621 potestatem
963 3540 1155 3610 cambiandi,
1177 3540 1226 3600 ius
1241 3547 1276 3600 et

241 3649 363 3712 lucrum
378 3670 502 3714 camere
522 3652 751 3731 prosequendi,
772 3652 812 3714 de
827 3651 967 3731 qualibet
980 3670 1100 3723 marca,
1120 3652 1152 3712 in
1168 3651 1274 3713 cuius-

242 3757 318 3821 libet
331 3759 390 3821 iori
406 3757 457 3821 uel
475 3760 646 3840 empcionis
661 3759 749 3823 titulo
764 3762 919 3842 recipient
932 3783 1029 3823 unum
1045 3762 1178 3844 pondus.

325 3871 406 3945 (11)
428 3870 573 3933 uolumus
599 3873 698 3935 eciam
720 3882 877 3936 monetam
903 3875 1010 3956 quinte
1032 3893 1102 3936 esse
1127 3873 1275 3935 combus-

247 3980 357 4054 tionis,
378 3980 466 4043 linito
482 3989 586 4046 autem
603 3992 744 4066 tempore
765 4002 821 4046 sex
836 3983 1106 4046 hebdomadarum
1121 4005 1276 4066 expresso

243 4093 406 4174 superius,
439 4095 569 4158 comites
594 4114 716 4160 camere
741 4104 871 4179 surgent
895 4096 934 4159 de
959 4097 1097 4172 cambio,
1128 4106 1275 4160 cessante

245 4203 332 4272 omni
355 4204 465 4292 uigore
486 4206 685 4285 eorumdem,
711 4208 781 4294 ipsa
800 4214 926 4275 moneta
944 4207 1147 4274 nihilominus
1168 4218 1280 4291 curret
