2798 4764
282 358 428 408 marruci
448 359 589 407 arrscorr
603 362 674 407 vrra
689 361 713 407 s.
726 361 878 409 ererunn
898 344 988 411 uara
1008 338 1065 429 (8).
1130 336 1189 413 tlt

162 513 372 597 peregrinari,
400 512 528 577 abbates
551 520 583 576 et
604 510 750 576 monachi
772 512 865 576 nichil
886 513 1049 598 proprium
1070 515 1190 582 babere

162 626 335 709 cupientes,
361 625 420 688 sub
442 632 504 688 tam
526 623 751 708 religiosissimi
782 626 929 708 principis
956 628 1130 710 patrocinio
1158 636 1193 693 et

161 735 379 800 moderamine
392 736 580 818 regulariter
593 734 703 799 uiuere
720 736 986 801 deliberauerunt.
1015 739 1097 803 inter
1111 754 1191 823 quos

162 847 225 913 uite
246 846 400 931 regularis
420 854 510 930 pater
523 846 668 910 Ascricus
687 867 757 911 cum
779 847 843 909 suis
863 848 1025 931 discipulis
1048 852 1192 926 aduenit,

162 980 297 1044 quorum
308 980 389 1023 unus
401 960 528 1022 nomine
537 960 726 1035 Bonilacius,
736 961 768 1022 in
780 960 850 1023 loco
861 962 959 1044 patris
970 961 1065 1025 abbas
1076 962 1191 1028 deinde

162 1072 363 1146 constitutus,
384 1072 459 1135 dum
474 1072 598 1135 abeato
613 1092 689 1155 rege
704 1091 800 1134 causa
814 1071 1039 1155 predicacionis
1061 1074 1094 1136 in
1112 1072 1192 1139 inle-

163 1184 260 1247 riores
275 1183 435 1265 llungarie
455 1191 561 1266 partes
583 1190 667 1246 esset
685 1183 815 1258 missus,
837 1185 869 1247 in
884 1183 1010 1248 ceruice
1023 1202 1192 1268 percussus

164 1293 277 1378 gladio,
298 1293 373 1357 licet
385 1303 555 1376 propterea
567 1293 803 1376 superuiueret,
823 1315 889 1359 non
904 1302 952 1358 est
966 1295 1113 1378 martyrio
1128 1294 1192 1377 pri·

164 1414 264 1468 uatus.
289 1412 443 1469 venerunt
463 1413 494 1467 et
517 1404 568 1468 alii
584 1403 646 1468 duo
661 1404 702 1467 de
716 1415 800 1468 terra
814 1405 1010 1483 Polouiensi,
1030 1404 1193 1471 bereudti·

167 1536 234 1579 cam
255 1516 350 1580 uitam
372 1536 466 1579 causa
480 1514 756 1599 contemplacionis
778 1516 941 1600 eligentes,
961 1538 1096 1602 quorum
1110 1538 1193 1583 unus

165 1628 305 1692 Andreas
326 1627 455 1690 nomine
471 1648 527 1710 per
542 1627 747 1691 consessionis
762 1628 908 1692 meritum
923 1628 1072 1712 angelicis
1086 1627 1192 1692 eboris

165 1745 213 1802 est
234 1736 421 1811 associatus,
449 1736 580 1800 testibus
601 1732 823 1802 miraculorum
849 1739 946 1822 signis
967 1759 1024 1822 per
1047 1740 1151 1823 ipsum
1172 1759 1192 1804 a

165 1850 292 1915 domino
307 1848 413 1913 lactis:
435 1849 513 1912 alter
526 1848 725 1925 Benedictus,
746 1870 803 1933 pro
819 1850 942 1914 Christo
957 1851 1108 1934 sanguine
1119 1850 1192 1915 luso

164 1959 408 2026 misericorditer
427 1960 595 2024 laureatus.
624 1960 770 2024 Ascricus
787 1960 884 2024 abbae
899 1979 970 2023 cum
984 1961 1050 2024 suis
1062 1960 1192 2024 bonori-

163 2072 223 2138 fice
244 2081 417 2154 susceptus,
437 2074 478 2136 ad
491 2073 632 2137 radicem
646 2073 760 2136 montis
775 2072 872 2136 lerrei
887 2073 1053 2136 cenobium
1072 2074 1131 2136 sub
1151 2072 1191 2136 ti·

163 2182 229 2250 tulo
251 2184 350 2248 sancti
375 2184 473 2267 patris
493 2184 653 2248 Benedicti
680 2184 867 2259 construxit,
895 2184 950 2248 ubi
972 2188 1074 2267 usquc
1095 2183 1191 2249 bodie

166 2294 375 2380 congregacio
390 2295 629 2370 monasterialis,
640 2295 805 2377 disciplina
817 2293 953 2379 regulari
969 2295 1102 2377 pollens,
1114 2303 1193 2358 tem·

164 2408 319 2492 puralium
333 2407 564 2471 sustentacione
579 2405 750 2489 copiarum,
765 2426 805 2469 ex
819 2405 974 2469 donatiuis
989 2407 1089 2470 sancti
1105 2406 1193 2470 ducis

165 2519 464 2603 superhabundans,
486 2538 549 2581 non
573 2525 621 2580 est
640 2516 769 2580 alicuius
791 2536 903 2599 egens,
931 2515 990 2579 nisi
1010 2524 1045 2580 ut
1065 2537 1140 2581 suos
1161 2526 1194 2583 et

167 2630 296 2693 aliorum
311 2629 421 2711 pedes,
441 2629 614 2691 secundum
626 2624 835 2709 euangelium,
856 2625 1032 2691 cottidianis
1045 2625 1193 2711 precibus

167 2751 199 2806 et
212 2740 348 2806 lacrimis
369 2741 463 2803 lauet.
493 2759 564 2802 cum
583 2739 609 2800 is
624 2739 676 2802 dei
689 2759 799 2802 seruus
814 2737 962 2821 princeps
975 2736 1195 2803 christianissi-

167 2873 236 2916 mus
257 2852 427 2935 aliquando
448 2849 656 2914 communiter
670 2870 740 2913 cum
756 2848 917 2924 omnibus,
947 2847 1116 2932 aliquando
1130 2848 1194 2913 sin-

166 2963 294 3048 gillatim
319 2983 390 3026 cum
415 2980 627 3045 unoquoque
653 2980 762 3024 eorum
788 2958 980 3042 colloquium
1003 2959 1134 3034 babens,
1160 2958 1194 3023 in

165 3083 286 3138 tantum
310 3073 427 3136 diuinis
451 3072 668 3154 conspectibus
691 3091 726 3134 se
752 3070 947 3154 probabilem
969 3070 1121 3145 reddidit,
1160 3077 1195 3134 ut

167 3205 275 3248 omues
295 3184 410 3248 milicie
431 3204 488 3247 sue
511 3184 652 3257 comites,
673 3183 712 3245 ad
735 3184 802 3246 ueri
826 3183 877 3246 dei
892 3182 1044 3246 culturam
1060 3200 1195 3245 conuer-

167 3303 256 3359 teret.
276 3314 357 3378 quos
371 3314 449 3358 uero
464 3295 567 3357 aliene
582 3294 632 3357 uic
646 3302 817 3357 sectatores
832 3290 973 3373 repperit
986 3290 1078 3354 minis
1092 3296 1194 3352 terro·

167 3407 316 3490 cibusque
345 3406 534 3489 subiugauit.
568 3406 718 3488 ipsosque
746 3400 922 3466 secundum
948 3398 1194 3463 ecclesiasticam
1239 3485 1242 3488 ἡ

168 3517 339 3582 doctrinam
353 3518 528 3592 instituens,
549 3517 658 3597 iugum
673 3523 704 3577 ct
718 3513 819 3595 legem
835 3510 1009 3594 discipline,
1024 3506 1193 3595 suppositis

166 3630 341 3693 ceruicibus
351 3600 501 3705 adhibuit,
516 3646 689 3709 omnesque
704 3623 921 3690 immundicias
935 3622 1089 3687 malorum
1102 3640 1193 3707 pror-

165 3761 218 3805 sus
234 3741 397 3806 destruxit.

247 3964 293 4051 (8)
315 3965 463 4031 Posthac
477 3962 657 4049 prouincias
671 3962 704 4027 in
718 3962 828 4029 decem
842 3961 972 4046 partitus
983 3960 1194 4046 episcopatus,

165 4078 411 4161 Sbigouiensem
434 4076 600 4141 ecclesiam
624 4074 824 4159 metropolim
850 4082 882 4139 et
908 4072 1105 4157 magistram,
1135 4088 1194 4152 per

165 4206 356 4255 consensum
371 4195 403 4254 et
415 4187 686 4275 subscripsionem
697 4186 841 4256 Romane
855 4185 940 4252 sodis
954 4180 1129 4271 apostolici,
1141 4197 1194 4247 ce·
