2798 4764
364 376 388 420 s.
405 376 560 422 srnrnana
581 374 672 421 mors
694 374 903 422 nscnaroauu
923 376 1015 423 nrm
1041 375 1064 421 1.
1167 358 1229 427 315

198 533 349 605 serantur,
364 530 423 595 alie
439 551 517 594 uero
533 532 759 614 quinquaginta
775 530 957 612 parentibus
974 531 1098 603 dentur,
1118 531 1230 594 decom

198 651 304 705 autem
321 642 445 704 arbitris
462 651 493 705 et
508 643 732 704 mediatoribus
758 643 985 704 condonentur.
1014 643 1080 722 ipse
1101 641 1229 723 quidem

196 754 353 816 homicida
369 754 542 814 secundum
559 751 791 814 institucionem
808 771 960 814 canonum
978 751 1105 813 ieiunet.

279 866 352 925 Item
366 865 459 925 aliud.
503 863 535 923 Si
558 863 626 944 quis
649 873 751 924 autem
775 882 849 924 casu
872 861 1024 923 occiderit
1042 861 1230 943 quemlibet,

197 976 305 1037 decem
328 975 393 1035 auri
417 993 531 1054 pensas
552 972 728 1054 persoluat,
752 981 783 1036 et
805 974 885 1036 sicut
908 992 1045 1035 canones
1065 957 1232 1048 mandant,

197 1088 325 1149 ieiunet.

278 1197 351 1259 Itcrn
374 1198 408 1258 dc
429 1198 593 1258 homicidiis
616 1215 779 1257 ceruorum.
824 1194 856 1256 Si
878 1195 1010 1257 alicuius
1030 1215 1142 1258 seruus
1163 1214 1231 1258 ser·

198 1331 272 1372 uum
288 1310 414 1372 alterius
430 1308 596 1380 occiderit,
616 1308 766 1369 reddatur
781 1327 893 1369 seruus
910 1328 967 1388 pro
983 1327 1087 1382 seruo,
1109 1315 1164 1372 aut
1178 1326 1231 1372 re-

198 1423 341 1484 dimatur.
363 1428 395 1482 et
408 1420 620 1501 penitenciam
637 1419 721 1499 quod
737 1418 852 1479 dictum
869 1426 917 1479 est
931 1427 1013 1499 agat.

280 1534 351 1594 Item
365 1533 458 1593 atiud.
503 1531 534 1592 Si
557 1550 633 1592 uero
656 1530 735 1590 liber
756 1528 887 1591 alicuius
909 1531 1060 1593 occiderit
1083 1550 1229 1606 seruum,

199 1646 312 1708 reddat
325 1645 420 1707 alium
436 1664 578 1714 seruum,
593 1641 644 1703 uel
661 1642 801 1723 precium
816 1650 994 1722 componat,
1010 1651 1041 1705 et
1054 1643 1228 1706 secundum

201 1777 337 1820 canones
356 1757 485 1818 ieiunet.

282 1867 348 1928 XV.
392 1867 493 1927 Deliis
507 1868 637 1944 quisucs
651 1884 756 1926 uxorea
771 1868 914 1927 occidunt.
947 1865 979 1926 Si
994 1866 1064 1947 quis
1080 1867 1230 1942 comitum

200 1960 370 2042 obduratus
394 1978 506 2049 corde,
527 1976 752 2057 neglectusque
776 1975 894 2049 anima,
916 1977 1001 2057 quod
1022 1977 1131 2057 procul
1155 1977 1231 2040 sita

201 2092 347 2154 cordibus
369 2089 550 2151 fidelitatem
575 2088 832 2159 obseruancium,
855 2089 962 2149 uxoris
975 2087 1144 2150 homicidio
1160 2089 1231 2171 pol-

199 2202 314 2274 luetur,
335 2202 508 2263 secundum
528 2200 687 2260 decretum
708 2198 822 2279 regalis
844 2206 972 2260 sanatus
988 2218 1057 2259 curn
1074 2200 1231 2280 quinqua-

199 2316 284 2396 ginta
305 2313 448 2375 iuuencis
471 2312 651 2392 parentibus
671 2310 812 2372 mulieris
835 2309 1036 2383 concilietur,
1058 2320 1091 2371 et
1111 2309 1231 2374 ieiunet

199 2426 371 2488 secundum
392 2424 538 2484 mandata
561 2441 727 2483 canonum.
755 2421 781 2483 si
803 2429 907 2482 autem
922 2421 1012 2482 miles
1032 2421 1083 2481 uel
1099 2421 1230 2485 alicuius

201 2538 248 2598 uir
265 2536 418 2600 ubertatis
440 2535 574 2597 eandem
596 2533 719 2614 culpam
741 2532 904 2606 inciderit,
925 2532 1012 2594 iuxta
1027 2534 1163 2595 eundem
1178 2553 1231 2599 ao·

201 2657 306 2708 natum
326 2645 427 2708 soluat
448 2645 630 2726 parentibus
653 2644 762 2705 decem
786 2643 955 2715 iuuencos,
991 2644 1174 2726 ieiunetquc
1196 2652 1232 2709 ut

200 2758 315 2819 dictum
339 2763 396 2818 est.
432 2757 457 2817 si
474 2776 550 2817 uero
565 2754 704 2836 uulgaris
721 2755 754 2816 in
769 2756 881 2817 eodem
896 2756 1025 2817 crimino
1040 2756 1230 2830 inuenietur,

201 2889 271 2930 cum
289 2867 428 2948 quinque
448 2865 589 2928 iuuencis
612 2867 753 2947 cognatis
775 2867 1007 2942 reconcilietur,
1028 2877 1059 2931 et
1078 2869 1232 2932 subdatur

200 2979 348 3062 predictis
363 2978 500 3041 ieiuniis.

282 3091 363 3152 ΧΠ.
407 3092 449 3151 Dc
464 3093 672 3171 euopinocionc
692 3094 796 3171 clodii.
840 3092 878 3153 Ut
894 3111 955 3172 pax
968 3091 1059 3153 firma
1076 3099 1106 3154 et
1120 3092 1231 3155 incon·

201 3204 350 3265 taminata
372 3212 509 3275 mancat,
533 3212 595 3265 tam
617 3203 698 3265 inter
712 3205 848 3266 maiores
869 3211 945 3265 natu
961 3224 1054 3283 quam
1076 3204 1158 3266 iuter
1172 3202 1230 3266 mi-

201 3335 305 3387 nores,
319 3315 533 3396 cuiuscunque
546 3313 740 3376 condicionis
755 3323 837 3388 suut,
859 3313 1076 3376 interdiximus
1091 3313 1230 3387 omniuo¹

203 3435 236 3487 ut
250 3425 351 3486 nullus
373 3427 412 3487 ad
427 3425 597 3488 ledendum
613 3427 750 3507 aliquem
766 3426 913 3507 euaginet
927 3425 1074 3507 gladium.
1101 3425 1230 3507 quodsi

202 3539 271 3618 quis
293 3538 423 3619 postbac
444 3538 576 3600 stimulis
598 3538 728 3600 audacie
750 3545 921 3600 suetnctus
937 3538 1154 3618 temptauerit,
1175 3557 1230 3601 eo·

203 3652 273 3712 dem
289 3650 447 3732 iuguletur
462 3648 577 3731 gladio.

285 3761 380 3822 Xllll.
422 3762 616 3842 Deperiaria.
650 3760 681 3822 Si
698 3759 959 3844 quisualcucium
973 3761 1231 3828 fidecommacu·

201 3874 292 3947 latus,
313 3873 410 3935 corde
429 3871 581 3954 pollutus,
602 3874 777 3936 iuramento
793 3873 952 3937 confracto
967 3875 1107 3957 periurio
1122 3875 1231 3941 addic-

202 3993 250 4048 tus
274 3985 463 4060 inuenietur,
491 3986 632 4068 perditus
657 4006 749 4048 manu
775 3986 948 4068 periurium
972 3987 1052 4062 luat,
1080 3995 1135 4050 aut
1158 4006 1231 4053 cum

152 4117 165 4131 “
202 4097 428 4180 quinquaginta
451 4097 595 4160 iuuencis
620 4116 746 4160 manum
771 4097 914 4161 redimat.
943 4097 971 4161 si
991 4118 1070 4162 uero
1092 4097 1231 4182 uulgaris
