2798 4764
234 392 235 396 ,
330 342 592 393 ωιιτιτυτιοηε
612 343 747 392 amanus
760 343 924 391 arnamar.
965 327 1056 395 tm.
1145 329 1207 394 5⁹7

180 498 397 563 contrafacere
412 498 672 580 presumpserint,
686 496 993 561 administraciouem
1007 497 1126 564 babens
1137 519 1208 563 eam

89 645 90 649 =
181 611 250 693 ipso
270 610 354 674 facto
377 609 511 683 amittat,
533 617 565 672 et
583 610 756 673 monachus
777 609 845 673 siue
865 610 1035 674 canonicus
1053 610 1207 692 regularia

182 743 240 805 per
252 723 412 796 abbatem,
427 722 563 804 priorem
577 722 629 784 uel
643 722 835 803 prepositum
851 722 1008 804 puniatur,
1022 729 1054 784 et
1067 723 1094 784 si
1108 722 1208 805 negli-

181 855 259 919 gens
272 833 382 909 luerit,
405 853 461 916 per
473 833 655 916 episcopum
670 834 864 915 suppleatur.

263 943 328 1026 (63)
351 945 538 1021 statuimus,
558 952 593 1006 ut
611 964 629 1006 a
650 944 701 1007 die
716 952 851 1026 quatuor
865 953 1085 1008 coronatorum
1105 965 1208 1028 usqne

181 1059 222 1120 ad
237 1057 319 1120 diem
334 1056 444 1120 natalis
458 1055 592 1129 domini,
611 1056 796 1137 asanguine
812 1063 843 1117 et
857 1055 1002 1118 carnibus
1016 1076 1126 1118 omnes
1141 1076 1208 1119 mo-

182 1170 275 1234 nacbi
294 1169 508 1250 cuiuscunque
532 1167 665 1239 ordinis,
687 1176 794 1248 preter
815 1188 908 1250 qnam
931 1167 1060 1241 infirmi,
1089 1168 1208 1233 debiles

184 1288 215 1343 et
235 1280 373 1353 delicati,
394 1299 465 1341 cum
486 1278 598 1361 quibus
618 1278 745 1341 abbates
769 1278 966 1340 discrecioue
988 1279 1096 1359 preuia
1120 1287 1209 1359 pote·

182 1399 256 1454 runt
283 1392 481 1473 dispensare,
513 1390 705 1465 abstineant,
736 1390 881 1453 omnibus
909 1389 1036 1464 diebus,
1067 1391 1208 1471 exceptis

184 1502 348 1565 dominicis
365 1501 559 1574 ieiunantes,
581 1501 695 1582 poterit
714 1511 819 1566 umen
842 1502 938 1564 abbas
959 1521 999 1564 ex
1020 1520 1114 1565 causa
1137 1523 1208 1567 cum

184 1613 338 1696 aliquibus
351 1620 386 1676 ut
399 1612 569 1695 aliquando
583 1611 631 1674 bis
643 1614 807 1675 comedant
822 1613 1016 1694 dispensare,
1031 1632 1089 1676 nec
1104 1633 1209 1685 corne·⁴

184 1727 260 1788 dant
281 1734 329 1789 ter
349 1725 382 1786 in
405 1724 456 1787 die
479 1725 536 1786 nisi
558 1724 664 1807 pueri,
690 1723 819 1798 infirmi,
846 1723 899 1787 uel
921 1725 973 1808 qui
993 1724 1025 1786 in
1041 1725 1208 1789 refectorio

181 1836 282 1919 leget,
302 1855 361 1899 nec
383 1835 550 1898 comedant
572 1843 660 1899 extra
680 1836 789 1899 domos
811 1854 894 1910 suas,
914 1835 947 1897 in
960 1835 1120 1917 parochiis
1134 1837 1209 1911 suis,

183 1947 242 2009 nisi
253 1947 380 2029 quando
396 1945 580 2027 procuracio
595 1947 634 2007 ab
646 1946 800 2028 aliquibus
812 1946 945 2008 debetur
955 1947 1085 2008 eisdem.
1106 1966 1211 2028 asep-

183 2059 356 2141 tuagesima
370 2078 470 2141 usque
485 2058 524 2120 ad
538 2057 674 2129 Pascha,
697 2064 846 2139 quantum
862 2058 903 2122 ad
918 2077 1007 2121 esum
1021 2057 1163 2120 carnium
1177 2064 1211 2123 ct

184 2189 273 2231 esum
286 2157 448 2252 sanguinis
462 2169 545 2231 idem
561 2167 752 2250 precipimus
769 2167 901 2231 tirmiter
914 2168 1087 2231 obseruari.
1115 2188 1210 2231 cano·

180 2279 271 2342 nicos
281 2287 387 2341 autem
397 2279 558 2359 regulares
569 2297 657 2340 suam
670 2279 812 2360 regulam
823 2279 1008 2362 regulariter
1019 2278 1209 2360 precipimus

181 2390 363 2452 obseruare.
391 2390 581 2472 precipimus
596 2389 694 2452 eciam
709 2391 795 2471 quod
811 2391 914 2455 nullus
930 2392 1101 2454 canonicus
1115 2411 1210 2474 regu·

182 2498 255 2561 laris
271 2500 382 2562 diebus
397 2500 470 2562 lune
485 2508 516 2562 et
531 2501 677 2562 mercurii
691 2519 801 2563 carnes
816 2502 849 2563 in
863 2503 1033 2566 refectorio
1048 2504 1209 2579 comedat,

181 2611 243 2672 nisi
266 2611 381 2674 festum
405 2631 521 2674 nouem
545 2611 641 2674 fuerit
665 2610 844 2674 lectionum.
865 2613 1028 2678 silencium
1051 2624 1156 2677 autem
1176 2615 1210 2679 in

182 2720 334 2796 claustro,
355 2722 525 2784 refectorio
546 2730 577 2784 et
594 2722 778 2785 dormitorio
800 2723 931 2787 tirmiter
945 2727 1135 2807 precipimus
1155 2728 1211 2794 ob-

182 2834 304 2896 seruari
323 2834 409 2895 boris
431 2834 544 2897 debitis
563 2842 594 2897 et
611 2834 746 2908 statutis,
767 2837 799 2898 in
819 2835 889 2899 loco
907 2837 959 2899 ubi
976 2838 1006 2899 xl
1027 2837 1130 2901 miuus
1145 2846 1209 2902 tres

183 2946 329 3008 monacbi
348 2954 402 3009 aut
420 2948 580 3029 regulares
596 2948 996 3032 canoniei'commorantur,
1018 2950 1211 3024 itascilicet,

184 3058 271 3139 quod
292 3057 403 3140 aliquis
424 3059 510 3141 loqui
532 3078 596 3121 non
617 3061 733 3123 audeat
753 3061 814 3122 nisi
837 3080 916 3125 uoce
936 3062 1017 3124 adeo
1036 3062 1210 3136 submissa,

185 3169 269 3250 qnod
285 3169 398 3232 tercius
412 3170 534 3252 abipso
549 3170 659 3233 audire
673 3191 737 3233 non
751 3172 860 3253 possit.

267 3277 333 3360 (ut)
354 3279 511 3354 Quoniam
525 3281 606 3342 sicut
619 3280 796 3342 audiuimus
811 3282 938 3363 quidam
955 3282 1099 3343 monachi
1114 3290 1146 3344 et
1159 3301 1211 3345 ca-

185 3388 291 3450 nonici
308 3391 470 3471 regulares
495 3390 671 3472 aliquorum
692 3392 956 3484 monasteriorum
978 3401 1213 3457 consueuerunt

185 3510 276 3563 extra
288 3509 377 3582 septa
389 3503 437 3564 sui
452 3502 633 3564 monasterii
647 3511 710 3565 tam
725 3510 868 3583 patenter
878 3523 974 3585 quum
987 3504 1132 3578 latenter,
1146 3512 1211 3567 tam

186 3612 317 3694 turpiter
342 3632 435 3694 quam
464 3612 681 3676 damnabiliter
706 3632 763 3694 par
791 3622 907 3676 terram
934 3615 1040 3696 sepius
1068 3614 1212 3697 euagaria

184 3723 349 3785 statuimus
374 3731 408 3786 ut
428 3722 531 3785 nullus
555 3732 686 3804 excepto
705 3723 879 3805 capellano,
904 3733 937 3788 el
954 3725 1015 3788 illis
1036 3726 1150 3807 quibus
1172 3747 1212 3791 ex

184 3834 369 3898 necessitate
388 3834 631 3898 amministracio
655 3836 816 3917 competit,
846 3845 934 3918 septa
960 3839 1142 3902 monasterii
1162 3840 1212 3903 sui

186 3943 273 4006 exire
296 3946 425 4022 audeat,
446 3948 506 4010 nisi
528 3947 613 4028 prius
633 3948 746 4011 abbate
768 3949 820 4012 uel
834 3950 938 4030 priore
953 3968 1011 4014 seu
1025 3952 1213 4034 preposieio,

187 4061 220 4116 et
232 4052 259 4114 si
273 4053 385 4129 abbas,
405 4056 458 4120 uel
472 4057 557 4139 prior
572 4057 624 4121 uel
637 4048 816 4141 prepositus
831 4069 993 4142 presentes
1007 4081 1072 4124 non
1086 4062 1214 4136 fuerint,

187 4165 359 4234 abactum
380 4166 516 4251 uicena,
536 4169 590 4238 uel
609 4171 649 4241 ab
670 4171 738 4238 aliis
757 4179 947 4262 potestatem
964 4173 1152 4241 habentibus
1167 4173 1214 4242 eia
