2798 4764
502 355 686 411 usmarus
710 352 753 408 aa
774 358 886 409 auaro.
1147 326 1212 407 tt!

183 519 309 595 scilicet,
322 518 446 584 ioannis
462 527 494 584 et
504 516 603 582 Pauli.
616 526 741 581 mortuo
754 526 841 598 patre
855 535 913 578 suo
924 523 956 581 et
969 514 1089 589 marito,
1103 513 1212 577 iocou-

182 633 272 696 sultis
297 631 444 697 iratribus
469 631 551 704 suis,
586 629 717 701 donauit
743 629 875 691 eunden
904 637 1019 691 terram
1044 624 1213 691 Cruciisris
1339 674 1342 681 ·

183 765 208 807 s.
222 741 348 806 losuuis
369 742 520 824 Baptiste.
551 742 664 804 fratres
686 749 790 805 autem
813 741 881 803 eius
900 739 1034 821 predicti
1055 740 1214 803 duxeruut

184 875 254 918 eam
275 853 308 916 iu
328 871 455 916 causam
474 860 546 916 aute
569 870 676 934 regem
690 852 863 922 Andream,
885 850 1025 914 dicentes
1038 868 1103 912 nou
1117 849 1214 913 licere

184 968 214 1030 ei
232 984 362 1050 quoquo
383 966 478 1029 modo
497 965 634 1028 alienare
656 971 769 1026 terram
785 962 869 1024 ittam
884 961 972 1035 aliis,
992 981 1065 1024 cum
1078 960 1139 1042 ipsi
1152 961 1215 1027 rint

184 1077 391 1140 commetanei
416 1085 447 1138 et
471 1077 538 1158 ipsa
564 1084 648 1139 terru
670 1075 709 1137 sit
729 1075 774 1136 eis
795 1074 997 1137 hereditario.
1027 1072 1213 1155 rex-itaque

185 1208 256 1253 curu
270 1187 465 1269 principibus
485 1186 549 1249 suis
563 1186 596 1248 id
610 1186 713 1267 ipsum
727 1186 883 1259 senciens,
904 1185 977 1248 dato
993 1183 1143 1266 pristaido
1159 1202 1215 1247 no-

185 1298 269 1360 mine
279 1297 450 1359 Fouchuca
463 1295 559 1359 tratre
571 1296 687 1376 Heym,
708 1296 851 1377 precepit
864 1303 978 1360 terrem
993 1294 1078 1358 illam
1094 1313 1216 1359 ueuuu·

187 1408 255 1471 dari
269 1407 417 1490 predictis
430 1406 570 1488 predicte
582 1406 707 1470 domiue
723 1406 879 1470 fratribus.
900 1407 954 1489 qui
968 1428 1039 1470 cum
1053 1408 1115 1470 iam
1129 1406 1215 1471 dicto

188 1520 336 1602 pristaido
357 1519 523 1583 uenientes
544 1519 752 1592 Uaradinum,
782 1519 937 1583 dederunt
954 1517 1124 1581 cruciferis
1145 1537 1216 1600 pso·

187 1629 257 1693 tutis
280 1649 430 1712 prosopa
444 1629 505 1692 mm
520 1628 602 1693 diota
617 1638 701 1692 terra
717 1629 874 1711 precium,
895 1631 1067 1693 secuudum
1089 1631 1216 1695 estima-

187 1742 309 1805 ciouem
324 1739 415 1823 regui
428 1738 537 1822 uiginti
551 1750 584 1804 ot
597 1739 676 1803 duas
690 1758 822 1812 marcas,
843 1739 965 1803 tenone
980 1741 1094 1815 minus,
1108 1749 1140 1804 et
1152 1747 1219 1804 ter·

186 1873 253 1919 ram
275 1853 306 1915 iu
322 1873 432 1916 eorum
454 1853 502 1915 ius
521 1852 606 1934 regis
621 1850 806 1915 auctoritate
821 1851 1014 1925 reuolutam,
1035 1852 1215 1917 testimonio

186 1966 283 2030 uostri
298 1965 424 2046 capituti
441 1963 639 2027 Uaradieusis
652 1963 711 2025 sibi
726 1962 868 2025 iecerunt
882 1962 1027 2025 adscribi.

270 2074 359 2155 (131)
381 2075 460 2137 Cum
481 2074 615 2138 ecclesio
632 2075 730 2138 sancti
746 2072 980 2156 protomartyris
1002 2073 1214 2138 deterritorio

189 2185 369 2249 Uaradicnsi
383 2185 540 2267 quandam
556 2193 672 2248 terram
686 2203 791 2258 suam,
812 2183 937 2247 nominc
951 2183 1127 2258 Thomasci,
1140 2203 1217 2249 coa·

188 2296 310 2359 tulisset
331 2316 389 2360 usu
412 2293 583 2358 fructuario
597 2293 748 2377 sapuisti
769 2293 835 2357 titio
851 2294 972 2357 'rhome
996 2294 1134 2357 comitis:
1156 2296 1217 2359 ur·

189 2406 302 2488 phatle
323 2414 429 2471 autem
450 2406 482 2467 iu
497 2425 632 2488 persona
649 2413 680 2467 et
693 2404 725 2466 iu
740 2405 860 2469 cunctis
876 2405 1126 2486 possessionibus
1139 2404 1217 2479 suis,

188 2538 247 2599 pro
261 2518 397 2601 quadem
413 2516 600 2581 enormitate
614 2514 761 2580 facinoris
778 2516 826 2578 sui
842 2524 951 2579 contra
966 2516 1110 2581 comitem
1124 2515 1216 2591 Bou,

189 2629 312 2711 publica
330 2630 550 2700 condemnato,
571 2626 790 2708 prenominata
811 2635 895 2690 terra
916 2627 998 2691 iuter
1017 2635 1138 2691 ceteras
1158 2647 1218 2691 uo-

188 2742 298 2804 mioati
311 2739 478 2823 sophistis
502 2748 600 2803 terras
614 2739 647 2801 iu
662 2757 771 2800 manus
785 2737 870 2820 regis
883 2740 1008 2804 Andree
1026 2740 1217 2815 deuenisset,

188 2873 245 2916 rex
266 2872 345 2915 uero
367 2851 510 2915 Ladislao
532 2849 636 2914 comiti
660 2850 700 2913 de
719 2850 804 2913 Bach
826 2859 858 2915 et
877 2851 973 2916 iudici
993 2851 1079 2915 curie
1100 2861 1217 2917 terrem

189 2964 322 3027 eaodem
344 2962 540 3034 contulisset,
571 2960 733 3043 Phiiippus
759 2961 936 3044 prepositus
960 2962 1094 3026 ecclesie
1116 2961 1217 3026 saucti

188 3075 443 3159 protomartyris,
467 3095 538 3137 cum
564 3073 666 3155 priore
690 3075 828 3136 Adriano
849 3082 881 3136 et
900 3072 1046 3135 Cornelio
1069 3074 1217 3149 custode,

190 3207 249 3251 uec
263 3206 326 3249 uou
342 3185 491 3250 uniuerso
506 3185 648 3247 eiusdem
666 3184 728 3246 toci
742 3183 890 3265 capituto,
910 3184 1145 3265 requisiueruut
1164 3202 1217 3247 su·

191 3298 362 3380 pradictam
382 3307 515 3368 terram,
535 3295 675 3357 diceutes
696 3302 729 3356 et
747 3294 927 3357 testimonio
942 3292 1099 3375 priuilegii
1111 3303 1218 3356 osteu-

192 3409 314 3482 doutes,
341 3408 426 3490 quod
451 3406 568 3488 prefata
595 3414 677 3466 terra
703 3404 837 3466 ecclesio
861 3404 961 3468 seucti
981 3404 1218 3486 protomartyris

192 3527 293 3591 esset,
314 3526 346 3581 et
364 3517 490 3600 pretato
512 3514 680 3597 impliciti,
710 3523 818 3595 utpote
844 3514 960 3577 deuote
985 3515 1118 3578 ecclesie
1141 3513 1219 3589 titio,

191 3650 250 3695 usu
263 3628 435 3693 fructuario
457 3626 569 3689 collata
577 3670 587 3700 ,
612 3625 695 3688 iuter
707 3625 873 3687 facultates
886 3625 984 3706 ipsius
999 3624 1164 3705 Raphattlis
1177 3624 1219 3688 ab

191 3739 325 3803 ecclesis
345 3759 410 3801 nou
424 3738 555 3801 deberet
575 3735 716 3799 alienari.
748 3757 804 3797 rex
819 3737 925 3817 itaque
940 3754 1010 3797 cum
1024 3735 1089 3799 suis
1102 3735 1219 3817 priuci-

190 3851 282 3931 pibus
302 3851 342 3913 de
356 3851 418 3913 iam
433 3849 517 3911 dicta
537 3856 623 3909 terra
642 3846 745 3910 taliter
759 3846 911 3909 definiuit.
939 3847 1025 3929 quod
1039 3847 1217 3929 supradicta

191 3960 290 4023 saucti
315 3959 552 4042 protomartyris
576 3956 708 4020 ecclesia
734 3956 914 4037 supradicto
939 3955 1085 4021 Ladislao
1111 3953 1219 4021 comat

192 4079 319 4133 centum
339 4089 460 4133 marcas
481 4067 694 4153 pomotoorer,
722 4075 755 4130 et
774 4067 819 4131 sic
837 4068 1015 4149 supradicta
1034 4075 1119 4131 terra
1133 4066 1219 4130 Tho-

192 4181 290 4248 masci
303 4182 346 4247 ud
358 4182 459 4266 ipsam
477 4181 545 4247 riae
558 4179 644 4246 omui
657 4179 904 4247 contradictione
916 4180 985 4247 iura
997 4187 1154 4267 perpetuo
1166 4196 1219 4245 rc·
