2798 4764
498 374 681 424 rnarsmmr
707 374 749 423 ue
768 364 881 423 runnu.
1140 352 1199 422 701
1276 430 1279 435 ,

181 531 281 615 gium,
301 530 355 613 qui
378 550 415 593 se
439 528 531 592 nobis
555 539 587 593 et
608 536 717 610 postea
742 528 836 591 iudici
858 525 1071 589 coadiutorem
1089 525 1204 608 prefati

180 642 304 705 Martini
316 642 411 705 tuisse
427 642 602 713 confessus,
622 639 801 704 exoculatus
816 647 873 703 est.
895 647 1083 701 memoratus
1097 637 1204 719 itaque

180 752 344 816 Furcasius
364 753 402 814 ud
417 751 573 834 prefatum
587 752 722 814 iudicem
737 770 901 823 reuersus,
921 749 1119 813 renunciauit
1133 768 1204 811 cum

180 863 330 946 pristaido
352 882 411 925 suo
434 862 632 926 aduersarios
653 883 728 924 suus
751 864 788 926 ad
810 862 957 924 iudicium
979 860 1053 922 ferri
1072 878 1135 920 nun
1149 879 1206 923 ue-

181 974 285 1037 nisse:
314 974 409 1035 iudex
428 972 523 1054 igitur
545 972 766 1035 condemnauit
788 971 866 1034 iilos.
897 991 969 1033 nam
991 992 1050 1052 per
1069 971 1205 1033 eundem

181 1085 363 1170 pristaldum
383 1103 473 1146 suum
497 1091 528 1146 et
548 1085 727 1146 Furcasium
746 1084 824 1146 tates
844 1083 935 1145 nobis
952 1083 1072 1145 remisit
1091 1081 1207 1144 iiterae.

183 1195 283 1279 (iyuIa
305 1196 355 1258 dei
374 1195 480 1276 gracia
494 1214 599 1256 comes
615 1193 784 1274 palatinus,
805 1203 917 1257 cuncto
931 1193 1066 1275 capitulo
1080 1192 1209 1255 Uaradi·

183 1307 290 1369 nensis
312 1303 445 1368 ecclesie
467 1306 597 1367 salutem
613 1315 645 1368 et
659 1305 869 1370 diiectiouem.
896 1306 1093 1368 notificamus
1108 1303 1209 1377 uobis,

185 1417 272 1500 quod
286 1416 455 1478 aduersarii
467 1417 594 1489 Forcos,
609 1434 743 1498 quorum
758 1419 882 1478 nomina
897 1417 956 1479 hec
972 1425 1058 1478 sunt:
1073 1416 1209 1488 Mortua,

186 1525 343 1600 Zoboichi,
357 1546 427 1588 cum
442 1525 650 1588 seruientibus
667 1545 786 1599 eorum,
803 1524 1210 1599 Moruc,10anus,Niciouc,

185 1637 340 1719 Stephan,
361 1644 394 1698 et
405 1636 502 1698 irater
516 1636 584 1698 eius
599 1637 695 1709 laud,
711 1644 742 1697 et
756 1654 866 1697 seruus
882 1654 958 1697 suus
971 1635 1112 1707 Scimad,
1126 1632 1211 1715 Gya·

186 1746 297 1822 muith‚
330 1747 433 1830 Tyod,
464 1747 578 1819 Petka,
611 1755 642 1809 et
670 1765 750 1807 uuus
780 1765 948 1826 germanus
974 1763 1082 1808 eorum
1110 1743 1211 1816 Beue,

186 1858 307 1941 (iyurg,
327 1856 462 1939 Magud,
482 1856 577 1927 Abel,
600 1855 746 1928 uiuent,
773 1863 804 1916 et
822 1856 964 1918 seruiens
986 1874 1061 1917 suus
1075 1853 1211 1936 Chyma,

185 1968 351 2039 Mattheus,
365 1966 476 2038 Cecur,
490 1967 630 2040 Scenter‚
646 1966 775 2040 Abram,
790 1965 883 2039 Uace,
897 1964 1028 2048 Toluoy,
1042 1967 1120 2039 Bne,
1135 1965 1212 2027 Scu-

186 2078 279 2149 mud,·
295 2079 326 2139 in
341 2077 507 2158 prerencia
528 2088 636 2140 nostra
658 2084 892 2149 remanserunt,
914 2085 946 2138 et
964 2096 1019 2138 eos
1036 2077 1151 2137 serrum
1166 2075 1212 2138 ie·

187 2206 263 2250 uere
285 2188 318 2249 in
338 2186 441 2248 iocum
457 2187 645 2249 Uaradiuum
669 2188 823 2261 misimus,
844 2207 924 2268 quos
943 2187 1076 2248 termino
1092 2185 1212 2265 prefixa

189 2297 358 2380 pristaidus
376 2306 485 2360 noster
500 2318 562 2359 nun
576 2299 652 2361 dixit
667 2298 810 2371 uenisse,
832 2296 933 2379 quud,
955 2297 980 2358 ai
996 2317 1105 2358 uerum
1121 2303 1214 2359 estet

188 2427 247 2471 uos
261 2409 356 2481 scitia,
377 2408 463 2489 quud
480 2407 611 2488 predicti
625 2407 769 2470 homines
783 2407 826 2469 ibi
842 2426 904 2469 nou
919 2407 1044 2481 suerint,
1065 2405 1215 2469 iamdicti

188 2518 324 2580 Farcaaii
346 2536 472 2581 causum
493 2515 591 2579 literis
613 2517 787 2599 assignate,
809 2527 840 2581 et
854 2538 963 2580 omnes
982 2519 1215 2598 prenominatos

189 2604 387 2691 remansisse.
408 2648 466 2689 nos
480 2637 600 2700 autem,
621 2628 701 2690 aicut
714 2627 923 2709 prediximus,
951 2629 1043 2691 huius
1057 2629 1103 2691 rei
1118 2638 1215 2692 testes

189 2758 307 2812 sumus,
328 2739 413 2820 quud
437 2739 642 2819 prenominati
664 2738 806 2801 homines
828 2737 859 2800 iu
882 2741 1023 2821 predicta
1043 2741 1216 2823 septimana

191 2849 291 2910 omnis
311 2856 396 2911 terra
412 2848 557 2910 Uaradini
576 2868 641 2911 nou
662 2860 919 2931 comparuerunt,
943 2858 1048 2933 preter
1067 2852 1127 2912 iam
1150 2850 1216 2912 dic·

192 2967 255 3021 tum
271 2959 426 3040 Scegium.

273 3069 371 3144 (did)
393 3069 469 3133 Paul
480 3070 520 3133 de
531 3070 605 3132 uitia
616 3069 728 3133 Beituk
739 3070 996 3151 impeciitomnes
1008 3068 1216 3133 Fiandreusec

190 3181 231 3245 de
255 3182 356 3253 Batur,
378 3201 435 3261 pro
459 3181 616 3243 occisione
642 3180 744 3242 fratria
769 3181 817 3242 sui
837 3178 1009 3241 Benedicti.
1038 3179 1214 3260 quodcum

190 3292 321 3373 predicti
331 3291 541 3353 Flandrenses
556 3310 619 3351 non
631 3289 850 3360 diffiterentur,
864 3289 919 3350 aed
933 3288 1073 3351 dicerent
1082 3308 1116 3350 se
1126 3288 1213 3350 ilium

190 3402 224 3463 in
237 3402 400 3465 latrocinio
416 3401 578 3473 occidisse,
594 3399 676 3463 Esau
693 3419 799 3462 comes
815 3399 853 3461 de
870 3399 997 3483 Hugosa
1011 3419 1050 3462 ex
1065 3408 1215 3483 precepto

191 3510 275 3592 regie
295 3511 490 3584 discuciens,
516 3529 573 3590 per
594 3509 776 3590 pristaldum
798 3508 923 3571 nomine
945 3509 1112 3571 Martinum
1136 3510 1218 3576 misit

191 3620 379 3684 Uaradinum
402 3622 442 3682 ad
465 3619 627 3682 candentis
646 3619 718 3682 ferri
738 3620 904 3694 iudicium,
926 3619 978 3682 ubi
997 3620 1072 3683 Paul
1094 3629 1217 3703 portato

191 3731 275 3794 ferro
290 3731 474 3795 iustificatus
489 3740 546 3793 est.
589 3806 592 3811 ,

147 3888 156 3899 .
273 3841 372 3916 (ΞΗ)
394 3842 496 3902 Poura
518 3839 681 3921 requisiuit
703 3842 782 3903 duos
805 3860 915 3926 ceruos
936 3842 1043 3905 uxoris
1064 3863 1132 3917 sue,
1153 3843 1218 3909 titio

192 3949 303 4012 Hudue
316 3951 449 4025 comitis,
470 3949 587 4014 scilicet
600 3952 701 4013 Tutan
717 3960 748 4014 et
762 3951 858 4013 filium
875 3952 943 4015 eius
957 3954 1087 4028 Lucam,
1109 3974 1217 4017 coram

194 4059 304 4143 Neuka
319 4062 432 4125 comite
446 4062 638 4126 Bichurienti
661 4080 679 4125 a
694 4064 849 4126 canonicis
865 4065 904 4127 de
918 4073 1027 4129 saneto
1041 4067 1218 4128 Protomar·

192 4177 272 4263 tyre.
297 4169 345 4236 itti
363 4177 468 4239 auton
487 4173 632 4239 dixerunt
649 4173 779 4240 eundem
799 4194 909 4243 caruca
931 4176 1064 4241 dunatus
1085 4194 1155 4242 esse
1175 4173 1216 4241 rb
