2798 4764
323 368 584 453 communiones
605 370 740 417 sraonua
762 367 919 415 emaum.
954 351 1052 417 tata
1136 347 1196 428 5⁸¹

174 526 274 588 riores
289 523 438 587 ordinarii
453 523 679 597 alienancium,
692 521 835 585 alienatis
849 521 936 603 prius
953 523 993 585 ad
1005 524 1066 598 ius,
1079 534 1112 588 et
1123 543 1199 607 pre·

176 638 337 719 prietatem
359 634 539 698 monasterii
560 655 617 697 seu
638 634 842 697 ecclesiarum
864 636 1037 708 reuocatis,
1058 637 1110 699 uel
1128 637 1201 703 dtis

176 745 371 810 indemnitati
384 746 523 828 ipsorum
538 744 719 807 monasterii
733 753 765 806 et
779 743 985 806 ecelesiarum
1001 745 1129 826 prouisa
1142 764 1213 817 aaa,

174 858 259 921 leant
273 856 424 920 relaxare.

259 967 328 1048 (37)
356 967 525 1030 statuimus
550 967 637 1048 quod
659 965 790 1027 ecclesie
817 966 1031 1046 parochiales,
1063 967 1114 1032 uel
1138 967 1200 1035 alia

177 1080 309 1144 ecclesie
325 1098 381 1142 sau
396 1079 585 1141 monasteria
603 1098 659 1158 per
673 1078 807 1140 maiores
822 1097 878 1138 seu
893 1078 1040 1152 minores,
1061 1080 1113 1143 uel
1128 1099 1201 1161 perf

176 1211 281 1264 sonas,
300 1210 357 1253 seu
378 1190 553 1271 magistros,
573 1197 628 1252 aut
648 1187 784 1270 capitula
806 1189 1031 1251 cathedralium
1053 1186 1215 1257 ecclesia:

178 1323 264 1376 rum,
286 1301 337 1364 uel
357 1300 488 1364 aliarum
509 1299 712 1362 ecclesiarum
733 1299 871 1381 prelatos
892 1301 984 1362 nouis
1005 1301 1143 1378 iniustis,
1166 1311 1201 1369 el

177 1412 324 1475 indebitis
341 1410 553 1473 exactionibus
573 1430 638 1471 non
658 1419 836 1491 patrentur,
863 1429 922 1472 nec
942 1411 988 1474 eis
1005 1413 1080 1474 noui
1101 1414 1201 1497 impo-

178 1531 292 1586 nantur
305 1541 428 1595 census,
450 1528 503 1582 aut
516 1519 671 1582 indebitas
689 1520 868 1582 exactiones
888 1519 1051 1595 inducant,
1072 1543 1131 1586 nec
1144 1543 1202 1597 ua·

179 1643 260 1696 teres
275 1615 448 1715 augeantur
463 1631 641 1712 pensiones.
662 1632 715 1713 qui
730 1651 807 1694 uere
822 1606 942 1694 inuehti
956 1633 1074 1696 suerint
1086 1636 1117 1696 in
1132 1634 1202 1701 tali-

178 1745 236 1806 hus
251 1741 398 1805 eeclesias
412 1742 578 1803 molestare
593 1750 646 1805 aut
656 1761 828 1825 aggrauare
844 1743 1009 1823 predictas,
1023 1745 1049 1806 si
1061 1747 1202 1831 episcopi

179 1876 234 1937 per
247 1853 506 1935 metropolitanos
527 1873 654 1927 eorum,
675 1855 701 1915 si
715 1854 881 1916 interiores
903 1875 1038 1935 persone
1058 1878 1114 1938 per
1126 1876 1202 1923 suaa

179 1967 361 2028 diecesanos
380 1984 400 2026 a
420 1965 533 2028 talibus
552 1983 789 2046 percensuram
809 1965 1070 2041 ecclesiasticam,
1091 1989 1128 2030 ac
1142 1970 1204 2035 alia

178 2087 355 2160 opportuna
368 2075 508 2138 remedia
523 2076 676 2138 desistere
690 2075 926 2157 compellantur.

248 2185 325 2268 (38)
347 2185 425 2247 Cum
445 2194 507 2247 tam
523 2185 562 2248 de
575 2185 644 2247 iure
659 2205 754 2268 quam
769 2186 961 2269 degenerali
974 2191 1202 2258 consuetudine

178 2296 343 2358 multarum
359 2295 562 2357 ecelesiarum
577 2295 789 2358 archidiaconi
807 2298 1052 2364 iurisdictionem
1066 2301 1206 2367 habeant

178 2426 288 2469 causas
307 2403 562 2480 matrimoniales,
592 2413 624 2467 et
643 2406 828 2487 plerumque
849 2408 925 2472 alias
943 2411 1107 2488 audiendi,
1128 2432 1204 2477 exa·

179 2517 329 2590 minandi,
361 2515 545 2590 decidendi,
574 2516 738 2578 statuimus
760 2525 855 2599 atque
879 2520 1086 2602 precipimus,
1117 2525 1204 2606 quod

179 2630 255 2693 nulli
277 2629 316 2692 dc
336 2636 443 2691 cetero
465 2627 497 2689 in
510 2647 609 2711 regno
623 2628 784 2711 ilungarie
804 2637 837 2692 et
848 2632 1010 2712 prouincia
1024 2635 1153 2699 Polonie
1170 2637 1205 2700 in

178 2741 415 2805 archidiaconos
429 2748 638 2815 assumantur,
658 2741 718 2803 nisi
732 2739 765 2802 in
778 2740 847 2805 iure
861 2745 1012 2806 canonico
1028 2746 1130 2810 taliter
1141 2749 1207 2813 sint

178 2850 322 2914 instructi
342 2861 436 2933 atque
458 2850 568 2933 periti,
588 2852 674 2932 quod
695 2871 805 2916 causas
827 2852 1007 2918 huiusmodi
1028 2859 1205 2923 secuudum

178 2965 245 3026 iura
274 2971 306 3025 et
328 2960 535 3025 racionabiles
563 2963 806 3026 consuetudines
835 2965 996 3042 locorum,
1030 2969 1061 3030 in
1090 2969 1205 3050 quihus

178 3075 358 3139 huiusmodi
386 3073 632 3138 iurisdictionem
661 3077 816 3151 obtinent,
848 3079 975 3154 audire,
1005 3082 1206 3157 examinata,

179 3197 272 3269 atque
293 3187 439 3250 decidere
464 3188 602 3267 possint,
629 3187 684 3249 uel
703 3188 780 3251 alias
802 3189 835 3250 in
854 3191 972 3253 artihus
993 3190 1073 3263 sint,
1098 3191 1205 3255 autin

181 3297 250 3359 aliis
271 3295 409 3358 scientiis
430 3296 533 3358 taliter
552 3295 727 3369 informati,
754 3299 839 3379 quod
861 3298 893 3359 in
913 3299 1026 3360 talihus
1047 3310 1205 3365 annuente

155 3426 156 3429 ’
184 3407 243 3470 deo
268 3405 479 3469 uerisimiliter
493 3405 644 3488 prolicere
666 3407 801 3486 possint,
830 3417 862 3472 et
875 3409 901 3471 si
916 3409 992 3471 tales
1006 3409 1038 3471 in
1052 3409 1207 3475 archidia-

182 3536 279 3580 conos
303 3519 420 3580 assumi
441 3517 624 3600 contigerit,
647 3526 814 3581 teneantur
835 3520 874 3581 ad
898 3521 1000 3582 minus
1017 3521 1153 3584 triennio
1172 3522 1208 3587 in

182 3630 333 3693 canonico
355 3630 423 3692 iure
445 3630 590 3703 studere,
611 3628 747 3692 dimissis
768 3630 800 3691 in
814 3630 890 3711 ipsis
904 3630 1207 3701 archidiaconalila!

181 3740 293 3803 talibus
313 3740 454 3815 uicariis,
475 3742 529 3824 qui
551 3740 684 3803 honeste
705 3740 825 3822 possint
843 3741 969 3823 suplere
985 3743 1071 3806 uices
1086 3762 1208 3821 corun,

182 3851 264 3913 hanc
284 3862 391 3916 autem
405 3853 445 3915 ad
461 3853 598 3915 studium
613 3860 763 3936 quantum
784 3853 825 3915 ad
839 3854 1098 3919 constitucionem
1113 3857 1210 3921 triera-

182 3963 226 4024 nii
251 3962 291 4023 ad
315 3962 376 4025 iam
399 3963 557 4028 institutos
585 3965 822 4028 archidiaconos
849 3967 977 4030 extendi
1002 3968 1149 4032 uelumru
1175 3972 1210 4033 at

184 4073 384 4149 mandamus,
404 4075 465 4139 nisi
485 4085 519 4140 et
537 4075 667 4141 instituti
683 4096 779 4162 quum
795 4077 868 4142 iacti
882 4079 960 4156 sint,
981 4087 1013 4144 et
1026 4078 1209 4147 medenenti

185 4191 260 4282 post
272 4204 346 4252 suaa
359 4183 574 4263 instituciones
586 4187 665 4297 lieet
682 4190 803 4285 absque
820 4190 904 4260 uicto
918 4197 950 4261 at
962 4189 1055 4287 culpa
1066 4191 1211 4287 ipsoram
