2798 4764
232 354 293 421 500
335 330 477 420 mbrscsr
496 369 544 421 ιιι.
571 369 660 419 renus
689 367 891 419 cossrrrnrro
920 369 960 418 ns
988 363 1129 417 connis.
1172 342 1263 417 tm.

234 539 330 603 taret,
350 528 527 612 recepimus
552 539 583 593 et
608 529 695 610 prius
721 529 759 589 de
781 536 901 609 septem
926 524 1187 608 generacionibus
1210 546 1265 587 eo·

234 642 377 704 rumdem
394 641 620 714 Comanurnm,
635 647 728 722 prout
742 648 829 712 sunt,
843 648 963 720 septem
979 638 1114 710 obsides,
1128 657 1190 719 qrre
1206 658 1264 700 nos

235 753 275 815 ad
301 761 425 835 tempus
450 752 601 815 iaciemus
627 750 772 815 obtineri.
806 771 886 832 qrros
909 750 1037 832 qrridem
1059 750 1204 812 dominos
1223 749 1264 812 de

235 864 382 927 Cumanis
403 875 434 928 et
456 864 576 927 nobiles
599 863 809 926 Cumanorum
832 871 864 925 et
879 870 974 925 totam
996 869 1122 944 gentem
1138 881 1264 924 eorum-

235 977 326 1051 dem,
348 977 379 1039 in
399 998 499 1060 reguo
514 985 622 1040 nostru
637 977 841 1049 existentem,
863 996 920 1037 uos
939 974 1071 1037 solemni
1094 984 1124 1038 et
1140 973 1264 1056 pubiica

235 1089 486 1172 congregacione
501 1089 533 1150 in
547 1106 647 1170 reguo
663 1095 771 1151 nostro
785 1087 883 1160 iacta,
906 1092 938 1150 et
953 1086 1092 1168 diligenti
1107 1085 1264 1148 delibera·

235 1201 326 1263 cium
347 1221 419 1265 cum
439 1199 611 1267 baronibus
633 1210 665 1264 et
679 1199 835 1263 nobilibus
855 1199 945 1282 regni
969 1199 1067 1263 nostri
1087 1199 1194 1261 babita
1209 1199 1264 1261 de·

234 1314 388 1376 scandere
403 1311 544 1388 fecimus,
566 1315 661 1375 ruodo
677 1332 713 1375 ac
728 1312 807 1376 iocis
821 1311 1038 1394 infrascriptis.

318 1420 363 1504 (t)
385 1423 568 1487 Uideticeta
585 1425 679 1487 modo
696 1424 888 1487 descendent
910 1433 941 1486 et
956 1423 1107 1486 recedent
1127 1443 1146 1485 a
1161 1423 1265 1485 taber·

236 1536 355 1600 nacuiis
370 1536 434 1599 suis
449 1545 481 1599 et
495 1535 638 1598 domibus
652 1535 786 1608 flitrinis,
801 1544 832 1599 et
846 1536 1028 1598 habitabunt
1044 1556 1080 1596 ac
1096 1535 1265 1596 morabun-

235 1656 286 1711 tur
301 1647 332 1710 in
348 1648 429 1709 uitiis
444 1668 532 1710 more
547 1647 803 1720 Christianorum,
818 1649 849 1710 in
865 1648 975 1710 edibus
990 1655 1022 1710 et
1037 1646 1180 1708 dumibus
1195 1645 1264 1708 soto

119 1823 122 1829 ,
235 1758 317 1822 tisis.

253 1900 257 1905 ·
318 1868 363 1952 (ἢ)
383 1879 488 1953 preter
501 1870 699 1934 abrasionem
714 1869 881 1933 barbaram
897 1879 929 1934 et
943 1870 1197 1934 abreniscionem
1211 1889 1265 1933 cu·

234 1983 401 2068 pittomm,
428 1991 460 2046 et
480 1983 620 2046 babiturs
642 1981 778 2046 uestium
803 1984 1005 2055 eorrrmdem,
1033 2002 1128 2064 super
1150 1983 1265 2064 quibus

235 2097 367 2161 cosdem
382 2104 490 2178 preter
500 2096 639 2179 ipsorum
654 2096 848 2158 uoluntate·
860 2094 1053 2157 uenerabitis
1067 2093 1266 2175 puterdorni·

234 2228 295 2272 nus
316 2207 447 2289 tegnas,
468 2210 508 2272 sd
528 2217 668 2272 nostram
684 2210 831 2271 deuotum
850 2206 1049 2280 instanciam,
1069 2207 1196 2269 ienitate
1211 2222 1267 2288 pa·

234 2331 324 2386 tarne
344 2322 469 2403 pietatis
490 2321 760 2395 condescendens,
781 2318 898 2382 inuitos
919 2338 983 2382 non
1006 2319 1126 2400 coegit,
1155 2319 1211 2381 sed
1233 2318 1266 2380 in

234 2431 303 2495 sitis
317 2450 351 2496 se
366 2432 506 2495 muribus
518 2432 768 2495 Christianorum
783 2431 1035 2494 conformabunt.

318 2544 364 2626 (3)
388 2552 420 2607 et
440 2545 525 2627 quod
547 2545 580 2605 in
598 2565 695 2625 regno
712 2554 743 2607 et
765 2544 856 2606 terris
871 2543 986 2606 nostris
1001 2544 1041 2605 ab
1056 2542 1202 2605 omnibus
1216 2542 1266 2603 in-

234 2656 381 2719 soteneiis
400 2666 432 2719 et
452 2657 571 2721 insidiis
593 2657 757 2728 iaciendis,
778 2675 815 2718 ac
837 2655 1056 2718 interiectione
1074 2655 1266 2717 Christiano-

233 2782 321 2840 rum,
342 2787 378 2829 ac
402 2788 512 2830 eoru·
536 2769 689 2850 sanquine
713 2767 924 2839 effundendo,
954 2765 1117 2830 retrahent
1139 2766 1266 2847 penitus

234 2892 346 2939 manus
359 2896 442 2939 suas.

319 2986 365 3068 (t)
387 2998 418 3052 et
442 2998 476 3051 ut
499 2998 591 3053 antea
612 2990 699 3052 unito
722 3008 858 3072 unquam
883 2999 1027 3071 tempore
1049 2989 1183 3062 facient,
1206 3007 1265 3050 nec

236 3099 304 3164 beri
320 3103 500 3184 permittent
514 3101 692 3165 huiusmodi
709 3122 764 3183 per
779 3122 854 3164 suos
868 3100 1003 3164 famulos
1014 3101 1265 3164 etsubieetos.et

236 3226 272 3279 ut
294 3214 444 3296 premissa
467 3236 524 3298 per
544 3216 674 3278 eosdem
697 3216 917 3287 obscurentur,
943 3214 1099 3275 ordinabit
1118 3213 1264 3276 dominus

233 3326 360 3411 topatus
379 3328 582 3412 inquisitores
604 3327 726 3409 aliquos
743 3325 807 3389 tide
828 3326 951 3408 dignos,
975 3327 1029 3408 qui
1050 3347 1107 3407 per
1124 3325 1265 3407 singutas

236 3440 460 3520 geuemciones
475 3440 657 3503 corumdem
672 3449 704 3502 et
717 3435 960 3520 generacionum
977 3438 1102 3519 gradus,
1123 3455 1267 3519 quacun-

236 3562 300 3637 rme
321 3551 404 3616 tinea
423 3553 481 3615 sibi
503 3551 638 3615 inuicem
659 3551 837 3623 attinentes,
858 3558 891 3612 et
906 3569 962 3630 per
974 3550 1053 3611 atius
1068 3568 1178 3610 omnes
1191 3549 1267 3610 sub-

237 3660 319 3721 ditos
342 3680 452 3723 eorum
475 3663 651 3744 inquirant,
673 3671 704 3724 et
718 3662 818 3725 sciant
836 3680 932 3742 super
947 3660 1107 3742 premissis
1119 3659 1267 3720 omnibus

235 3780 268 3832 et
282 3771 412 3852 singulis
427 3774 608 3848 ueritatem,
626 3793 721 3856 quam
737 3773 827 3835 nobis
843 3782 874 3835 et
888 3773 992 3835 eidem
1009 3773 1136 3835 domiuo
1149 3769 1267 3852 iegato,

235 3881 331 3943 immo
346 3882 495 3956 ecclesie,
517 3884 637 3947 reterre
652 3893 686 3948 et
699 3904 860 3966 exponere
875 3893 1053 3956 teneantur,
1075 3892 1110 3944 ut
1123 3883 1186 3955 itte,
1210 3882 1268 3963 qui

234 3993 268 4056 in
283 3992 388 4076 atiquo
402 3996 628 4077 premissorum
642 4004 857 4079 transgressor
868 3994 1015 4058 inuentus
1029 3994 1136 4068 tuerit,
1152 4014 1268 4077 penam

209 4148 213 4157 ·
236 4106 493 4180 molestantem,
513 4127 609 4190 quan
631 4116 782 4183 meretur,
803 4109 841 4171 rb
855 4105 989 4170 ecciesia
1003 4107 1150 4190 accipiat,
1172 4116 1205 4171 et
1218 4108 1270 4171 ni·

236 4217 407 4283 smus-n·
419 4236 478 4305 per
491 4236 553 4285 uos
564 4219 746 4303 temporetis
760 4219 900 4285 uindicts
913 4219 1034 4285 senciat
1047 4217 1218 4285 ulcionem.
