2798 4764
237 340 299 406 asu
377 342 646 405 natumiuniores
667 356 802 402 arnonus
823 354 979 401 summu.
1021 336 1111 400 sare.

238 511 338 575 donis
352 511 545 574 sentenciam
564 511 634 593 ipso
650 512 731 574 lucto
745 531 780 573 se
794 511 941 573 nouerint
954 510 1140 582 incurrisse,
1167 529 1186 572 a
1201 529 1265 593 qua

155 664 159 669 -
237 642 377 705 congrua
397 622 610 707 satisfactione
633 622 773 685 exhibita
792 621 836 684 illi
859 620 1029 701 parochiali
1048 622 1161 683 rectori
1175 622 1266 682 cuius

237 733 433 816 parochiano
448 734 624 797 ministrare
640 733 831 815 presumpsit
840 731 1055 795 ecclesiastica
1069 741 1266 794 sacramenta

239 866 296 928 per
310 846 493 909 diocesanos
514 847 680 929 episcopos
699 847 873 909 seeundum
894 845 1026 908 formam
1046 843 1176 905 ecclesie
1193 863 1266 925 pos·

210 1040 213 1047 Ι
239 957 301 1020 sint
312 956 445 1019 absolui.

239 1118 242 1124 .
304 1065 389 1148 ldis)
411 1067 531 1130 Omnes
544 1077 649 1131 autem
664 1069 804 1141 abbates,
824 1068 991 1149 prepositi,
1013 1068 1146 1149 priores,
1167 1067 1267 1129 etalii

240 1178 453 1260 prelacionem
474 1178 643 1252 babentes,
665 1180 775 1242 saltem
790 1180 888 1241 semel
903 1181 942 1242 de
956 1180 1020 1241 suis
1034 1180 1180 1241 omnibus
1194 1179 1267 1241 red·

240 1287 358 1352 ditibus
381 1297 413 1351 et
436 1291 593 1372 expensis,
622 1298 652 1353 et
670 1299 752 1353 statu
774 1290 979 1353 eeclesiarum
998 1308 1142 1362 suarum,
1170 1291 1268 1352 ceteri

242 1419 321 1464 uero
335 1401 602 1464 administratores
616 1402 769 1465 camerari
783 1421 840 1464 seu
855 1401 1016 1474 officiales,
1026 1410 1089 1464 tam
1101 1401 1267 1464 interiores

241 1532 337 1597 quam
356 1512 541 1586 exteriores,
561 1513 609 1575 bis
629 1514 661 1576 in
683 1531 766 1575 anno
788 1513 911 1576 duobus
930 1512 1080 1585 terminis,
1101 1534 1164 1576 uno
1178 1514 1268 1576 uide-

239 1622 315 1688 licet
333 1623 365 1684 in
385 1622 466 1684 festo
487 1624 586 1686 sancti
602 1623 723 1687 Thomu
747 1623 897 1705 apostoli,
927 1622 989 1685 alio
1011 1625 1042 1684 in
1065 1623 1146 1686 sesto
1166 1624 1265 1685 sancti

241 1733 370 1814 Georgii
391 1732 525 1795 reddant
544 1733 575 1793 in
596 1734 731 1813 capitulo
745 1733 918 1814 plenariam
939 1736 1113 1804 racionem,
1134 1752 1269 1796 consue·

242 1844 351 1908 tudine
376 1844 583 1924 quarumdam
609 1843 830 1917 ecclesiarum,
858 1845 913 1906 ubi
935 1845 1052 1926 pluries
1072 1845 1158 1907 racio
1176 1845 1267 1906 reddi

241 1953 323 2018 solet
343 1953 376 2015 in
396 1974 455 2016 suo
476 1954 591 2017 robore
614 1954 774 2017 duratura.
801 1955 834 2016 in
850 1956 964 2036 quibus
980 1956 1007 2017 si
1026 1955 1138 2036 prelati
1152 1964 1184 2018 et
1197 1954 1269 2016 offi-

243 2064 349 2138 ciales,
370 2065 421 2128 uel
442 2065 575 2146 predicti
593 2065 800 2147 negligentes,
820 2084 877 2127 seu
898 2064 1041 2129 infideles
1056 2074 1087 2128 et
1100 2066 1269 2128 mendaces

241 2177 361 2241 inuenti
376 2176 508 2250 luerint,
529 2177 702 2239 secuudum
716 2176 898 2259 qualitatem
914 2176 1004 2257 culpe
1020 2197 1075 2257 per
1086 2179 1270 2260 episcopum

242 2289 296 2353 uel
313 2290 407 2352 alium
428 2309 520 2351 suum
541 2289 736 2370 superiorem
761 2289 916 2370 puniatur,
938 2289 989 2350 alii
1003 2308 1081 2350 uero
1100 2290 1171 2369 ipso
1185 2289 1270 2351 lacto

243 2390 535 2463 administraciones
556 2398 713 2472 amittant,
742 2400 870 2482 grauius
891 2399 977 2463 iusta
1001 2401 1162 2463 arbitrium
1187 2401 1271 2482 epis·

243 2511 315 2592 cupi
330 2510 382 2572 uel
395 2512 443 2573 sui
458 2511 630 2592 superioris
644 2510 772 2573 alterius
786 2510 945 2592 puniendi.

326 2619 591 2702 (35)1nnibemus
612 2623 790 2694 abbatibus,
812 2623 995 2704 prepositis,
1016 2623 1183 2704 prioribus,
1203 2622 1271 2703 ple-

243 2731 345 2802 banis,
366 2731 540 2793 rcctoribus
556 2733 776 2806 ecclesiarum,
795 2742 826 2795 et
840 2733 959 2794 clericis
976 2734 1142 2806 uniuersis,
1157 2754 1196 2795 ne
1212 2734 1271 2816 ipsi

244 2848 353 2901 mutuo
378 2841 454 2902 dent
477 2839 527 2901 nel
551 2842 719 2921 accipiant,
748 2842 889 2916 abbates,
917 2845 1068 2924 prepositi
1088 2845 1171 2906 ultra
1192 2845 1270 2907 duas

245 2949 297 3010 nel
319 2958 384 3010 tres
404 2949 556 3022 marchas,
583 2952 679 3012 ceteri
700 2971 794 3013 unam
812 2952 989 3026 marcham,
1011 2955 1079 3015 sine
1103 2953 1218 3016 noticia
1240 2965 1272 3017 et

244 3080 401 3124 consensu
428 3059 555 3142 capituli
578 3062 643 3134 sui,
676 3061 726 3123 uel
752 3063 878 3126 maioris
904 3065 1007 3144 partis,
1036 3073 1089 3127 aut
1112 3066 1272 3128 diecesani

244 3173 402 3255 episcopi,
424 3191 556 3234 assensu
570 3172 708 3254 speciali.

327 3282 393 3364 (36)
414 3283 621 3347 Prohibemus
637 3284 772 3364 'insuper
785 3305 826 3347 ne
841 3285 1005 3348 inferiores
1026 3288 1136 3368 prelati
1152 3289 1270 3370 absque

245 3395 483 3477 episcoporum,
503 3414 561 3456 nec
582 3395 640 3476 ipsi
662 3395 781 3476 absque
796 3396 1119 3478 archiepiscoporum,
1141 3418 1199 3460 nec
1212 3399 1272 3478 ipsi

244 3505 476 3587 metropolitani
498 3507 617 3587 absque
639 3507 723 3569 sedis
743 3508 911 3587 apostolice
925 3509 1058 3570 licencia
1072 3509 1200 3591 speciali
1215 3509 1273 3570 ali-

245 3638 307 3700 qua
322 3619 362 3679 de
376 3617 467 3678 bonis
480 3615 692 3680 immobilibus
715 3620 765 3679 uel
778 3618 898 3681 iuribus
912 3621 951 3682 ad
964 3622 1189 3682 monasterium
1203 3621 1271 3683 siue

246 3727 394 3788 ecclesias
415 3747 488 3789 suas
505 3729 717 3809 spectantibus
739 3730 799 3792 nisi
814 3731 845 3791 in
860 3733 981 3793 casibus
996 3753 1014 3793 a
1028 3733 1096 3794 iure
1111 3734 1272 3814 permissis

245 3835 384 3900 alienare
404 3848 596 3917 presumant.
623 3841 708 3920 quod
730 3840 756 3902 si
771 3848 882 3902 contra
896 3841 1028 3904 iecerint
1043 3863 1100 3924 pro
1114 3842 1200 3904 irrito
1215 3842 1273 3905 ha-

244 3947 381 4012 beantur
402 3957 434 4010 et
453 3947 626 4012 alienantes
646 3953 672 4012 si
693 3952 859 4013 inferiores
883 3953 994 4033 prelati
1017 3954 1078 4015 sint
1099 3974 1117 4015 a
1143 3975 1273 4016 suorum

245 4057 410 4132 ordinum,
432 4059 656 4143 archiepiscopi
678 4071 710 4126 et
723 4061 864 4145 episcopi
885 4063 1142 4145 apontilicalium
1157 4084 1273 4127 execu-

246 4172 338 4239 ciune
355 4173 418 4237 sint
436 4171 506 4256 ipso
529 4172 612 4237 tacto
632 4175 787 4259 suspensi.
815 4188 911 4259 quam
924 4178 1161 4261 suspensionem
1177 4197 1273 4261 supe-
