2798 4764
307 324 456 393 mamm
474 313 615 381 maora
629 328 701 377 sara
715 326 906 383 assarum
924 325 1019 387 antu
1032 301 1112 397 lai
1158 307 1226 389 m

196 503 281 558 anm,
302 490 335 548 et
355 483 389 549 in
411 482 576 565 puluerem
598 483 776 559 redactum,
798 494 828 554 et
848 485 900 549 bia
913 491 1055 569 temporo
1068 485 1227 575 prodestis

195 604 270 661 nato
294 595 449 661 declarari
472 597 613 679 dignius,
638 604 671 660 et
689 597 723 661 in
744 597 984 661 resurrectionis
1006 598 1057 669 dio
1077 596 1227 679 renomri

195 707 380 791 gloriosius,
402 716 437 770 nt
450 714 635 782 mercretur,
656 707 800 773 baberet.
826 707 888 771 boc
902 727 1053 790 quorsum
1067 709 1227 791 respiciat,

195 819 273 903 qnid
285 818 439 900 designet,
451 818 551 882 oculis
565 816 778 900 spiritualibus
793 817 930 889 delectat
941 818 1123 896 intendere;
1137 821 1226 904 qaod

194 930 264 995 sina
280 929 549 1013 preordinacionis
563 931 679 991 allecta
693 928 815 1003 diuina,
836 928 952 992 lactum
967 947 1031 997 non
1045 929 1225 1003 estimatus

195 1039 326 1105 forsitan
350 1039 487 1122 quedam
510 1039 544 1101 in
568 1038 638 1121 ipso
661 1039 781 1105 terreni
803 1039 945 1122 pulueris
969 1039 1122 1121 aspersio,
1152 1039 1226 1124 im

197 1151 304 1215 dimne
337 1150 582 1214 examinacionis
610 1149 806 1233 purificanda
830 1157 1042 1227 remanserat,
1072 1150 1142 1223 sine
1164 1168 1228 1234 qap

197 1270 376 1345 regnantes,
390 1261 482 1346 quasi
495 1262 633 1345 qondam
646 1261 715 1325 inae
728 1259 914 1345 potenciali,
934 1261 1032 1327 uitam
1047 1245 1226 1344 presentem

198 1374 509 1439 nixantnulloteous
523 1373 657 1437 transire
672 1381 801 1456 quoum
1212 1416 1215 1423 -

282 1484 456 1555 luteriectis
475 1486 583 1567 itaque
603 1483 699 1547 XLV.
718 1485 824 1558 annis,
845 1505 916 1549 oum
931 1485 971 1549 ad
985 1486 1155 1569 prestanda
1164 1506 1227 1571 per

202 1617 273 1661 enm
286 1596 468 1663 mortalibus
483 1596 697 1663 misericordie
718 1616 775 1661 sne
793 1596 962 1674 benefida,
982 1599 1082 1663 sancti
1095 1598 1147 1663 sni
1159 1578 1229 1671 ml·

197 1709 242 1777 let
265 1710 343 1773 deus
367 1709 431 1775 iam
453 1709 566 1773 merita
587 1709 765 1783 declarare,
786 1729 826 1773 ex
849 1729 979 1774 romane
998 1710 1084 1775 sedis
1102 1710 1227 1795 instit*

198 1822 307 1897 aione,
329 1820 508 1903 apostolicis
530 1820 640 1887 litteris
658 1821 814 1885 sancitum
835 1829 900 1885 est:
921 1827 956 1885 ut
968 1840 1078 1887 eorum
1093 1841 1227 1906 corpu

198 1933 316 1997 eleuari
336 1933 505 2006 deberent,
527 1932 580 2014 qui
601 1932 634 1997 in
649 1931 812 1995 Pannonia
829 1931 994 1997 christiano
1015 1932 1090 1997 fidei
1105 1934 1228 2007 semina

198 2043 357 2119 iacientes,
377 2062 436 2107 sua
450 2063 518 2109 eam
529 2042 772 2125 predicacione,
792 2041 845 2105 nel
859 2042 1057 2107 institucione
1073 2045 1114 2107 ad
1125 2043 1227 2111 doni-

196 2176 273 2223 nam
286 2155 527 2220 conuertissent.
547 2154 737 2219 adueniente
751 2173 829 2219 uero
843 2161 985 2237 tempore
1000 2154 1226 2228 declaraoion's

200 2269 277 2343 eius,
297 2276 330 2335 et
341 2265 508 2331 laudabilis
523 2267 628 2350 gracie
642 2266 727 2341 eius,
748 2285 843 2348 quam
857 2285 915 2348 per
928 2266 1032 2348 ipsum
1046 2286 1124 2348 gens
1137 2267 1228 2345 Hea-

199 2379 305 2461 parics
318 2348 506 2461 promeruit,
525 2378 559 2441 in
573 2377 691 2440 mundo
706 2376 897 2458 diuulpande
911 2394 970 2440 aex
983 2376 1158 2452 Ladizlaus,
1170 2376 1227 2460 qai

197 2498 273 2554 tunc
293 2488 519 2571 rempublicam
533 2487 795 2562 amministrabat,
816 2487 965 2551 uniuersa
978 2486 1144 2555 honestate
1157 2506 1227 2559 υ.-

197 2623 269 2669 anna
292 2602 453 2685 preclarus
475 2600 615 2675 habitas,
650 2607 683 2665 et
703 2600 853 2663 uirtutum
878 2599 1001 2681 sopore
1026 2599 1227 2682 conspicuus,

199 2711 345 2781 laudibus
365 2722 399 2777 et
414 2712 547 2777 seruicio
562 2712 615 2776 dei
629 2711 768 2794 perlecto
783 2711 924 2787 deditos,
944 2711 1072 2795 spiritns
1086 2709 1229 2794 parpaffli

200 2827 445 2908 perlustracione
466 2832 578 2891 tactus·
608 2824 716 2889 habito
738 2823 897 2906 colloquio
922 2842 991 2889 curn
1016 2824 1174 2908 episcopis
1190 2831 1228 2897 rt

200 2937 399 3020 primatibus,
430 2944 463 3000 et
486 2935 588 3009 tocius
615 2935 775 2999 Pannonia
806 2935 1017 3018 sapientibus,
1031 2984 1034 2989 -
1047 2935 1226 3017 biduanum

200 3050 320 3112 conctis
341 3048 452 3111 indixit
470 3048 639 3122 ieiunium,
661 3055 695 3111 ut
714 3048 801 3131 qnod
822 3047 981 3111 communi
1001 3045 1228 3125 catholicum

198 3159 332 3235 utilitati,
352 3159 478 3243 spiritus
492 3159 592 3222 sancti
607 3159 707 3233 donis,
728 3159 901 3221 animarum
913 3168 944 3222 et
958 3179 1126 3241 corporum
1141 3158 1225 3223 saln-

199 3280 262 3336 tem
276 3272 480 3355 operantibus
494 3272 655 3336 uideretur
668 3271 738 3335 lore
752 3271 939 3354 prolicnum,
954 3270 1113 3335 communi
1127 3288 1225 3333 cono

201 3391 302 3449 torum
324 3385 570 3467 depracrciona,
598 3384 722 3449 ieiuniis
744 3390 777 3447 et
798 3382 976 3447 elemosinis
994 3382 1143 3456 lundata,
1166 3400 1227 3464 pap

201 3496 491 3561 manifestacionem
512 3497 674 3579 signorum
688 3517 706 3561 a
720 3496 844 3561 Christo
859 3495 990 3559 deberet
1004 3513 1075 3556 esse
1089 3511 1227 3576 queaera-

200 3608 284 3671 dnm.
310 3608 368 3673 sed
382 3617 418 3673 ut
431 3609 614 3673 ostenderat
626 3608 789 3683 dominos,
810 3613 926 3689 quante
939 3604 1155 3670 misericordia
1166 3622 1225 3675 ren

198 3730 325 3786 mactus
341 3720 438 3785 luerit
451 3720 554 3785 adbuc
567 3718 693 3784 mortali
707 3721 820 3784 niueos
834 3719 866 3781 in
880 3737 1029 3800 corpore,
1050 3737 1146 3800 qnam
1162 3717 1226 3799 iq

199 3853 268 3897 com
288 3834 413 3899 Cbristo
433 3852 580 3916 regnans,
599 3853 634 3896 se
655 3831 892 3897 demonstrabat
910 3829 1015 3895 adbuc
1033 3849 1090 3912 pra
1112 3828 1227 3903 aetass

199 3945 348 4026 operibus
363 3945 557 4027 approbare,
571 3962 642 4007 oum
657 3942 761 4007 uidae
775 3950 918 4007 sanatum
931 3940 1001 4005 sius
1014 3937 1227 4023 corpustotis
1353 4008 1355 4017 ,

197 4057 318 4122 nisibus
338 4055 466 4120 alenam
487 4063 683 4140 satagerent,
704 4053 790 4121 naba
806 4053 848 4117 de
868 4052 939 4115 loco
960 4071 1020 4114 suo
1039 4050 1143 4133 potuit
1157 4055 1227 4137 arip

198 4169 330 4237 moueri.
360 4187 400 4235 eo
424 4186 563 4267 namque
587 4176 745 4252 tenpore,
774 4163 975 4255 exigentibus
999 4161 1117 4248 culnia,
1141 4158 1228 4237 ΜΠ
