2798 4764
207 328 272 397 fl
535 347 609 393 vrri
633 344 659 392 s.
673 344 809 392 omani
829 324 906 411 (rt).

207 517 318 565 aorem
341 499 392 564 dci
416 496 583 583 ponemus
605 496 748 581 erigens,
776 505 808 561 at
828 505 901 562 anta
921 497 1022 580 ipsam
1043 495 1239 562 thuribulum

207 619 391 695 argenteum
407 611 492 686 fixit,
523 611 604 673 dnos
623 617 776 692 prouecta
795 610 887 674 etatis
909 608 1063 674 adhibens
1082 608 1240 684 homines,

208 720 241 787 in
253 723 426 787 ministerio
441 723 481 785 ad
495 721 701 804 uigilandum,
717 729 873 805 quatenns
887 721 928 785 ad
942 720 1059 784 nullius
1073 719 1152 784 hore
1166 738 1239 803 spa·

208 837 292 899 cium
306 835 349 898 ibi
363 835 444 897 odor
458 833 666 918 thymiamatis
681 834 781 899 deest.
804 833 937 917 singulis
952 851 1080 916 quoque
1093 832 1239 896 sabbathi

208 948 321 1013 diebus
336 947 519 1029 episcopus,
540 947 622 1013 sicut
635 947 667 1009 in
681 946 916 1029 assumpcione,
937 945 1066 1009 laudum
1081 945 1239 1027 preconiis

172 1086 176 1094 ¹
208 1058 390 1123 donacionis
414 1077 471 1120 sue
497 1060 643 1123 allectum
668 1077 739 1120 carn
769 1076 884 1122 nouem
908 1056 1097 1120 lectionibus
1118 1056 1238 1119 ibidem

207 1169 408 1253 adimplebat.
438 1169 559 1233 eisdem
581 1169 682 1232 eciam
705 1168 816 1232 diebus
839 1187 938 1251 opera
962 1168 1179 1232 misericordie
1203 1167 1239 1231 in

206 1299 366 1364 pauperes
388 1279 521 1362 amplius
536 1278 720 1352 exercebat,
741 1278 854 1342 ceteris
869 1284 974 1341 autem
989 1276 1116 1350 diebus,
1135 1284 1239 1339 natu·

205 1393 279 1457 tinis
301 1392 433 1474 peractis
456 1409 494 1455 ao
514 1391 674 1473 uesperis,
695 1397 905 1453 consueuerat
926 1388 974 1455 bis
989 1389 1029 1451 ad
1048 1389 1117 1452 eius
1139 1406 1239 1452 uene·

206 1504 341 1569 randum
362 1502 460 1566 altare
481 1522 551 1565 curn
572 1503 776 1584 processione
798 1503 918 1566 uenire.
945 1509 1071 1565 sanctus
1093 1501 1239 1584 engonis

206 1622 337 1696 propter
350 1614 505 1678 honorem
519 1614 611 1677 beate
631 1612 762 1694 uirginis
775 1620 861 1676 tanto
875 1612 1056 1676 humilitatis
1070 1611 1175 1676 studio
1189 1611 1238 1673 in·

206 1725 353 1799 sistebat,
372 1732 408 1787 ut
420 1724 658 1807 qualiscumque
672 1743 747 1787 reus
761 1725 801 1788 de
816 1724 883 1786 eius
899 1722 1104 1786 familiaribus
1118 1722 1237 1786 addac-

206 1843 257 1901 tns
271 1835 398 1910 fuisset,
420 1843 453 1898 et
473 1854 531 1916 pro
544 1835 671 1899 nornine
687 1835 793 1898 matris
808 1834 923 1898 Christi
948 1836 988 1898 ab
1011 1853 1050 1899 eo
1071 1833 1237 1916 indulgen-

209 1946 291 2010 ciam
308 1943 508 2030 postulasset,
526 1946 633 2009 audito
646 1947 774 2009 nomine
788 1947 896 2009 matris
909 1946 1142 2022 misericordie,
1161 1965 1235 2010 mox

206 2059 355 2143 pertusus
377 2057 528 2132 lacrimis,
555 2057 623 2121 eius
646 2057 858 2139 peticionibus
882 2058 1057 2132 annuebat,
1081 2066 1114 2122 et
1136 2057 1236 2124 ueluti

206 2171 275 2255 ipse
289 2177 374 2234 esset
386 2189 470 2244 rens,
490 2169 533 2233 ita
547 2188 567 2232 a
580 2187 637 2232 reo
651 2170 776 2234 ueniam
798 2167 986 2252 postulabat.
1006 2169 1096 2232 cuius
1109 2190 1236 2247 nornen,

206 2283 356 2348 uidelicet
376 2283 484 2346 matris
504 2281 617 2345 Christi
641 2282 805 2365 proprium
829 2283 862 2344 in
884 2282 1078 2365 Ungarorum
1104 2301 1236 2365 genera·

207 2397 299 2465 elom
322 2414 388 2458 non
408 2395 603 2477 exprimitur,
623 2394 680 2458 sed
702 2402 822 2459 tantum
837 2393 964 2457 domina
982 2401 1120 2458 resonat.
1150 2394 1235 2459 unde

206 2507 370 2570 Pannonia
392 2526 410 2570 a
433 2515 544 2570 sancto
565 2526 642 2589 rege
661 2506 821 2588 Stephano
846 2505 963 2596 familia
985 2507 1078 2569 beate
1103 2507 1234 2590 uirginis

206 2618 363 2699 appellata
387 2624 445 2680 est.
484 2618 691 2680 obeatornm
715 2616 857 2679 uirorum
881 2616 955 2680 felix
979 2617 1147 2694 industria,
1179 2619 1234 2702 qni
1350 2647 1357 2658 ·

205 2729 287 2792 banc
307 2728 430 2792 stellam
450 2728 546 2790 maris
567 2729 724 2791 intuentes
743 2729 808 2793 uite
829 2749 886 2792 sue
901 2748 1029 2793 cursum
1044 2730 1234 2813 dirigebant,

205 2846 360 2922 qnatenus
374 2858 414 2901 ex
427 2847 552 2902 rectura
566 2837 648 2901 illius
662 2839 839 2922 potuissent
852 2841 934 2904 inter
944 2840 1038 2905 buius
1048 2843 1146 2905 seculi
1155 2844 1235 2906 ssuc-

204 2956 258 3013 tas
275 2949 444 3030 remigare,
465 2948 725 3032 uoluptatumque
743 2948 913 3014 stillantem
935 2953 1121 3036 noraffinem
1143 2953 1233 3017 deui-

205 3068 290 3136 tare,
310 3069 343 3124 et
357 3069 480 3143 portum
495 3059 610 3144 quletis
624 3069 778 3144 perpetue
792 3062 948 3130 inuenire.
1142 3058 1146 3064 ”

287 3281 353 3368 (ll)
374 3284 465 3351 Circa
488 3305 568 3349 nero
589 3287 833 3352 ecclesiasticam
856 3280 1042 3352 'monasterii
1064 3305 1171 3351 cnranr
1198 3287 1231 3351 in

205 3404 325 3462 tantum
345 3398 497 3462 sollicitus
518 3406 586 3462 erat
605 3407 639 3462 ut
660 3400 763 3463 estiuo
783 3408 926 3483 tempore
945 3399 1120 3465 nasoulain
1134 3400 1230 3466 domo

204 3511 322 3575 domini
342 3511 443 3594 glacie
457 3511 552 3593 plena
566 3520 768 3593 ponerentur,
788 3512 821 3574 in
835 3512 950 3595 quihus
963 3513 1075 3595 lagena
1089 3531 1160 3575 eum
1175 3531 1231 3592 op-

204 3619 279 3683 tino
299 3621 374 3683 nino
396 3622 483 3703 qnod
501 3621 646 3685 inuenire
667 3628 807 3705 poterat,
829 3641 888 3704 pro
901 3622 1143 3686 consecracione
1157 3634 1229 3683 san-

203 3728 306 3811 guinis
330 3729 448 3794 domini
468 3739 658 3796 seruaretur.
690 3733 816 3795 dicebat
839 3732 944 3795 enirn:
972 3731 1034 3794 hoc
1059 3730 1146 3811 quod
1171 3748 1230 3811 per

202 3837 299 3903 dalem
317 3839 400 3903 intro
415 3841 587 3923 accipitur,
608 3842 669 3906 hoc
682 3841 812 3907 interius
825 3860 923 3906 suane
936 3839 1125 3905 inueniatur.
1153 3859 1230 3905 noc·

202 3957 296 4017 aaran
309 3949 448 4033 deniqne
460 3957 603 4033 tempore
621 3954 783 4036 leprosum
801 3952 931 4036 proprio
944 3952 978 4016 in
991 3948 1109 4016 lectulo
1122 3954 1231 4037 quies·

203 4080 276 4129 cere
288 4062 424 4138 iaciens,
444 4072 574 4147 accepta
592 4065 696 4128 securi
710 4066 822 4131 siluam
835 4064 921 4129 solus
932 4065 1074 4148 petebat,
1094 4065 1229 4133 fascicu-

201 4175 304 4262 teque
317 4174 475 4262 lignorum
486 4177 626 4261 propriis
636 4176 777 4245 bunaria
790 4177 1073 4265 proomtipaciona
1093 4180 1229 4246 sai-cor·
