2798 4764
338 378 600 426 coasrarcraonns
621 380 756 426 sanoous
777 380 932 427 nunansm
975 364 1066 430 tm.
1154 367 1214 430 571

189 535 323 599 maxime
345 553 506 617 uesperas,
526 534 694 599 Matutinas
714 534 767 596 uel
781 535 908 596 Missam
931 535 1078 599 ecclesias
1091 537 1214 620 ingredi

188 646 240 709 uel
261 647 293 711 in
316 648 362 710 eis
376 655 459 709 stare
474 664 536 708 non
552 653 747 727 presumant,
768 645 827 707 nisi
843 645 924 709 sorte
939 656 1043 710 essent
1057 648 1213 725 extranei,

186 758 333 831 uiatores,
355 765 409 819 aut
423 756 522 818 eciam
537 757 707 839 peregrini.

268 868 333 950 [llil
356 869 511 944 Quoniam
536 868 616 931 sicut
642 868 819 931 audiuimus
844 869 985 933 nonnulli
1010 869 1212 935 ecclesiarum

186 982 295 1065 prelati
307 989 339 1044 et
349 1000 485 1062 persone
498 979 710 1044 ecclesiastice
721 990 827 1044 nostre
839 982 1022 1064 legacionis,
1037 991 1068 1045 et
1078 983 1212 1047 maxime

184 1091 274 1176 regni
288 1091 466 1174 ilungarie,
481 1111 551 1152 cum
567 1108 640 1154 suas
655 1091 808 1165 dioceses,
830 1092 882 1154 uel
897 1093 1061 1174 parochias
1078 1094 1213 1168 uisitant,

185 1205 238 1268 uel
250 1223 290 1266 ex
305 1202 374 1266 aliis
388 1202 491 1265 causis
507 1202 546 1265 ad
561 1203 712 1266 ecclesias
726 1205 809 1286 ipsas
825 1205 996 1279 declinant,
1018 1207 1165 1286 grauibus
1181 1213 1213 1270 et

184 1314 433 1398 importabilibus
455 1312 519 1377 iore
542 1315 755 1389 descensibus,
777 1335 840 1377 non
863 1316 964 1377 solnm
986 1316 1018 1378 in
1034 1318 1161 1398 prelatis
1181 1326 1213 1381 et

185 1426 318 1500 clericis,
338 1445 449 1489 uerum
465 1427 562 1488 eciam
585 1426 616 1487 in
631 1426 717 1489 laicis
731 1428 937 1508 reprobandis
953 1437 1046 1510 atque
1062 1429 1213 1491 damnan-

185 1538 242 1613 dis,
263 1537 411 1601 ecclesias
432 1537 485 1599 uel
504 1537 668 1618 parochias
690 1538 773 1619 ipsas
794 1539 978 1621 plerumque
993 1548 1166 1620 aggrauant
1181 1547 1212 1602 et

184 1650 365 1723 molestant,
379 1669 438 1711 nos
453 1649 631 1711 huiusmodi
646 1650 816 1713 descensus
832 1670 957 1730 gratiss,
976 1670 1138 1724 onerosos,
1153 1649 1212 1714 dil-

183 1760 281 1823 liciles
304 1769 337 1824 at
358 1760 573 1842 importabiles
593 1760 661 1822 lieri
681 1761 721 1823 de
742 1771 848 1824 cetero
868 1761 1083 1843 prohibentes,
1103 1761 1212 1825 statui-

185 1893 253 1936 mus
277 1873 363 1955 quod
384 1892 453 1934 cum
476 1870 613 1954 prelatos
635 1880 666 1935 et
683 1891 836 1955 personas
852 1872 1008 1953 predictas
1022 1891 1061 1934 ex
1075 1871 1164 1936 iustis
1179 1881 1212 1937 et

181 1985 392 2048 racionalihus
407 1985 508 2047 causis
531 1986 570 2046 ad
591 1984 741 2048 ecclesias
762 1985 845 2067 ipsas
862 1984 1019 2047 declinare
1034 1984 1211 2067 contigerit,

180 2096 225 2158 sic
246 2116 280 2159 se
299 2096 432 2160 honeste
453 2096 591 2158 babeant
611 2104 642 2157 et
662 2097 820 2168 modeste,
842 2115 876 2157 se
891 2114 1027 2176 suasque
1044 2094 1208 2157 familiasa

180 2208 361 2290 superbula,
382 2216 414 2271 et
436 2208 549 2271 illicitis
575 2208 774 2280 cohibentes,
795 2207 880 2288 quod
906 2227 963 2287 per
984 2206 1209 2268 immoderatos

180 2319 351 2382 descensus
363 2319 542 2382 huiusmodi
557 2318 692 2382 ecclesie
708 2316 935 2400 imperabiliter
949 2335 1012 2378 non
1026 2313 1208 2397 grauenlnr,

181 2430 213 2492 in
223 2430 373 2512 predictis
385 2439 417 2493 et
427 2430 494 2492 aliis
508 2430 611 2492 taliter
625 2449 659 2492 se
674 2429 837 2501 babentes,
848 2429 932 2510 quod
945 2426 1004 2509 ipsi
1019 2445 1082 2487 non
1094 2446 1132 2490 ea
1147 2447 1208 2509 que

182 2549 346 2614 suescat,
367 2541 425 2603 sed
446 2542 517 2603 lesa
533 2540 647 2602 Christi
668 2540 778 2622 pocius
800 2558 935 2621 querere
956 2538 1133 2600 uideantur.
1154 2539 1209 2620 qui

183 2660 286 2715 autem
308 2653 341 2714 in
359 2652 510 2734 predictis
532 2653 740 2726 excesserint,
763 2673 819 2733 per
832 2652 1011 2732 superiores
1026 2652 1210 2746 suosbahsti·

186 2783 278 2836 nere,
300 2773 394 2844 atque
415 2763 582 2838 desistere,
609 2774 640 2828 et
662 2765 701 2827 de
724 2763 816 2827 illatis
838 2763 1072 2846 granaminibus
1090 2763 1211 2826 satisfa-

186 2894 258 2937 cere
280 2873 370 2948 lesis,
399 2883 430 2936 et
453 2877 590 2957 grauatis
612 2876 753 2939 ecclesiis
773 2896 831 2958 per
844 2895 1008 2939 censuram
1024 2875 1212 2938 ecclesiasti·

185 3005 254 3048 cam
274 2995 307 3048 et
329 2986 390 3049 alia
410 2995 552 3068 prompta
574 2987 730 3060 remedia,
751 2986 873 3049 sublato
896 2985 1063 3049 cuiuslibet
1081 2985 1212 3047 trustra·

184 3099 263 3161 toria
278 3099 501 3181 appellacionis
514 3100 687 3183 olptacnlo,
708 3099 944 3180 compellantur.

268 3208 335 3290 (15)
357 3210 561 3273 Prohibernus
582 3231 621 3273 ne
644 3211 756 3293 aliquis
773 3210 949 3282 abbaciam,
972 3209 1210 3290 preposituram,

185 3323 376 3405 prioratum,
396 3323 614 3404 plebanatum,
636 3323 862 3406 cappellaniam
882 3322 934 3384 uel
949 3320 1077 3403 aliquod
1091 3321 1211 3383 hened-

184 3435 266 3497 einm
280 3433 525 3498 ecclesiasticum
541 3435 581 3498 de
597 3455 690 3498 mann
705 3436 837 3517 recipiat
850 3434 1020 3506 laicorum,
1040 3440 1212 3497 statuentes

187 3546 272 3628 quod
295 3545 537 3627 archiepiscopi,
567 3546 706 3628 episcopi
724 3555 756 3609 et
776 3544 827 3607 alii
852 3547 891 3608 ad
911 3564 990 3627 quos
1012 3545 1052 3606 de
1071 3545 1138 3606 iure
1160 3543 1213 3607 nel

184 3657 411 3719 consuetudine
432 3677 489 3719 seu
511 3656 678 3744 priuilegio
693 3656 814 3722 abbatis
833 3657 885 3719 uel
898 3657 1030 3719 aliorum
1046 3655 1212 3719 confirma·

184 3769 243 3844 cio,
263 3769 423 3832 institorio
438 3769 490 3831 uel
509 3768 649 3851 prouisio
664 3777 802 3852 spectat,
822 3769 943 3832 nullum
959 3769 1144 3832 confirmare
1158 3767 1211 3832 uel

181 3880 346 3944 instituere
368 3888 564 3963 presumant,
585 3880 644 3944 nisi
666 3882 712 3944 eis
731 3881 818 3963 prius
841 3882 880 3944 de
903 3882 1054 3944 canonica
1070 3883 1211 3963 ipsorum

183 3990 339 4056 electione
361 4001 392 4056 et
413 3993 600 4076 eligencium
622 4012 659 4056 ac
680 3992 773 4055 electi
788 3993 936 4075 qualitate
952 3994 1034 4056 inter
1048 4013 1103 4056 eos
1117 3992 1212 4075 plene

183 4110 314 4166 constet.
335 4103 420 4166 aeris
435 4103 574 4184 patronis
588 4105 621 4167 in
635 4103 695 4167 illis
709 4103 852 4169 ecclesiis
866 4104 1023 4188 inquibus
1036 4101 1212 4169 illiusohti·
