2798 4764
420 398 555 446 arnonus
576 400 804 447 cremonensis
824 398 927 445 raron.
1125 376 1186 445 355
1258 465 1261 468 ‚

241 555 322 634 (lb)
344 555 447 618 nullus
463 552 650 617 lestiuitatcs
666 553 805 614 uendere
822 559 989 633 presumat.

242 666 319 742 (45)
342 674 376 725 nt
396 665 545 726 iudicium
566 664 642 726 ferri
657 664 689 724 in
705 664 944 745 quadragesima
966 661 1046 723 sicut
1064 660 1097 722 in
1118 659 1188 723 aliis

159 776 281 850 diebus,
302 784 434 856 excepta
448 794 545 837 causa
561 775 721 837 effusionis
736 775 896 856 sanguinis
913 774 1012 837 detur.

242 897 275 950 ut
290 887 343 968 qni
358 887 477 949 serrum
492 886 605 966 accipit
619 887 651 946 in
667 886 831 967 designato
846 885 916 949 loco
933 894 1036 967 ponat.

241 999 321 1074 (ld)
344 998 440 1062 nichil
462 998 585 1079 legatur
606 1016 709 1080 neque
733 1005 876 1060 cantetur
898 997 930 1059 in
952 995 1100 1071 ecclesia,
1128 994 1189 1059 nisi

161 1112 245 1194 quod
260 1108 354 1171 suerit
371 1110 403 1170 in
418 1110 540 1191 synodo
555 1109 776 1172 collaudatum.

242 1221 323 1297 (ll)
345 1220 372 1282 si
386 1220 456 1302 quis
471 1221 673 1301 presbiteria
688 1221 834 1282 conuiuio
848 1221 899 1283 uel
915 1221 1057 1284 kalendis
1073 1240 1189 1302 cogen-

159 1341 207 1395 tes
222 1334 261 1395 ad
276 1339 387 1413 potum
402 1331 534 1404 uiderit,
555 1338 666 1413 arguat
681 1351 746 1404 eos,
768 1339 800 1393 et
813 1332 838 1393 si
855 1352 926 1394 enm
944 1351 1008 1392 non
1024 1330 1188 1403 audierint,

160 1444 228 1527 ipse
243 1451 335 1507 exeat
349 1453 381 1507 et
395 1443 615 1505 archidiacono
631 1464 685 1506 cos
701 1453 834 1507 accuset.
864 1445 949 1527 quod
968 1445 994 1505 si
1014 1445 1081 1524 ipse
1101 1460 1189 1522 pres-

160 1556 242 1619 biter
261 1575 324 1618 non
343 1555 471 1629 exierit,
492 1555 531 1615 ab
547 1554 653 1617 osticio
673 1556 883 1635 suspendatur
898 1563 929 1617 et
943 1555 999 1614 XL
1015 1554 1081 1616 dies
1100 1552 1189 1635 peni·

161 1677 234 1731 teat.
255 1669 280 1730 si
297 1667 451 1749 presbiter
467 1668 605 1748 coegerit
622 1666 672 1729 uel
688 1677 814 1729 coactus
830 1667 925 1729 fuerit
939 1664 1119 1739 inebriatus,
1135 1665 1190 1728 dc·

161 1788 308 1862 ponatur.

243 1893 324 1967 (ld)
346 1893 372 1954 si
387 1893 456 1974 quis
475 1893 682 1974 presbiterum
695 1892 882 1954 inebriatum
905 1891 1074 1965 inuenerit,
1096 1911 1190 1953 unam

162 2024 307 2086 pensam,
330 2004 381 2066 uel
396 2005 660 2078 archidiaconum,
676 2014 739 2068 tres
754 2025 869 2085 pensas
886 2005 978 2068 abeo
994 2003 1135 2085 accipiat.
1158 2011 1191 2068 et

162 2116 187 2176 si
203 2116 286 2178 idem
301 2116 457 2197 presbiter
472 2117 611 2178 secundo
626 2116 797 2178 inebriatus
813 2117 959 2177 inuentus
974 2115 1077 2188 fuerit,
1094 2116 1192 2195 depo·

164 2237 264 2291 natur.

245 2342 356 2424 siquis
377 2343 415 2404 de
439 2341 594 2404 nobilibus
616 2342 655 2404 ad
678 2349 786 2422 potum
810 2339 966 2420 coegerit,
995 2338 1046 2400 uel
1066 2343 1191 2399 coactus

164 2453 258 2517 scierit
279 2454 469 2527 inebriatus,
492 2455 546 2514 XL
563 2455 630 2515 dies
645 2453 793 2533 peniteat.
822 2452 848 2513 si
870 2470 946 2513 uero
962 2450 994 2511 in
1009 2449 1069 2511 hoc.
1085 2467 1192 2531 perse-

163 2566 337 2638 uerauerit,
360 2566 658 2627 excommunicetur.

246 2677 324 2752 (tu)
347 2677 486 2759 episcopi
506 2679 538 2739 in
560 2696 750 2759 utraquaqnc
774 2674 897 2738 ciuitate
918 2675 995 2736 duas
1019 2675 1129 2736 domos
1152 2671 1192 2735 ad

165 2790 357 2852 coercendos
372 2791 548 2871 penitentes
564 2790 687 2851 saciant.

246 2903 326 2975 (50)
348 2902 374 2962 si
396 2901 466 2983 quis
489 2902 527 2964 de
548 2900 701 2964 maleficio
724 2909 886 2964 accusatus
909 2898 1071 2962 conuictus
1086 2896 1191 2971 suerit,

165 3014 335 3074 secundum
351 3033 486 3075 canones
502 3014 652 3095 peniteat.

247 3125 326 3197 (51)
349 3123 375 3184 si
397 3132 560 3185 accusator
580 3125 664 3203 qnod
686 3124 791 3187 iniecit
814 3125 946 3207 probare
968 3143 1033 3185 non
1057 3120 1190 3202 poterit,

167 3235 268 3298 eidem
284 3235 460 3316 penitencie
474 3234 644 3298 subiaceat.

249 3348 328 3421 (52)
350 3347 377 3408 si
399 3366 459 3427 qua
480 3347 592 3408 mulier
614 3366 632 3407 a
654 3346 720 3407 uiro
735 3366 792 3407 suo
808 3346 940 3427 sugerit,
962 3343 1112 3406 reddatur
1126 3360 1192 3403 ma·

166 3459 226 3520 rito
249 3476 306 3519 suo
329 3458 428 3519 semel
451 3465 482 3519 ct
501 3457 560 3519 bis.
593 3456 690 3519 tercia
710 3458 780 3517 uice
804 3456 828 3517 si
852 3455 963 3516 nobilis
977 3462 1024 3515 est
1040 3452 1193 3514 adiciatur

166 3568 340 3650 penitencie
364 3570 430 3631 sinc
453 3588 509 3650 spe
532 3567 682 3648 coniugii,
704 3566 730 3628 si
745 3567 784 3628 de
803 3565 894 3647 plebe
909 3564 1110 3625 ucnnndetur
1124 3563 1192 3624 sine

166 3701 221 3762 spe
236 3681 396 3745 libertatis.

248 3795 273 3855 si
291 3795 359 3875 quis
374 3813 503 3855 uxorem
519 3811 609 3856 suam
626 3793 798 3855 adulteram
820 3789 1020 3873 probauerit,
1041 3788 1066 3852 si
1082 3787 1193 3851 uolue-

167 3903 206 3966 rit
228 3903 321 3965 ducat
343 3902 445 3966 aliam.
472 3903 525 3965 illa
545 3922 624 3965 uero
645 3904 671 3965 si
692 3902 806 3964 nobilis
829 3909 877 3965 est
896 3902 964 3965 sine
982 3922 1038 3983 spe
1055 3897 1194 3981 coniugii

168 4017 313 4096 peniteat.
335 4016 360 4077 si
375 4016 498 4098 plebeia
512 4016 580 4079 sine
596 4036 651 4097 spe
667 4013 819 4077 libertatis
833 4015 1042 4077 uenundetur.

249 4128 335 4210 quod
356 4128 383 4190 si
406 4129 537 4210 probare
560 4146 623 4189 non
643 4126 773 4208 poterit,
794 4127 880 4189 idern
900 4126 1049 4189 iudicium
1064 4123 1195 4187 maritus

168 4241 319 4328 paciatur,
340 4248 372 4305 ct
384 4240 438 4306 ille
451 4237 479 4306 si
492 4238 645 4319 uoluerit,
665 4239 839 4305 maritetur.
