2798 4764
175 328 239 417 ,610
496 349 680 415 anomaeos
708 351 750 403 oa
771 349 884 405 saun.
976 324 980 331 ⁸

124 597 127 603 .
175 509 260 577 tilius
272 509 407 586 loannis,
428 529 499 573 cum
514 519 601 574 esset
613 510 682 574 sine
697 510 782 575 omni
796 510 931 584 herede,
955 516 1155 593 protestatus
1171 517 1229 577 est

176 622 268 687 uobis
283 629 442 696 oretenus,
463 622 549 703 quod
563 620 645 686 filios
660 622 765 685 fratris
780 623 827 685 sni
838 622 923 695 Elio,
943 622 1073 685 Petrum
1088 622 1231 688 scilicet

177 742 209 797 et
225 733 394 815 Georgium
416 741 511 815 atque
531 733 708 807 Matthiam,
730 741 763 795 et
785 733 943 814 quendam
963 752 1074 796 eornm
1096 752 1230 816 cogna-

176 852 242 906 tum
256 843 384 907 nomine
398 843 548 916 Sedebtrr,
568 842 650 905 filins
672 842 731 907 sibi
749 842 869 907 taciens
884 842 1062 924 adoptiuor,
1083 845 1230 926 purniu-

176 973 250 1018 nena
263 974 368 1029 suam,
389 973 451 1035 que
474 962 523 1018 est
543 973 654 1017 uersus
670 953 835 1017 ecclesiam
851 955 949 1017 sancti
963 954 1047 1019 Petri
1069 956 1114 1019 de
1131 966 1229 1021 terra

177 1063 322 1139 Cornust,
335 1065 473 1129 dedisset
488 1063 713 1147 prenominatis
727 1065 826 1127 tribus
841 1063 988 1128 fratribus
1002 1063 1075 1128 liliis
1091 1068 1229 1133 scilicet

176 1177 245 1240 lllie
260 1175 417 1259 prenotati
433 1184 464 1240 et
478 1175 622 1240 Sedebnr
635 1177 860 1271 incommune,
874 1176 928 1250 ita,
947 1178 1144 1259 quodquam
1160 1180 1227 1244 ain

75 1286 78 1291 ’
178 1289 246 1373 ipse
261 1286 407 1352 Omoczel
427 1287 478 1352 nel
502 1306 581 1351 uxor
598 1306 656 1349 sna
676 1287 817 1359 uiueret,
840 1287 979 1367 predicta
1000 1289 1113 1368 porcio
1131 1287 1228 1354 sicut

178 1410 273 1467 antea
286 1401 362 1464 iuris
376 1419 485 1463 eornm
507 1407 591 1463 esset
604 1398 657 1461 uel
670 1398 696 1461 ri
711 1418 766 1461 eos
780 1397 931 1462 heredem
951 1398 1071 1462 hahere
1088 1401 1227 1465 contin·

178 1492 285 1596 geret,
306 1511 338 1574 in
353 1510 401 1574 ins
415 1510 498 1573 illins
513 1508 640 1572 heredis
654 1509 843 1573 hereditario
864 1509 933 1573 iure
948 1511 1089 1574 cederet.
1117 1512 1147 1574 si
1172 1520 1228 1575 ta·

177 1642 254 1688 rnen
265 1622 358 1687 ambo
372 1620 440 1684 sine
455 1620 575 1684 herede
589 1620 798 1694 decederent,
810 1639 858 1690 ¹ea
872 1619 942 1703 lege
955 1622 988 1682 in
1001 1622 1051 1684 ius
1064 1625 1225 1687 nomina·

177 1742 282 1797 torum
296 1739 444 1815 quattuor
459 1731 589 1793 lratrurn
605 1732 765 1793 nominata
779 1730 886 1814 porcio
902 1733 1144 1799 deuolueretur.

258 1840 345 1924 (¹37)
366 1841 492 1904 lbrahin
520 1842 759 1906 archidiaconus
789 1844 829 1908 de
862 1844 1019 1909 Zobuslcu
1046 1849 1223 1929 quendem

179 1952 447 2019 adolescentulum
479 1954 606 2017 nornine
633 1951 764 2017 Paulum
789 1974 916 2021 seruum
942 1975 1049 2031 suum,
1083 1967 1119 2022 ut
1146 1961 1224 2044 ipse

178 2065 271 2140 dixit,
292 2063 473 2147 empticium
492 2064 687 2139 manumisit,
708 2065 752 2128 ita
772 2073 806 2128 ut
820 2085 914 2147 qnam
929 2067 983 2130 diu
1001 2068 1070 2151 ipse
1086 2071 1224 2138 uiueret

177 2178 208 2243 ei
229 2177 351 2243 seruire
371 2184 542 2241 teneretur.
570 2184 792 2258 postmortem
815 2185 921 2241 nutem
942 2179 1040 2261 ipsius
1063 2181 1108 2244 ita
1133 2183 1224 2251 lilrer

176 2288 278 2363 toret,
298 2294 334 2351 ut
347 2294 378 2352 et
391 2286 460 2370 ipse
475 2285 590 2350 Paulus
611 2295 643 2350 et
657 2286 756 2350 omnis
771 2289 940 2370 generacio
955 2290 994 2352 ab
1009 2292 1130 2355 eodem
1145 2314 1225 2359 sue-

177 2419 307 2464 cessura
321 2399 499 2482 ubicunque
515 2399 611 2464 uellet
624 2399 771 2463 manendi
786 2399 834 2461 las
848 2400 989 2464 haberet.

260 2509 347 2594 (138)
370 2512 454 2574 Teeo
477 2511 560 2573 lilius
576 2503 695 2574 Tfiorne
719 2511 759 2574 de
778 2511 853 2574 uilla
873 2514 1054 2587 Debrerun,
1078 2524 1113 2578 et
1128 2537 1228 2582 soro·

178 2623 243 2687 rins
266 2623 333 2686 eius
347 2623 525 2687 Hemiricns
545 2623 629 2687 filins
644 2623 783 2686 llauricii
808 2624 847 2687 de
867 2623 940 2685 uilla
962 2626 1025 2686 'roh
1047 2633 1226 2706 protestati

179 2742 252 2796 sunt
265 2734 366 2806 nobis,
381 2734 467 2813 qnod
483 2754 552 2795 cnm
569 2742 650 2796 esset
660 2734 877 2797 controuersia
891 2735 973 2797 inter
984 2735 1072 2817 ipsos
1082 2737 1128 2801 de
1142 2761 1228 2823 qua·

180 2844 251 2906 dam
267 2843 379 2904 ancilla
394 2843 520 2905 nomine
532 2843 722 2924 Chynchola,
738 2853 769 2907 et
780 2846 902 2908 duabus
917 2846 1060 2911 eiusdem
1075 2848 1222 2927 filiabus,

179 2952 300 3018 scilicet
318 2950 437 3015 Ancilla
463 2963 495 3016 et
514 2953 644 3027 Cecilia,
671 2956 713 3017 ita
739 2958 824 3039 quod
849 2958 1010 3038 predictus
1034 2959 1226 3031 llemirieue

180 3067 301 3131 diceret
325 3083 395 3126 cum
423 3084 521 3128 uxore
547 3085 603 3128 sun
629 3069 810 3141 conductus,
840 3070 925 3130 'leco
951 3090 1027 3132 nero
1054 3086 1225 3140 assereret

179 3180 307 3243 easdem
324 3197 342 3238 a
357 3177 500 3258 predicto
516 3179 637 3240 sororio
652 3198 710 3240 suo
724 3179 812 3241 titulo
828 3180 999 3261 ompoiunis
1019 3183 1224 3267 redemptas,

179 3289 311 3352 consilio
326 3289 524 3362 arbitrorum,
543 3287 689 3351 uidelicet
701 3288 862 3350 Michaelis
876 3288 931 3351 lilii
942 3290 1072 3353 Matthie
1086 3296 1224 3361 comitis

180 3409 212 3465 et
226 3400 307 3463 l‘etri
330 3399 435 3463 fratris
450 3399 553 3472 Buch,
576 3407 607 3460 et
632 3400 764 3461 aliorum
785 3400 1084 3479 conpronincialium
1110 3405 1225 3471 taliter

179 3511 262 3574 inter
275 3532 308 3575 se
324 3519 557 3583 conuenerunt,
579 3509 664 3590 quod
688 3509 922 3589 prenominatus
936 3511 1119 3576 llemiricus
1143 3537 1224 3598 pre·

179 3623 352 3685 nominatas
367 3621 493 3683 ancillas
510 3621 652 3683 uendidit
666 3640 776 3682 socero
792 3640 850 3682 suo
864 3621 1005 3702 predicto
1017 3623 1116 3699 Teco,
1131 3628 1224 3693 acci·

180 3731 269 3811 piens
284 3733 324 3794 ab
338 3752 378 3795 eu
391 3752 527 3795 marcam
544 3740 575 3794 et
588 3732 754 3795 fertonem.

262 3838 350 3921 (139)
370 3842 504 3906 llcmina
520 3844 603 3907 llosa
623 3841 688 3906 lilia
707 3841 819 3906 Briccii
840 3843 1108 3924 archipresbyteri
1129 3868 1224 3915 mur·

180 3959 235 4016 tuo
248 3951 361 4015 marito
382 3971 439 4013 suo
460 3960 492 4016 et
511 3952 583 4017 liliis
605 3954 669 4018 suis
683 3962 833 4018 oretenus
851 3954 943 4016 nobis
963 3963 1012 4017 cst
1025 3965 1223 4040 protestata,

180 4063 267 4146 quod
284 4060 467 4126 indulsisset
483 4063 587 4128 omnia
606 4064 752 4129 dotalicia
764 4085 839 4138 rua,
861 4073 892 4130 et
906 4075 1017 4129 cuncta
1030 4066 1061 4127 in
1077 4068 1226 4150 quibua.

180 4192 305 4262 ocnque
318 4171 447 4239 moritus
466 4193 542 4239 suus
556 4174 753 4241 Lodomerus
775 4175 806 4245 ei
828 4177 1005 4254 tenebatur,
1025 4185 1058 4244 et
1071 4179 1224 4257 absoluit
