2798 4764
460 360 645 406 usuarium
670 359 710 406 os
736 356 853 406 umm-
1104 338 1182 406 ost·

138 514 288 599 pristaldo
312 512 443 577 Matthia
475 513 514 576 de
539 515 768 576 Tumsaosnna.
810 513 959 595 Tyuand,
991 512 1105 590 ¹Fulcus
1132 517 1167 577 ot

138 626 292 710 Georgius
304 625 461 688 iustificati
476 631 566 697 sunt,
586 623 718 688 Brictios
733 624 914 687 combustos
929 632 988 686 est.

218 735 304 818 (153)
324 735 395 800 ΕΙΙιι
409 736 491 799 tilius
506 736 632 798 loannis
647 736 770 798 comitis
784 735 923 816 impeciit
937 736 1087 797 Consudu
1100 733 1168 800 καί

137 872 213 914 ιιιιιιι
227 850 355 912 Adriani
376 850 416 912 de
440 848 513 910 uitia
528 846 602 909 Salo
627 855 659 910 et
680 846 799 910 sororis
821 848 889 909 eius
908 847 1014 908 uxoris
1030 846 1105 920 Uid,
1125 847 1165 912 de

137 960 235 1034 forto,
266 959 371 1023 iudice
394 958 492 1021 Paulo
516 955 628 1019 curiali
651 958 766 1019 comite
794 958 835 1019 de
858 957 983 1029 Bicbor,
1013 956 1166 1039 pristaldo

138 1072 254 1154 Roncy.
286 1069 437 1132 Cnosodu
464 1076 587 1149 portato
612 1066 698 1129 ferro
723 1087 794 1129 com
818 1066 899 1129 soiui
923 1068 1066 1140 deberet,
1094 1065 1166 1154 Ritu

138 1179 340 1261 subterfugit,
361 1178 470 1241 dicens
484 1196 519 1240 se
532 1177 618 1239 ilium
633 1175 714 1239 falso
728 1177 905 1260 impeciisse
919 1178 960 1240 dc
973 1176 1066 1240 furto.

221 1289 311 1367 (tot)
335 1290 417 1351 Uxor
432 1289 490 1351 Uid
511 1296 634 1351 mortuo
650 1290 763 1353 marito
778 1309 849 1351 cum
868 1297 951 1352 esset
964 1290 1032 1350 siue
1046 1288 1167 1352 herede

140 1400 318 1464 manumisit
342 1401 500 1483 quandam
524 1400 668 1462 ancillam
694 1419 782 1463 suam
811 1401 938 1464 nomine
961 1403 1101 1481 Demgn,
1132 1406 1168 1463 ut
1229 1477 1239 1489 ³

140 1511 290 1594 quamdiu
310 1512 378 1592 ipro
394 1512 518 1573 uiueret
531 1510 584 1574 illa
600 1511 639 1574 de
654 1529 692 1572 ea
705 1531 770 1574 non
784 1511 964 1573 discederet
985 1511 1041 1574 sed
1057 1510 1086 1573 ei
1099 1529 1167 1573 ser-

140 1624 230 1687 uiret.
257 1624 284 1686 si
298 1631 403 1686 autem
417 1623 544 1685 domine
557 1641 614 1686 sue
633 1623 854 1705 superuiueret
873 1622 1052 1704 ubicunque
1071 1623 1168 1687 uellet

139 1735 286 1798 manendi
299 1733 432 1797 baberet
446 1733 638 1808 libertatem,
650 1732 814 1815 titiumque
828 1734 926 1815 ipsius
940 1734 1068 1796 nomine
1083 1735 1168 1797 Cun-

138 1848 233 1921 sndo,
254 1866 325 1909 cum
340 1846 435 1908 fratre
450 1866 509 1909 suo
520 1845 658 1908 Adriano
672 1845 705 1908 io
720 1846 804 1909 idem
820 1847 1042 1909 consenciente
1055 1866 1168 1909 manu-

139 1958 237 2031 misit,
265 1976 301 2019 ac
323 1957 376 2020 tadi
398 1956 542 2019 libertate
563 1957 708 2029 donauit,
737 1964 771 2019 nt
792 1956 974 2037 ubicunque
991 1955 1088 2019 uellet
1100 1975 1168 2019 rna·

140 2068 235 2131 nendi
256 2068 304 2130 sus
318 2066 466 2140 haberet,
487 2066 515 2129 si
531 2068 681 2130 tamenin
695 2068 768 2130 uilla
783 2067 858 2130 Seio
882 2067 911 2128 ci
926 2067 1065 2148 placeret
1077 2066 1167 2130 babi-

140 2187 225 2252 tare,
245 2197 310 2240 non
324 2180 384 2241 nisi
399 2179 484 2260 apud
497 2180 598 2260 ipsam
614 2186 645 2241 et
657 2178 787 2241 fratrem
804 2197 896 2240 soum
910 2177 1080 2239 Adrianum
1101 2194 1168 2242 ma-

139 2296 238 2351 neret
258 2287 354 2350 otiam
369 2308 497 2371 quoque
512 2289 656 2352 ciusdem
671 2288 809 2351 mulieris
824 2290 950 2350 nomine
966 2289 1082 2350 Kesam
1099 2288 1170 2351 tnti-

141 2409 188 2463 ter
200 2398 361 2473 liberauit,
382 2409 417 2463 ut
430 2420 525 2482 quarn
538 2399 607 2481 ipsa
625 2408 689 2462 tam
703 2402 804 2464 omnis
818 2401 986 2484 generacio
1002 2397 1041 2462 nb
1055 2402 1167 2464 eadem

139 2530 323 2575 successura
346 2513 444 2576 libera
458 2513 541 2575 foret
555 2512 693 2575 omnino.
723 2513 862 2576 omnium
878 2533 956 2575 uero
971 2512 1104 2575 aliarum
1117 2533 1169 2576 re·-

140 2642 208 2686 rum
224 2641 414 2705 quecunque
428 2622 523 2685 babet
538 2622 648 2685 eadem
663 2623 855 2686 dominans!
872 2623 1018 2687 habitura
1033 2633 1095 2698 est,
1115 2643 1168 2687 su-

140 2734 315 2815 pradictum
328 2733 458 2796 fratrem
474 2754 566 2797 suum
580 2734 752 2799 Adriannm
766 2735 917 2799 heredem
932 2737 1108 2810 constituit,
1125 2736 1169 2800 ita

140 2853 244 2908 tamen
258 2845 343 2928 quod
363 2846 432 2925 ipsa
446 2847 520 2907 dum
535 2845 651 2910 uixerit
666 2847 712 2909 eis
727 2857 840 2911 utatur.

221 2955 309 3037 (155)
330 2956 426 3018 Zoloo
439 2957 480 3020 de
493 2958 568 3020 uitia
582 2959 699 3022 itecbei
716 2960 854 3042 impeciit
868 2961 1026 3034 Marcum,
1046 2963 1122 3023 luan
1137 2966 1171 3024 et

139 3068 320 3132 Marcellum
343 3070 383 3132 de
406 3067 481 3132 uilia
502 3071 659 3144 Βοιοοιιιι,
689 3071 798 3134 dicens
820 3071 906 3152 quod
929 3091 999 3133 cum
1021 3073 1089 3152 ipse
1111 3090 1179 3139 nec,

140 3181 301 3243 conuictus
323 3182 362 3244 sit
382 3181 415 3242 in
436 3180 503 3254 lite,
525 3201 583 3244 nec
605 3183 703 3244 eciam
720 3184 886 3263 quisquam
908 3183 1076 3263 iitiganerit
1096 3200 1168 3243 cun

140 3309 190 3364 eo,
218 3292 276 3373 ipsi
300 3311 372 3354 com
393 3291 546 3374 pristaido
567 3293 676 3373 ignoto
695 3292 892 3374 accepissent
914 3301 1049 3372 quatuor
1069 3292 1169 3353 boues

139 3402 217 3464 eins.
248 3403 360 3484 quibus
376 3423 440 3464 rem
458 3401 662 3483 negantibus,
685 3403 773 3482 Tupa
789 3402 915 3464 curialis
931 3420 1037 3463 eomes
1051 3403 1092 3464 de
1105 3403 1169 3463 Ka-

139 3533 247 3586 rauna,
267 3532 325 3596 per
346 3513 531 3595 pristaldum
553 3513 680 3574 nomine
701 3512 817 3574 Goiosa
838 3513 877 3575 de
899 3512 972 3574 uitia
987 3514 1063 3574 Bani
1086 3511 1170 3576 misit

138 3624 342 3698 bandinum,
364 3624 415 3686 ubi
431 3622 525 3684 Zolcc
547 3631 670 3704 portato
685 3622 771 3685 ferro
786 3623 969 3686 iustificatos
984 3630 1041 3685 est.

219 3732 309 3815 (156)
330 3734 464 3796 Perman
479 3735 519 3796 de
534 3732 607 3795 uilia
622 3735 668 3815 ip,
689 3734 825 3815 impeciit
839 3734 1033 3815 Stephanum
1048 3742 1080 3797 et
1093 3736 1168 3817 Egi·

138 3844 223 3907 diom
237 3845 420 3930 iobngiones
431 3847 539 3908 Buncu
555 3846 595 3908 de
607 3847 681 3908 uilla
693 3845 814 3920 connis,
835 3847 944 3909 dicens
955 3848 1041 3931 quod
1056 3865 1169 3911 seruus

137 3975 212 4018 suns
236 3959 364 4021 nomine
390 3960 494 4041 Rogas
520 3956 663 4020 clanculo
690 3957 862 4040 accepisset
884 3960 1052 4040 pecuniam
1077 3966 1168 4021 snam

139 4065 298 4132 ualentem
321 4076 392 4134 octo
415 4088 555 4143 marcas,
576 4078 608 4133 et
631 4068 692 4132 boc
716 4069 820 4149 ipsum
841 4070 964 4135 dicebat
984 4090 1095 4136 seruus
1113 4068 1173 4135 itte·

139 4176 275 4258 arbitris,
302 4180 406 4252 abbati
424 4181 465 4250 de
483 4180 620 4250 bibbinii
645 4188 677 4250 ct
696 4180 777 4249 Dcrs
796 4181 863 4249 ctio
877 4185 1005 4352 :demo
1027 4189 1061 4249 et
1080 4181 1173 4267 cogn
