2798 4764
319 329 442 377 suom
461 332 503 377 nn
524 331 607 376 uera
628 330 728 377 unsre
748 310 1191 399 nnncuosuxtdl.-113

159 484 238 549 siam
252 482 413 564 sepelitur.
435 490 507 564 post
522 480 641 563 aliquot
662 492 766 546 autem
783 501 891 559 annos,
912 504 984 547 cum
998 494 1083 551 esset
1096 488 1191 553 enor-

158 616 229 659 sum
249 613 366 676 corpus
388 592 456 655 eius
481 593 520 654 de
545 591 708 674 sepulcro,
729 595 891 659 sudarium
913 615 950 658 eo
973 596 1070 678 ipsius
1093 599 1191 663 uesti-

158 712 264 768 menta
285 703 476 767 inuenerunt
497 703 694 785 incorrupta,
716 713 748 767 et
762 703 831 768 loca
846 704 1012 768 uulnerum
1026 717 1189 783 resanata,

158 817 416 900 sepelieruntque
439 816 566 878 tandem
581 835 696 898 corpus
712 817 779 880 eius
795 816 826 880 iu
842 818 971 900 proprio
986 821 1189 885 monasterio.

159 948 198 991 ex
210 925 389 991 Teutonicis
410 925 525 988 etenim
540 926 572 987 in
587 925 640 987 illo
654 925 755 1008 prelio
770 927 838 991 siue
853 948 985 991 numero
997 930 1188 995 ceciderunt.

159 1039 242 1101 unde
258 1038 341 1100 idern
358 1036 446 1098 locus
461 1036 513 1099 ubi
530 1036 663 1117 prelium
677 1046 726 1100 est
740 1039 942 1102 commissum
957 1059 1068 1102 eorum
1082 1040 1189 1127 lingue

158 1169 260 1231 usque
275 1148 372 1211 bodie
386 1148 499 1210 llorum
514 1147 605 1229 paiur
619 1155 668 1211 est
680 1157 827 1224 uocatus,
848 1159 879 1213 et
893 1161 1069 1216 wernemut
1082 1160 1189 1218 nostra

157 1261 274 1344 lingua.

239 1481 286 1567 (3)
309 1484 407 1548 Cesar
421 1507 499 1549 uero
515 1486 644 1552 obtenta
659 1486 792 1549 uictoria
806 1485 969 1553 descendit
982 1487 1093 1551 Album
1110 1487 1187 1553 ciui-

157 1603 269 1671 tatem,
289 1598 344 1660 ubi
357 1598 451 1662 Petro
470 1597 606 1662 restituit
620 1619 771 1680 regnum,
794 1609 825 1663 et
839 1599 884 1663 sic
898 1599 1025 1663 tandem
1039 1619 1186 1664 reuersus

156 1716 205 1770 est
220 1708 434 1791 Ratisponam.
463 1730 540 1792 rege
555 1731 631 1793 ergo
646 1710 738 1773 Petro
759 1718 790 1772 et
802 1709 976 1792 Hungaris,
998 1711 1053 1793 qul
1067 1730 1140 1772 eum
1151 1710 1186 1775 in

156 1840 288 1903 regnum
303 1821 510 1895 reduxerant,
531 1822 616 1884 uires
635 1828 666 1885 et
680 1820 858 1904 potenciam
871 1820 1113 1895 resumentibus,
1133 1840 1185 1885 ce·

154 1940 272 2015 perunt
287 1951 356 1994 esse
370 1931 554 1996 insolentes.
586 1953 649 2016 qun
664 1934 703 1996 de
719 1952 830 1997 caussa
844 1953 954 1996 omnes
969 1934 1109 2015 Hungari
1123 1931 1186 1996 sol·

152 2043 237 2106 licite
258 2043 484 2117 intendebant,
512 2043 644 2127 qualiter
664 2053 768 2107 amoto
783 2045 877 2107 Petro
899 2043 982 2108 filios
1003 2043 1185 2107 anladislai

153 2155 306 2218 reducere
332 2157 516 2237 potuissent.
545 2157 619 2219 dum
633 2164 739 2219 autem
753 2155 813 2219 ista
826 2155 870 2219 ita
882 2155 1012 2230 tierent,
1033 2155 1185 2230 Andreas,

152 2265 228 2329 nota
249 2274 281 2329 et
302 2266 451 2331 Lewenta
475 2269 514 2330 de
533 2268 663 2330 Bnemia
687 2268 720 2329 in
743 2267 905 2330 l'oloniam
927 2273 1137 2339 transeuntes,
1166 2283 1185 2327 a

153 2379 253 2441 blisca
266 2377 457 2441 Polonorum
479 2380 559 2442 duce
578 2379 784 2441 amicabiliter
797 2386 871 2440 suut
884 2377 1020 2459 recepti,
1042 2376 1095 2438 ubi
1109 2374 1185 2440 bela

153 2491 338 2554 Porueranie
362 2492 476 2554 ducem
490 2491 596 2556 duello
611 2491 803 2564 deuincens,
823 2489 888 2553 filia
902 2490 1002 2553 lliske
1018 2489 1078 2552 sibi
1092 2490 1184 2553 datur

151 2601 183 2665 in
205 2622 347 2665 uxorem.
376 2603 463 2685 quod
485 2603 628 2665 Andreas
652 2610 683 2664 et
700 2603 849 2664 lewenta
869 2621 947 2683 egre
969 2600 1121 2676 ferentes,
1141 2621 1183 2665 no

151 2714 249 2797 ipsius
269 2712 397 2778 nomine
414 2715 559 2777 uiuerent
572 2714 605 2776 in
618 2712 763 2787 Polonia,
791 2713 821 2775 in
837 2712 1025 2776 Rutbeniam
1047 2713 1181 2777 transie-

150 2834 233 2889 runt.
261 2833 292 2889 et
307 2827 381 2889 dum
395 2826 437 2890 ibi
453 2847 471 2890 a
486 2827 567 2889 duce
582 2826 769 2889 Lodomerie
785 2833 915 2908 propter
929 2826 1057 2888 Petrum
1071 2844 1181 2906 regen

149 2937 289 3020 suscepti
310 2957 376 2999 non
394 2937 544 3012 luissent,
565 2938 605 3000 ad
625 2947 740 3002 terram
763 2938 882 3000 uadunt
896 2937 1010 3001 deinde
1025 2936 1181 2999 Cumano·

149 3070 231 3113 rum.
251 3049 305 3132 qui
318 3068 387 3112 cum
398 3069 453 3112 eos
466 3051 620 3133 perimere
633 3050 822 3131 cogitarent,
844 3049 1009 3112 credentes
1025 3049 1109 3129 ipsos
1125 3067 1180 3111 ex·

148 3159 325 3244 ploratores
349 3162 438 3244 regni
458 3162 525 3235 sui,
547 3163 673 3225 tandem
696 3182 754 3244 per
776 3161 935 3243 captiuum
956 3161 1181 3242 Hungarorunt

148 3273 317 3355 recogniti,
352 3273 469 3355 optime
495 3272 645 3355 deinceps
675 3279 917 3354 pertractantur.
952 3271 1073 3333 interes
1101 3287 1180 3333 uero

150 3383 261 3445 Petrus
283 3403 342 3445 rex
364 3382 530 3464 Hungaros
559 3383 656 3466 priori
682 3383 864 3466 grauamine
894 3381 979 3463 cepit
1001 3379 1182 3442 molestare.

152 3501 226 3556 tunc
240 3495 272 3556 in
288 3493 417 3557 Chenad
439 3513 549 3557 omnes
571 3493 601 3556 in
618 3514 713 3555 unum
729 3499 965 3564 conuenerunt,
986 3489 1180 3572 consilioque

150 3604 257 3667 babitu
272 3604 479 3668 communiter
493 3625 551 3687 pro
565 3603 636 3667 filiis
651 3602 831 3665 Zarladislai
846 3602 1074 3676 transmittunt,
1096 3601 1180 3665 unde

150 3717 190 3780 ad
210 3736 344 3802 regnum
367 3725 554 3780 remearent
584 3716 638 3799 qui
663 3735 735 3777 curn
760 3714 793 3776 in
807 3714 879 3777 Pest
901 3713 1104 3777 aduenissent
1125 3713 1181 3777 ab·

149 3849 263 3893 moure
277 3829 360 3893 sicut
373 3829 652 3912 pererraturum
665 3828 698 3891 in
713 3826 801 3890 curia
811 3826 896 3891 Petri
910 3827 996 3910 regis
1011 3846 1073 3891 una
1087 3833 1181 3890 nocte

149 3941 182 4004 in
196 3941 288 4026 equis
302 3940 466 4005 uelocibus
479 3960 537 4024 per
552 3939 684 4003 nuncios
699 3939 793 4005 trium
807 3938 939 4004 launum
953 3936 1180 4020 proclamatur:

150 4054 238 4141 qnod
259 4073 370 4121 omnes
385 4051 549 4122 Teutonici
572 4059 603 4125 et
623 4050 723 4120 Latini
743 4051 934 4137 ubicumque
953 4049 1075 4117 inuenti
1096 4046 1183 4133 peri·

149 4171 535 4246 procucurrerunt
556 4164 635 4234 ritus
657 4163 867 4256 paganismus.
896 4182 988 4335 ιιὲιιιο
1007 4179 1083 4250 orgo
1097 4157 1181 4227 tacto
