<?xml version="1.0" encoding="UTF-8"?>
<!DOCTYPE html PUBLIC "-//W3C//DTD XHTML 1.0 Transitional//EN"
    "http://www.w3.org/TR/xhtml1/DTD/xhtml1-transitional.dtd">
<html xmlns="http://www.w3.org/1999/xhtml" xml:lang="en" lang="en">
 <head>
  <title>
</title>
<meta http-equiv="Content-Type" content="text/html;charset=utf-8" />
  <meta name='ocr-system' content='tesseract 3.04.00' />
  <meta name='ocr-capabilities' content='ocr_page ocr_carea ocr_par ocr_line ocrx_word'/>
</head>
<body>
  <div class='ocr_page' id='page_1' title='image "./rerumhungaricar00endlgoog/rerumhungaricar00endlgoog_0384.png"; bbox 0 0 2798 4764; ppageno 0'>
   <div class='ocr_carea' id='block_1_1' title="bbox 186 1140 1217 1234">
    <p class='ocr_par' dir='ltr' id='par_1_1' title="bbox 186 1140 1217 1234">
     <span class='ocr_line' id='line_1_1' title="bbox 186 1140 1217 1234; baseline 0.01 -11"><span class='ocrx_word' id='word_1_1' title='bbox 186 1140 374 1225; x_wconf 68' lang='lat' dir='ltr'>strenus</span> <span class='ocrx_word' id='word_1_2' title='bbox 389 1142 552 1226; x_wconf 79' lang='lat' dir='ltr'>ttttlu</span> <span class='ocrx_word' id='word_1_3' title='bbox 566 1142 721 1228; x_wconf 76' lang='lat' dir='ltr'>lldllll&#39;b</span> <span class='ocrx_word' id='word_1_4' title='bbox 739 1144 817 1228; x_wconf 77' lang='lat' dir='ltr'>Sllll</span> <span class='ocrx_word' id='word_1_5' title='bbox 831 1145 1080 1231; x_wconf 74' lang='lat' dir='ltr'>columble</span> <span class='ocrx_word' id='word_1_6' title='bbox 1097 1147 1217 1234; x_wconf 81' lang='lat' dir='ltr'>ttlttt</span> 
     </span>
    </p>
   </div>
   <div class='ocr_carea' id='block_1_2' title="bbox 249 1330 1151 1479">
    <p class='ocr_par' dir='ltr' id='par_1_2' title="bbox 249 1330 1151 1479">
     <span class='ocr_line' id='line_1_2' title="bbox 249 1330 1151 1402; baseline 0.008 -20"><span class='ocrx_word' id='word_1_7' title='bbox 249 1330 378 1382; x_wconf 80' lang='lat' dir='ltr'>Ecodice</span> <span class='ocrx_word' id='word_1_8' title='bbox 397 1330 588 1383; x_wconf 80' lang='lat' dir='ltr'>membranaceo</span> <span class='ocrx_word' id='word_1_9' title='bbox 614 1333 702 1383; x_wconf 75' lang='lat' dir='ltr'>saculi</span> <span class='ocrx_word' id='word_1_10' title='bbox 725 1335 798 1386; x_wconf 82' lang='lat' dir='ltr'>Xlll.</span> <span class='ocrx_word' id='word_1_11' title='bbox 818 1335 935 1388; x_wconf 79' lang='lat' dir='ltr'>ecclosias</span> <span class='ocrx_word' id='word_1_12' title='bbox 954 1337 1096 1402; x_wconf 74' lang='lat' dir='ltr'>collegistis</span> <span class='ocrx_word' id='word_1_13' title='bbox 1119 1339 1151 1389; x_wconf 87' lang='lat' dir='ltr'>nd</span> 
     </span>
     <span class='ocr_line' id='line_1_3' title="bbox 544 1426 853 1479; baseline 0.016 -5"><span class='ocrx_word' id='word_1_14' title='bbox 544 1441 567 1475; x_wconf 88' lang='lat' dir='ltr'>s.</span> <span class='ocrx_word' id='word_1_15' title='bbox 581 1426 722 1477; x_wconf 83' lang='lat' dir='ltr'>blnrtinum</span> <span class='ocrx_word' id='word_1_16' title='bbox 740 1428 853 1479; x_wconf 84' lang='lat' dir='ltr'>Posonii.</span> 
     </span>
    </p>
   </div>
   <div class='ocr_carea' id='block_1_3' title="bbox 610 1579 807 1592">
    <p class='ocr_par' dir='ltr' id='par_1_3' title="bbox 610 1579 807 1592">
     <span class='ocr_line' id='line_1_4' title="bbox 610 1579 807 1592; baseline 0.02 -4"><span class='ocrx_word' id='word_1_17' title='bbox 610 1579 807 1592; x_wconf 76' lang='lat'>————-—-</span> 
     </span>
    </p>
   </div>
   <div class='ocr_carea' id='block_1_4' title="bbox 182 1710 1214 2695">
    <p class='ocr_par' dir='ltr' id='par_1_4' title="bbox 184 1710 1214 2022">
     <span class='ocr_line' id='line_1_5' title="bbox 269 1710 1214 1799; baseline 0.011 -26"><span class='ocrx_word' id='word_1_18' title='bbox 269 1710 331 1790; x_wconf 92' lang='lat'>(1)</span> <span class='ocrx_word' id='word_1_19' title='bbox 353 1714 399 1774; x_wconf 82' lang='lat' dir='ltr'>Ex</span> <span class='ocrx_word' id='word_1_20' title='bbox 415 1715 597 1776; x_wconf 87' lang='lat' dir='ltr'>auctoritate</span> <span class='ocrx_word' id='word_1_21' title='bbox 613 1715 756 1796; x_wconf 79' lang='lat' dir='ltr'><strong>Apostoli</strong></span> <span class='ocrx_word' id='word_1_22' title='bbox 779 1737 835 1797; x_wconf 91' lang='lat' dir='ltr'>pro</span> <span class='ocrx_word' id='word_1_23' title='bbox 850 1717 933 1799; x_wconf 81' lang='lat' dir='ltr'>regis</span> <span class='ocrx_word' id='word_1_24' title='bbox 952 1718 1051 1780; x_wconf 90' lang='lat' dir='ltr'>nostri</span> <span class='ocrx_word' id='word_1_25' title='bbox 1065 1719 1166 1781; x_wconf 88' lang='lat' dir='ltr'>salute</span> <span class='ocrx_word' id='word_1_26' title='bbox 1181 1725 1214 1784; x_wconf 87' lang='lat' dir='ltr'>et</span> 
     </span>
     <span class='ocr_line' id='line_1_6' title="bbox 185 1824 1213 1905; baseline 0.01 -20"><span class='ocrx_word' id='word_1_27' title='bbox 185 1825 272 1905; x_wconf 79' lang='lat' dir='ltr'>regni</span> <span class='ocrx_word' id='word_1_28' title='bbox 286 1825 352 1887; x_wconf 88' lang='lat' dir='ltr'>eius</span> <span class='ocrx_word' id='word_1_29' title='bbox 368 1824 535 1889; x_wconf 69' lang='lat' dir='ltr'>stabilitate</span> <span class='ocrx_word' id='word_1_30' title='bbox 557 1827 588 1888; x_wconf 90' lang='lat' dir='ltr'>iu</span> <span class='ocrx_word' id='word_1_31' title='bbox 608 1829 753 1890; x_wconf 92' lang='lat' dir='ltr'>omnibus</span> <span class='ocrx_word' id='word_1_32' title='bbox 773 1828 887 1891; x_wconf 83' lang='lat' dir='ltr'>cotidie</span> <span class='ocrx_word' id='word_1_33' title='bbox 902 1830 1043 1893; x_wconf 84' lang='lat' dir='ltr'>ecclesiis</span> <span class='ocrx_word' id='word_1_34' title='bbox 1059 1833 1213 1894; x_wconf 84' lang='lat' dir='ltr'>orandum</span> 
     </span>
     <span class='ocr_line' id='line_1_7' title="bbox 184 1938 764 2022; baseline 0.007 -24"><span class='ocrx_word' id='word_1_35' title='bbox 184 1956 348 1998; x_wconf 83' lang='lat' dir='ltr'>censemus</span> <span class='ocrx_word' id='word_1_36' title='bbox 364 1946 394 1999; x_wconf 91' lang='lat' dir='ltr'>et</span> <span class='ocrx_word' id='word_1_37' title='bbox 410 1938 548 2003; x_wconf 86' lang='lat' dir='ltr'>districte</span> <span class='ocrx_word' id='word_1_38' title='bbox 563 1940 764 2022; x_wconf 82' lang='lat' dir='ltr'>precipimus.</span> 
     </span>
    </p>

    <p class='ocr_par' dir='ltr' id='par_1_5' title="bbox 183 2051 1213 2471">
     <span class='ocr_line' id='line_1_8' title="bbox 267 2051 1212 2139; baseline 0.007 -27"><span class='ocrx_word' id='word_1_39' title='bbox 267 2053 323 2125; x_wconf 81' lang='lat'>(2)</span> <span class='ocrx_word' id='word_1_40' title='bbox 347 2059 380 2113; x_wconf 87' lang='lat' dir='ltr'>ut</span> <span class='ocrx_word' id='word_1_41' title='bbox 403 2051 430 2112; x_wconf 90' lang='lat' dir='ltr'>si</span> <span class='ocrx_word' id='word_1_42' title='bbox 455 2052 524 2131; x_wconf 88' lang='lat' dir='ltr'>quis</span> <span class='ocrx_word' id='word_1_43' title='bbox 550 2063 658 2115; x_wconf 89' lang='lat' dir='ltr'>contra</span> <span class='ocrx_word' id='word_1_44' title='bbox 682 2055 765 2135; x_wconf 84' lang='lat' dir='ltr'>regis</span> <span class='ocrx_word' id='word_1_45' title='bbox 792 2055 923 2117; x_wconf 89' lang='lat' dir='ltr'>salutem</span> <span class='ocrx_word' id='word_1_46' title='bbox 949 2063 1004 2117; x_wconf 89' lang='lat' dir='ltr'>aut</span> <span class='ocrx_word' id='word_1_47' title='bbox 1028 2057 1212 2139; x_wconf 77' lang='lat' dir='ltr'>dignitatem</span> 
     </span>
     <span class='ocr_line' id='line_1_9' title="bbox 184 2163 1212 2249; baseline 0.007 -25"><span class='ocrx_word' id='word_1_48' title='bbox 184 2163 324 2246; x_wconf 87' lang='lat' dir='ltr'>quolibet</span> <span class='ocrx_word' id='word_1_49' title='bbox 338 2165 432 2224; x_wconf 93' lang='lat' dir='ltr'>modo</span> <span class='ocrx_word' id='word_1_50' title='bbox 449 2164 565 2243; x_wconf 85' lang='lat' dir='ltr'>aliquid</span> <span class='ocrx_word' id='word_1_51' title='bbox 578 2166 818 2247; x_wconf 90' lang='lat' dir='ltr'>conspirauerit,</span> <span class='ocrx_word' id='word_1_52' title='bbox 834 2175 887 2229; x_wconf 89' lang='lat' dir='ltr'>aut</span> <span class='ocrx_word' id='word_1_53' title='bbox 898 2170 1077 2248; x_wconf 85' lang='lat' dir='ltr'>conspirare</span> <span class='ocrx_word' id='word_1_54' title='bbox 1093 2168 1212 2249; x_wconf 86' lang='lat' dir='ltr'>aliquid</span> 
     </span>
     <span class='ocr_line' id='line_1_10' title="bbox 183 2275 1213 2357; baseline 0.004 -20"><span class='ocrx_word' id='word_1_55' title='bbox 183 2275 395 2356; x_wconf 87' lang='lat' dir='ltr'>temptauerit,</span> <span class='ocrx_word' id='word_1_56' title='bbox 425 2298 481 2337; x_wconf 86' lang='lat' dir='ltr'>seu</span> <span class='ocrx_word' id='word_1_57' title='bbox 507 2278 680 2357; x_wconf 90' lang='lat' dir='ltr'>temptandi</span> <span class='ocrx_word' id='word_1_58' title='bbox 711 2278 812 2339; x_wconf 89' lang='lat' dir='ltr'>sciens</span> <span class='ocrx_word' id='word_1_59' title='bbox 839 2279 1048 2352; x_wconf 82' lang='lat' dir='ltr'>consenserit,</span> <span class='ocrx_word' id='word_1_60' title='bbox 1081 2277 1213 2341; x_wconf 88' lang='lat' dir='ltr'>anathe-</span> 
     </span>
     <span class='ocr_line' id='line_1_11' title="bbox 184 2388 1117 2471; baseline 0.001 -23"><span class='ocrx_word' id='word_1_61' title='bbox 184 2388 353 2460; x_wconf 89' lang='lat' dir='ltr'>matizetur,</span> <span class='ocrx_word' id='word_1_62' title='bbox 376 2397 407 2452; x_wconf 92' lang='lat' dir='ltr'>et</span> <span class='ocrx_word' id='word_1_63' title='bbox 421 2389 560 2450; x_wconf 89' lang='lat' dir='ltr'>omnium</span> <span class='ocrx_word' id='word_1_64' title='bbox 575 2388 714 2450; x_wconf 89' lang='lat' dir='ltr'>fidelium</span> <span class='ocrx_word' id='word_1_65' title='bbox 730 2389 950 2450; x_wconf 90' lang='lat' dir='ltr'>commuuione</span> <span class='ocrx_word' id='word_1_66' title='bbox 966 2389 1117 2471; x_wconf 91' lang='lat' dir='ltr'>priuetur.</span> 
     </span>
    </p>

    <p class='ocr_par' dir='ltr' id='par_1_6' title="bbox 182 2499 1211 2695">
     <span class='ocr_line' id='line_1_12' title="bbox 264 2499 1211 2584; baseline 0.008 -25"><span class='ocrx_word' id='word_1_67' title='bbox 264 2502 325 2574; x_wconf 84' lang='grc'>(3)</span> <span class='ocrx_word' id='word_1_68' title='bbox 348 2508 381 2562; x_wconf 90' lang='lat' dir='ltr'>ut</span> <span class='ocrx_word' id='word_1_69' title='bbox 395 2501 420 2561; x_wconf 91' lang='lat' dir='ltr'>si</span> <span class='ocrx_word' id='word_1_70' title='bbox 437 2500 507 2582; x_wconf 86' lang='lat' dir='ltr'>quis</span> <span class='ocrx_word' id='word_1_71' title='bbox 522 2500 699 2562; x_wconf 90' lang='lat' dir='ltr'>huiusmodi</span> <span class='ocrx_word' id='word_1_72' title='bbox 716 2499 850 2581; x_wconf 83' lang='lat' dir='ltr'>aliquem</span> <span class='ocrx_word' id='word_1_73' title='bbox 866 2501 1008 2575; x_wconf 89' lang='lat' dir='ltr'>nouerit,</span> <span class='ocrx_word' id='word_1_74' title='bbox 1030 2510 1061 2563; x_wconf 90' lang='lat' dir='ltr'>et</span> <span class='ocrx_word' id='word_1_75' title='bbox 1075 2501 1211 2584; x_wconf 78' lang='lat' dir='ltr'>probare</span> 
     </span>
     <span class='ocr_line' id='line_1_13' title="bbox 182 2610 1210 2695; baseline 0.001 -21"><span class='ocrx_word' id='word_1_76' title='bbox 182 2610 291 2674; x_wconf 88' lang='lat' dir='ltr'>ualens</span> <span class='ocrx_word' id='word_1_77' title='bbox 317 2633 381 2675; x_wconf 91' lang='lat' dir='ltr'>non</span> <span class='ocrx_word' id='word_1_78' title='bbox 404 2612 608 2687; x_wconf 91' lang='lat' dir='ltr'>indicauerit,</span> <span class='ocrx_word' id='word_1_79' title='bbox 634 2613 774 2694; x_wconf 85' lang='lat' dir='ltr'>predicto</span> <span class='ocrx_word' id='word_1_80' title='bbox 800 2611 960 2676; x_wconf 87' lang='lat' dir='ltr'>subiaceat</span> <span class='ocrx_word' id='word_1_81' title='bbox 981 2614 1210 2695; x_wconf 87' lang='lat' dir='ltr'>dampnacioni.</span> 
     </span>
    </p>
   </div>
   <div class='ocr_carea' id='block_1_5' title="bbox 181 2725 1210 3033">
    <p class='ocr_par' dir='ltr' id='par_1_7' title="bbox 181 2725 1210 3033">
     <span class='ocr_line' id='line_1_14' title="bbox 264 2725 1210 2813; baseline 0.003 -27"><span class='ocrx_word' id='word_1_82' title='bbox 264 2725 323 2800; x_wconf 79' lang='lat' dir='ltr'>(b)</span> <span class='ocrx_word' id='word_1_83' title='bbox 347 2734 378 2788; x_wconf 91' lang='lat' dir='ltr'>ut</span> <span class='ocrx_word' id='word_1_84' title='bbox 401 2725 426 2788; x_wconf 88' lang='lat' dir='ltr'>si</span> <span class='ocrx_word' id='word_1_85' title='bbox 443 2748 505 2807; x_wconf 90' lang='lat' dir='ltr'>qua</span> <span class='ocrx_word' id='word_1_86' title='bbox 520 2726 632 2788; x_wconf 88' lang='lat' dir='ltr'>mulier</span> <span class='ocrx_word' id='word_1_87' title='bbox 653 2726 755 2788; x_wconf 86' lang='lat' dir='ltr'>auiro</span> <span class='ocrx_word' id='word_1_88' title='bbox 775 2746 833 2788; x_wconf 89' lang='lat' dir='ltr'>suo</span> <span class='ocrx_word' id='word_1_89' title='bbox 847 2727 978 2808; x_wconf 81' lang='lat' dir='ltr'>sugerit,</span> <span class='ocrx_word' id='word_1_90' title='bbox 1000 2726 1149 2813; x_wconf 77' lang='lat' dir='ltr'>reddatur</span> <span class='ocrx_word' id='word_1_91' title='bbox 1164 2727 1210 2802; x_wconf 87' lang='lat' dir='ltr'>ei,</span> 
     </span>
     <span class='ocr_line' id='line_1_15' title="bbox 181 2836 1210 2921; baseline 0.003 -23"><span class='ocrx_word' id='word_1_92' title='bbox 181 2846 211 2898; x_wconf 93' lang='lat' dir='ltr'>et</span> <span class='ocrx_word' id='word_1_93' title='bbox 226 2836 376 2919; x_wconf 84' lang='lat' dir='ltr'>quociens</span> <span class='ocrx_word' id='word_1_94' title='bbox 392 2837 517 2918; x_wconf 81' lang='lat' dir='ltr'>fugerit,</span> <span class='ocrx_word' id='word_1_95' title='bbox 531 2838 713 2901; x_wconf 84' lang='lat' dir='ltr'>restituatur</span> <span class='ocrx_word' id='word_1_96' title='bbox 728 2839 775 2912; x_wconf 91' lang='lat' dir='ltr'>ei,</span> <span class='ocrx_word' id='word_1_97' title='bbox 788 2838 863 2921; x_wconf 88' lang='lat' dir='ltr'>quia</span> <span class='ocrx_word' id='word_1_98' title='bbox 877 2836 1027 2921; x_wconf 82' lang='lat' dir='ltr'>scriptum</span> <span class='ocrx_word' id='word_1_99' title='bbox 1045 2847 1108 2914; x_wconf 88' lang='lat' dir='ltr'>est,</span> <span class='ocrx_word' id='word_1_100' title='bbox 1123 2838 1210 2921; x_wconf 89' lang='lat' dir='ltr'>quod</span> 
     </span>
     <span class='ocr_line' id='line_1_16' title="bbox 181 2947 770 3033; baseline 0.005 -24"><span class='ocrx_word' id='word_1_101' title='bbox 181 2947 258 3012; x_wconf 91' lang='lat' dir='ltr'>deus</span> <span class='ocrx_word' id='word_1_102' title='bbox 274 2949 434 3011; x_wconf 78' lang='lat' dir='ltr'>coniunxit</span> <span class='ocrx_word' id='word_1_103' title='bbox 447 2950 542 3011; x_wconf 92' lang='lat' dir='ltr'>bomo</span> <span class='ocrx_word' id='word_1_104' title='bbox 560 2971 621 3012; x_wconf 91' lang='lat' dir='ltr'>non</span> <span class='ocrx_word' id='word_1_105' title='bbox 637 2961 770 3033; x_wconf 84' lang='lat' dir='ltr'>separet.</span> 
     </span>
    </p>
   </div>
   <div class='ocr_carea' id='block_1_6' title="bbox 179 3060 1209 4274">
    <p class='ocr_par' dir='ltr' id='par_1_8' title="bbox 179 3060 1209 3369">
     <span class='ocr_line' id='line_1_17' title="bbox 262 3060 1209 3146; baseline 0.002 -23"><span class='ocrx_word' id='word_1_106' title='bbox 262 3065 318 3138; x_wconf 73' lang='grc' dir='ltr'>(ὃ)</span> <span class='ocrx_word' id='word_1_107' title='bbox 340 3072 374 3125; x_wconf 94' lang='lat' dir='ltr'>ut</span> <span class='ocrx_word' id='word_1_108' title='bbox 389 3062 416 3123; x_wconf 88' lang='lat' dir='ltr'>si</span> <span class='ocrx_word' id='word_1_109' title='bbox 431 3064 500 3145; x_wconf 89' lang='lat' dir='ltr'>quis</span> <span class='ocrx_word' id='word_1_110' title='bbox 516 3084 646 3127; x_wconf 83' lang='lat' dir='ltr'>uxorem</span> <span class='ocrx_word' id='word_1_111' title='bbox 662 3086 751 3128; x_wconf 92' lang='lat' dir='ltr'>suam</span> <span class='ocrx_word' id='word_1_112' title='bbox 768 3084 874 3129; x_wconf 89' lang='lat' dir='ltr'>coram</span> <span class='ocrx_word' id='word_1_113' title='bbox 888 3063 1009 3146; x_wconf 83' lang='lat' dir='ltr'>legibus</span> <span class='ocrx_word' id='word_1_114' title='bbox 1034 3060 1209 3126; x_wconf 87' lang='lat' dir='ltr'>adulteram</span> 
     </span>
     <span class='ocr_line' id='line_1_18' title="bbox 180 3173 1209 3258; baseline 0.001 -23"><span class='ocrx_word' id='word_1_115' title='bbox 180 3175 375 3255; x_wconf 90' lang='lat' dir='ltr'>probauerit,</span> <span class='ocrx_word' id='word_1_116' title='bbox 397 3176 463 3257; x_wconf 90' lang='lat' dir='ltr'>ipsa</span> <span class='ocrx_word' id='word_1_117' title='bbox 485 3176 662 3258; x_wconf 88' lang='lat' dir='ltr'>penitencie</span> <span class='ocrx_word' id='word_1_118' title='bbox 685 3177 860 3251; x_wconf 86' lang='lat' dir='ltr'>subiaceat,</span> <span class='ocrx_word' id='word_1_119' title='bbox 882 3182 914 3237; x_wconf 90' lang='lat' dir='ltr'>et</span> <span class='ocrx_word' id='word_1_120' title='bbox 928 3184 1039 3257; x_wconf 87' lang='lat' dir='ltr'>postea</span> <span class='ocrx_word' id='word_1_121' title='bbox 1053 3173 1079 3235; x_wconf 92' lang='lat' dir='ltr'>si</span> <span class='ocrx_word' id='word_1_122' title='bbox 1099 3174 1209 3236; x_wconf 86' lang='lat' dir='ltr'>uolue-</span> 
     </span>
     <span class='ocr_line' id='line_1_19' title="bbox 179 3286 987 3369; baseline 0 -23"><span class='ocrx_word' id='word_1_123' title='bbox 179 3286 240 3349; x_wconf 90' lang='lat' dir='ltr'>rint</span> <span class='ocrx_word' id='word_1_124' title='bbox 254 3289 506 3361; x_wconf 86' lang='lat' dir='ltr'>reconcilientur,</span> <span class='ocrx_word' id='word_1_125' title='bbox 529 3289 620 3350; x_wconf 89' lang='lat' dir='ltr'>aliter</span> <span class='ocrx_word' id='word_1_126' title='bbox 635 3289 755 3369; x_wconf 90' lang='lat' dir='ltr'>innupti</span> <span class='ocrx_word' id='word_1_127' title='bbox 772 3297 987 3369; x_wconf 86' lang='lat' dir='ltr'>permaneant.</span> 
     </span>
    </p>

    <p class='ocr_par' dir='ltr' id='par_1_9' title="bbox 181 3395 1209 3593">
     <span class='ocr_line' id='line_1_20' title="bbox 263 3395 1209 3481; baseline 0.001 -22"><span class='ocrx_word' id='word_1_128' title='bbox 263 3400 321 3473; x_wconf 90' lang='lat' dir='ltr'>(o)</span> <span class='ocrx_word' id='word_1_129' title='bbox 343 3408 376 3461; x_wconf 90' lang='lat' dir='ltr'>ut</span> <span class='ocrx_word' id='word_1_130' title='bbox 390 3400 416 3460; x_wconf 90' lang='lat' dir='ltr'>si</span> <span class='ocrx_word' id='word_1_131' title='bbox 432 3400 501 3480; x_wconf 89' lang='lat' dir='ltr'>quis</span> <span class='ocrx_word' id='word_1_132' title='bbox 517 3419 663 3481; x_wconf 89' lang='lat' dir='ltr'>sponsam</span> <span class='ocrx_word' id='word_1_133' title='bbox 679 3400 806 3461; x_wconf 85' lang='lat' dir='ltr'>alterius</span> <span class='ocrx_word' id='word_1_134' title='bbox 823 3400 978 3478; x_wconf 88' lang='lat' dir='ltr'>rapuerit,</span> <span class='ocrx_word' id='word_1_135' title='bbox 999 3414 1115 3477; x_wconf 89' lang='lat' dir='ltr'>sponso</span> <span class='ocrx_word' id='word_1_136' title='bbox 1135 3395 1209 3460; x_wconf 90' lang='lat' dir='ltr'>red·</span> 
     </span>
     <span class='ocr_line' id='line_1_21' title="bbox 181 3510 825 3593; baseline 0 -23"><span class='ocrx_word' id='word_1_137' title='bbox 181 3510 281 3584; x_wconf 87' lang='lat' dir='ltr'>datur,</span> <span class='ocrx_word' id='word_1_138' title='bbox 304 3521 410 3593; x_wconf 90' lang='lat' dir='ltr'>raptor</span> <span class='ocrx_word' id='word_1_139' title='bbox 427 3532 502 3573; x_wconf 79' lang='lat' dir='ltr'>uero</span> <span class='ocrx_word' id='word_1_140' title='bbox 519 3511 639 3593; x_wconf 80' lang='lat' dir='ltr'>legibus</span> <span class='ocrx_word' id='word_1_141' title='bbox 655 3511 825 3572; x_wconf 86' lang='lat' dir='ltr'>subiaceat.</span> 
     </span>
    </p>

    <p class='ocr_par' dir='ltr' id='par_1_10' title="bbox 181 3621 1208 3930">
     <span class='ocr_line' id='line_1_22' title="bbox 263 3621 1208 3707; baseline -0.001 -23"><span class='ocrx_word' id='word_1_142' title='bbox 263 3627 319 3699; x_wconf 83' lang='lat'>(7)</span> <span class='ocrx_word' id='word_1_143' title='bbox 343 3632 375 3686; x_wconf 93' lang='lat' dir='ltr'>ut</span> <span class='ocrx_word' id='word_1_144' title='bbox 390 3625 415 3686; x_wconf 90' lang='lat' dir='ltr'>si</span> <span class='ocrx_word' id='word_1_145' title='bbox 431 3626 499 3707; x_wconf 87' lang='lat' dir='ltr'>quis</span> <span class='ocrx_word' id='word_1_146' title='bbox 516 3642 644 3684; x_wconf 83' lang='lat' dir='ltr'>uxorem</span> <span class='ocrx_word' id='word_1_147' title='bbox 658 3642 786 3684; x_wconf 85' lang='lat' dir='ltr'>exosam</span> <span class='ocrx_word' id='word_1_148' title='bbox 802 3621 921 3684; x_wconf 91' lang='lat' dir='ltr'>babens</span> <span class='ocrx_word' id='word_1_149' title='bbox 936 3629 1048 3702; x_wconf 91' lang='lat' dir='ltr'>sponte</span> <span class='ocrx_word' id='word_1_150' title='bbox 1063 3641 1097 3683; x_wconf 87' lang='lat' dir='ltr'>se</span> <span class='ocrx_word' id='word_1_151' title='bbox 1109 3621 1208 3683; x_wconf 91' lang='lat' dir='ltr'>serui-</span> 
     </span>
     <span class='ocr_line' id='line_1_23' title="bbox 181 3735 1208 3816; baseline 0.001 -20"><span class='ocrx_word' id='word_1_152' title='bbox 181 3736 237 3797; x_wconf 87' lang='lat' dir='ltr'>tuti</span> <span class='ocrx_word' id='word_1_153' title='bbox 259 3737 450 3809; x_wconf 88' lang='lat' dir='ltr'>subdiderit,</span> <span class='ocrx_word' id='word_1_154' title='bbox 480 3744 513 3798; x_wconf 92' lang='lat' dir='ltr'>ut</span> <span class='ocrx_word' id='word_1_155' title='bbox 532 3736 570 3797; x_wconf 88' lang='lat' dir='ltr'>ab</span> <span class='ocrx_word' id='word_1_156' title='bbox 592 3756 688 3797; x_wconf 81' lang='lat' dir='ltr'>exosa</span> <span class='ocrx_word' id='word_1_157' title='bbox 710 3744 892 3816; x_wconf 86' lang='lat' dir='ltr'>separetur,</span> <span class='ocrx_word' id='word_1_158' title='bbox 918 3754 997 3796; x_wconf 83' lang='lat' dir='ltr'>uxor</span> <span class='ocrx_word' id='word_1_159' title='bbox 1019 3754 1090 3797; x_wconf 88' lang='lat' dir='ltr'>eum</span> <span class='ocrx_word' id='word_1_160' title='bbox 1119 3735 1208 3797; x_wconf 81' lang='lat' dir='ltr'>salua</span> 
     </span>
     <span class='ocr_line' id='line_1_24' title="bbox 181 3847 976 3930; baseline 0.003 -22"><span class='ocrx_word' id='word_1_161' title='bbox 181 3847 322 3910; x_wconf 89' lang='lat' dir='ltr'>libertate</span> <span class='ocrx_word' id='word_1_162' title='bbox 337 3857 497 3930; x_wconf 86' lang='lat' dir='ltr'>sequatur,</span> <span class='ocrx_word' id='word_1_163' title='bbox 519 3847 610 3910; x_wconf 92' lang='lat' dir='ltr'>aliter</span> <span class='ocrx_word' id='word_1_164' title='bbox 624 3847 745 3930; x_wconf 87' lang='lat' dir='ltr'>innupti</span> <span class='ocrx_word' id='word_1_165' title='bbox 763 3855 976 3930; x_wconf 88' lang='lat' dir='ltr'>permaneant.</span> 
     </span>
    </p>

    <p class='ocr_par' dir='ltr' id='par_1_11' title="bbox 181 3961 1208 4274">
     <span class='ocr_line' id='line_1_25' title="bbox 262 3961 1208 4044; baseline 0 -19"><span class='ocrx_word' id='word_1_166' title='bbox 262 3963 324 4039; x_wconf 87' lang='grc'>(8)</span> <span class='ocrx_word' id='word_1_167' title='bbox 348 3972 382 4026; x_wconf 94' lang='lat' dir='ltr'>ut</span> <span class='ocrx_word' id='word_1_168' title='bbox 405 3962 509 4024; x_wconf 87' lang='lat' dir='ltr'>clerici</span> <span class='ocrx_word' id='word_1_169' title='bbox 530 3963 645 4044; x_wconf 83' lang='lat' dir='ltr'>bigami</span> <span class='ocrx_word' id='word_1_170' title='bbox 668 3972 698 4025; x_wconf 90' lang='lat' dir='ltr'>et</span> <span class='ocrx_word' id='word_1_171' title='bbox 721 3963 887 4024; x_wconf 89' lang='lat' dir='ltr'>uiduarum</span> <span class='ocrx_word' id='word_1_172' title='bbox 913 3982 950 4025; x_wconf 86' lang='lat' dir='ltr'>ac</span> <span class='ocrx_word' id='word_1_173' title='bbox 974 3961 1208 4044; x_wconf 84' lang='lat' dir='ltr'>repudiatarum</span> 
     </span>
     <span class='ocr_line' id='line_1_26' title="bbox 181 4074 1208 4158; baseline -0.002 -21"><span class='ocrx_word' id='word_1_174' title='bbox 181 4076 300 4150; x_wconf 91' lang='lat' dir='ltr'>mariti,</span> <span class='ocrx_word' id='word_1_175' title='bbox 322 4076 547 4157; x_wconf 86' lang='lat' dir='ltr'>temporalibus</span> <span class='ocrx_word' id='word_1_176' title='bbox 564 4074 698 4139; x_wconf 88' lang='lat' dir='ltr'>ecclesie</span> <span class='ocrx_word' id='word_1_177' title='bbox 713 4075 873 4139; x_wconf 86' lang='lat' dir='ltr'>beneficiis</span> <span class='ocrx_word' id='word_1_178' title='bbox 893 4085 925 4140; x_wconf 90' lang='lat' dir='ltr'>et</span> <span class='ocrx_word' id='word_1_179' title='bbox 939 4075 1059 4138; x_wconf 88' lang='lat' dir='ltr'>cunctis</span> <span class='ocrx_word' id='word_1_180' title='bbox 1075 4074 1208 4158; x_wconf 82' lang='lat' dir='ltr'>dignita·</span> 
     </span>
     <span class='ocr_line' id='line_1_27' title="bbox 181 4188 683 4274; baseline -0.004 -21"><span class='ocrx_word' id='word_1_181' title='bbox 181 4190 262 4253; x_wconf 82' lang='lat' dir='ltr'>tibus</span> <span class='ocrx_word' id='word_1_182' title='bbox 277 4188 496 4253; x_wconf 86' lang='lat' dir='ltr'>ecclesiasticis</span> <span class='ocrx_word' id='word_1_183' title='bbox 509 4190 683 4274; x_wconf 85' lang='lat' dir='ltr'>priueutur.</span> 
     </span>
    </p>
   </div>
   <div class='ocr_carea' id='block_1_7' title="bbox 0 0 1404 4764">
    <p class='ocr_par' dir='ltr' id='par_1_12' title="bbox 0 0 1404 4764">
     <span class='ocr_line' id='line_1_28' title="bbox 0 0 1404 4764; baseline 0 2"><span class='ocrx_word' id='word_1_184' title='bbox 0 0 1404 4764; x_wconf 95' lang='lat' dir='ltr'> </span> 
     </span>
    </p>
   </div>
  </div>
 </body>
</html>
