2798 4764
180 309 243 402 ⁶4².
506 329 875 397 nscnsrnuuuncanau.

178 481 329 573 pristaldo
344 483 452 545 Dettrc
474 483 513 547 de
533 483 607 546 uilla
626 484 750 566 Maysa,
770 486 865 548 homo
886 485 1106 558 castrensium,
1133 504 1216 568 pon·

178 600 243 656 tato
257 594 353 667 ferro,
374 593 557 657 iustificatus
573 603 630 657 est.

261 704 304 787 (8)
326 706 432 789 Gugus
454 706 633 789 pristaldus,
655 716 688 769 ut
708 707 775 788 ipse
797 708 875 771 distr
896 711 934 771 de
955 729 1004 783 se,
1025 710 1133 771 lacobi
1152 729 1215 772 ua-

178 817 290 879 ciensis
307 816 458 897 episcopi,
468 817 574 879 statuit
589 825 660 879 ante
676 837 734 878 uos
747 819 902 900 quendam
917 820 1043 882 nomine
1059 818 1216 901 ipolitum

178 929 217 993 de
231 927 305 991 uilla
320 929 393 1008 Sap,
414 947 567 1000 asserens,
588 928 672 1009 quod
693 928 760 1009 ipse
775 928 904 1010 lpolitus
919 930 1109 1011 impeeiisset
1128 951 1214 994 con-

177 1040 309 1103 uillanos
324 1059 412 1113 suos,
432 1039 565 1102 scilicet:
587 1040 691 1113 Iacob,
712 1040 858 1113 Paulum,
879 1042 1034 1126 Moynolt,
1056 1042 1217 1122 Crispen,

178 1151 346 1213 Martinam
367 1158 398 1212 et
415 1149 629 1223 Dominicum,
651 1151 772 1214 dicens:
795 1153 881 1232 quod
903 1162 1046 1215 arasseut
1066 1174 1124 1233 per
1139 1154 1218 1216 uio-

177 1261 313 1327 lenciam
328 1271 442 1325 terram
456 1282 544 1324 suam
560 1263 747 1344 empticium.
776 1262 821 1324 illi
839 1271 943 1325 autem
959 1264 1220 1344 respondissent,

179 1374 313 1436 eandem
328 1380 460 1447 terram,
481 1372 522 1435 ad
537 1371 594 1436 tria
609 1381 727 1447 aratra,
749 1393 813 1435 non
828 1375 1009 1456 empcione,
1037 1376 1093 1437 sed
1110 1376 1217 1438 uadio

178 1485 281 1568 ipsum
295 1485 441 1566 ipolitum
456 1485 646 1567 possedisse.
669 1485 808 1566 prefatus
822 1485 928 1567 itaque
944 1485 1121 1567 episcopus,
1137 1486 1217 1567 ipso

179 1596 326 1660 uidelicet
350 1596 456 1678 Gugus
485 1596 635 1678 pristaldo
663 1597 847 1669 constituto,
879 1596 1014 1658 misisset
1039 1604 1219 1679 utramque
1267 1620 1271 1627 ·

179 1717 300 1791 partem
315 1706 520 1780 Uaradinum,
542 1709 581 1769 ad
603 1727 736 1770 examen
757 1707 832 1770 lerri
854 1708 1025 1780 candentis,
1047 1709 1121 1769 dato
1143 1718 1219 1771 ter·

179 1819 264 1881 mino
286 1818 319 1880 in
341 1827 450 1880 octaua
471 1837 496 1879 s.
510 1819 592 1900 regis
614 1818 774 1900 Stephani.
801 1828 832 1882 et
845 1818 974 1900 ipolitus
989 1820 1118 1901 quidem
1134 1839 1217 1883 cum

179 1928 396 2012 prenominato
421 1927 569 2009 pristaldo
593 1948 651 1990 suo
673 1928 780 2011 Gngus
808 1929 950 1991 Uaradini
975 1930 1049 2002 suit,
1076 1940 1218 2012 paratus

179 2042 316 2105 candens
337 2040 456 2105 terrum
477 2050 612 2123 portare.
641 2041 814 2104 aduersarii
836 2052 939 2104 autem
956 2042 1022 2103 eius
1043 2043 1076 2103 in
1093 2043 1218 2107 eadem

177 2151 353 2236 septimana
365 2170 429 2213 non
444 2159 697 2233 comparuerunt.

261 2262 309 2345 (9)
332 2265 436 2326 Abbas
459 2266 499 2328 de
517 2264 588 2327 loeo
604 2263 725 2327 Triskai
747 2264 955 2339 monasterio,
982 2265 1116 2347 litigauit
1137 2286 1222 2332 cum

180 2375 291 2438 abbate
317 2375 496 2439 monasterii
517 2376 658 2449 Porozlo,
687 2385 719 2438 et
743 2385 876 2457 patrono
900 2377 1041 2439 eiusdem
1063 2377 1222 2454 ecclesie,

179 2489 298 2552 scilicet
308 2489 469 2560 noratur,
485 2507 542 2569 pro
554 2486 665 2568 uiginti
680 2487 801 2559 marcis,
817 2507 922 2549 coram
936 2489 1070 2550 Bacione
1084 2492 1220 2565 comite,

179 2600 282 2664 iudice
306 2620 323 2660 a
344 2620 418 2682 rege
439 2600 594 2681 delegato,
618 2599 766 2681 pristaldo
782 2599 899 2679 primus
922 2600 961 2661 de
984 2599 1057 2661 uilla
1074 2601 1220 2682 liosyan.

182 2713 235 2792 qui
250 2712 289 2772 ad
304 2730 436 2772 examen
451 2710 524 2772 serri
540 2711 702 2772 candentis
718 2710 845 2781 directi,
861 2710 965 2771 taliter
976 2723 1220 2776 conuenerunt:

182 2820 268 2900 quod
290 2820 386 2880 abhas
412 2820 450 2880 de
472 2818 602 2880 Porozlo
625 2828 656 2882 et
675 2821 823 2881 Boroltun
846 2819 957 2883 darent
977 2821 1080 2883 abbati
1101 2841 1222 2884 mona·

181 2931 268 2992 sterii
284 2930 405 2991 Trislrai
425 2950 481 2991 sex
497 2949 627 3003 marcas,
650 2931 779 2992 elidem
795 2940 1009 2993 conuenerunt
1023 2932 1097 2993 dare
1112 2953 1218 2996 unam

181 3059 317 3102 marcam
339 3039 498 3121 pristaldo,
521 3050 640 3121 partem
663 3060 739 3101 uero
755 3040 864 3103 iudicis
879 3041 975 3103 abbas
994 3041 1112 3102 Triskai
1140 3065 1219 3124 per·

181 3153 304 3217 soluere
320 3160 488 3215 teneretur.

264 3264 329 3345 (10)
351 3267 460 3326 Petrus
475 3264 621 3346 ioubagio
638 3264 730 3327 castri
746 3265 866 3327 Borsod
880 3264 1016 3346 impeciit
1032 3274 1218 3331 castrenses

180 3377 321 3440 eiusdem
338 3377 441 3448 castri,
454 3376 572 3438 scilicet
586 3376 625 3437 de
641 3374 714 3438 uilla
729 3375 835 3438 Beleta
850 3378 934 3438 etde
951 3375 1022 3439 uilla
1035 3376 1163 3439 Lanczii
1180 3388 1217 3442 et

182 3488 221 3550 de
236 3487 309 3549 uilla
323 3487 471 3548 ,llulchun
493 3496 524 3548 et
539 3486 577 3547 de
593 3486 669 3547 uilla
683 3486 862 3547 Zudesthan
881 3495 911 3548 et
926 3487 965 3548 de
981 3486 1053 3547 uilla
1067 3486 1216 3563 Shazka,

183 3597 288 3659 diceus
310 3598 395 3679 quod
416 3597 552 3658 ollicium
575 3617 684 3658 eorum
706 3604 790 3658 esset
812 3615 954 3659 carceres
972 3598 1143 3659 custodire.
1167 3600 1217 3662 illi

182 3713 285 3766 autem
311 3725 328 3766 c
353 3707 510 3768 contrario
533 3708 695 3779 dixerunt,
721 3707 806 3788 quod
829 3706 941 3769 milites
965 3708 1091 3788 quidem
1116 3712 1216 3772 castri

182 3823 286 3876 essent
303 3815 342 3875 ad
357 3815 621 3896 belligerandum,
643 3838 705 3879 non
721 3818 761 3879 ad
776 3837 936 3881 carcerem
951 3817 1216 3884 custodiendum.

183 3945 262 4012 quos
284 3926 432 3987 'l'heodor
455 3947 559 3991 comes
586 3949 694 3991 eorum
720 3929 909 4002 discuciens,
939 3950 996 4009 per
1019 3928 1220 4008 pristaldum

183 4035 308 4100 nomine
323 4035 518 4118 Stephanum
536 4039 576 4101 de
590 4039 664 4102 uilla
679 4040 811 4102 Nemeth
832 4040 915 4102 misit
928 4041 968 4100 ad
983 4057 1117 4101 examen
1133 4040 1222 4109 sarri

183 4150 345 4223 candentis
361 4148 557 4214 Uaradinum.
583 4152 636 4215 ubi
651 4153 810 4235 predictus
824 4153 933 4216 Petrus
947 4151 1149 4218 renunciauit
1163 4154 1221 4224 iu-
