2798 4764
262 334 326 411 'itt
584 360 770 413 sesemen
793 362 837 419 ns
855 361 967 413 rma

263 515 449 591 discuciens,
467 536 528 600 per
543 516 727 600 primitium
747 518 876 582 nomine
890 517 978 582 nore
992 518 1149 582 miserunt
1163 514 1311 584 Uandi-

262 646 350 691 num.
369 628 428 691 Ubi
441 630 529 692 Mese
542 636 665 711 portato
679 629 765 693 ferro
779 630 961 694 combustus
974 639 1032 693 est.

344 741 445 817 (986)
466 741 572 804 Simon
585 740 668 803 iilius
682 741 766 815 Zela,
779 740 875 805 freter
888 740 1062 804 Sebastiani
1076 743 1221 817 comitis,
1242 742 1308 806 irn-

262 852 358 935 peciit
375 850 538 915 libertinos
559 851 614 913 ina
636 851 820 925 ctionem,
847 851 984 915 filiorum
1002 853 1144 927 ioannis,
1172 854 1307 918 seilicet

262 960 398 1035 Budem,
419 959 595 1035 chochem,
615 960 771 1035 Chesion,
791 962 941 1036 Possem,
962 964 1028 1025 Dan
1043 971 1075 1026 et
1091 964 1239 1039 nubem,
1260 965 1304 1028 cie

261 1071 357 1145 furto,
370 1080 402 1136 et
415 1071 501 1155 ipsos
516 1073 660 1136 dominos
674 1091 795 1147 eorum,
809 1072 949 1136 ieutores
963 1081 996 1136 et
1009 1080 1212 1154 protectores
1226 1094 1304 1140 esse

262 1181 378 1245 iurum.
407 1185 491 1246 Bene
504 1185 611 1267 itequo
624 1182 779 1266 peietinus
795 1202 901 1247 comes
915 1184 999 1248 misit
1012 1203 1068 1247 eos
1082 1184 1304 1263 Ueredinurn,

262 1301 299 1357 ut
318 1314 376 1376 pro
389 1295 445 1357 ina
465 1303 498 1359 et
510 1295 643 1369 ioheno,
664 1303 813 1378 quattuor
828 1297 868 1359 de
889 1308 1007 1378 genere
1027 1296 1192 1377 ipsorum,
1215 1318 1304 1380 qnos

263 1406 370 1469 Simon
395 1407 539 1489 eligeret,
564 1407 704 1469 iurarent
726 1407 769 1469 ibi
792 1407 879 1490 quud
900 1406 960 1487 ipsi
980 1407 1140 1471 nescirent
1160 1408 1242 1471 luen
1267 1418 1306 1474 et

262 1517 378 1582 iohane
398 1519 561 1581 consocios
578 1517 683 1581 iurum
698 1525 730 1581 et
744 1517 927 1581 defensores
942 1535 1023 1580 esse.
1049 1494 1112 1599 ipit
1126 1526 1239 1583 autem
1256 1521 1305 1584 ed

262 1628 366 1691 iocum
381 1648 443 1691 nnn
459 1636 629 1702 uenerunt,
649 1629 706 1691 sed
721 1634 938 1691 excusatorem
952 1627 1121 1699 mittentes,
1141 1627 1306 1694 dixerunt

262 1756 297 1802 se
319 1759 389 1802 esse
410 1739 442 1800 in
464 1738 620 1811 exercitu,
641 1746 673 1801 et
692 1737 766 1800 ideo
787 1737 976 1801 Ueredinum
998 1755 1061 1800 non
1076 1738 1224 1820 potuisse
1239 1758 1305 1803 ne·

262 1848 340 1910 nire.
369 1847 504 1929 predicti
525 1866 601 1910 uero
625 1847 760 1911 libertini
780 1849 919 1931 nosipsi
942 1859 1207 1930 comparuerunt,
1235 1870 1305 1916 nee

262 1963 480 2020 excusatorem
503 1958 648 2021 ebsencie
662 1957 825 2021 miserunt.
852 1960 1024 2041 quodcum
1040 1956 1183 2040 prefatus
1197 1959 1304 2027 iudex

261 2068 455 2143 resciuisset,
469 2069 571 2132 missis
585 2068 694 2133 litteris
708 2069 772 2132 suis
785 2089 843 2150 per
856 2069 1039 2151 pristaidum
1053 2090 1145 2133 sunm
1161 2074 1304 2139 nomine

262 2180 468 2245 Leureuciem
489 2181 529 2243 de
549 2180 626 2243 uilia
644 2180 765 2255 Libeci,
784 2180 946 2245 mandauit
962 2181 1032 2245 iilos
1046 2181 1214 2247 libertinos
1238 2204 1304 2267 pre

262 2290 478 2356 condemnetis
496 2291 649 2366 describi,
669 2300 702 2356 et
715 2292 831 2357 sectum
846 2301 895 2357 est
908 2293 959 2355 ita.
1083 2307 1086 2313 ·

346 2403 446 2477 (967)
466 2404 595 2466 munuc
614 2401 751 2484 impeciit
765 2400 887 2465 Geiium
910 2412 943 2466 et
957 2402 1156 2466 Ualentinum
1180 2403 1225 2468 rie
1240 2407 1304 2470 eie·

262 2534 331 2578 cem
350 2514 473 2588 mareis,
501 2514 604 2577 indice
626 2512 801 2596 Simiregdo
824 2513 957 2588 comite,
983 2513 1131 2596 pristeirio
1155 2514 1303 2581 Chikou.

262 2625 369 2688 Geiius
382 2625 488 2706 itaque
503 2625 682 2687 combustus
696 2631 760 2696 est,
781 2621 962 2687 Ualentinus
976 2632 1079 2686 eutem
1094 2624 1304 2690 iustificatos.

346 2736 445 2809 (268)
467 2735 570 2815 Dissig
591 2735 631 2796 de
646 2734 721 2795 uiiie
734 2732 838 2814 Dirsig
856 2734 994 2815 imperiit
1007 2733 1178 2816 Georgium
1194 2735 1302 2799 fitium

262 2845 399 2915 Puncta,
420 2845 496 2905 item
511 2841 642 2923 Gyuiem
662 2851 694 2904 et
707 2843 823 2905 Forcos
842 2841 922 2905 iiiios
938 2841 1046 2916 Ceste,
1067 2844 1107 2906 (ie
1121 2844 1301 2909 uioieneia.

262 2954 366 3016 iudice
380 2953 466 3036 Agye
481 2952 594 3015 comite
609 2953 649 3016 de
664 2952 817 3027 Ceresue,
838 2952 989 3035 pristaldo
1003 2953 1099 3036 Lepe.
1120 2953 1223 3018 homo
1238 2957 1301 3020 ite·

263 3085 326 3148 que
340 3066 443 3148 Dirsig
456 3070 579 3146 porteto
593 3063 679 3127 ferro
694 3063 840 3126 Ueredini
853 3065 1038 3129 iustificatos
1052 3074 1109 3128 ert

344 3177 445 3252 (269)
466 3175 607 3238 Andreas
628 3176 667 3237 de
686 3173 759 3238 oilie
773 3174 862 3237 Uiten
885 3175 1022 3258 impeciit
1035 3173 1208 3256 Georgium
1224 3179 1300 3242 iou·

252 3287 430 3370 -ieegionem
445 3285 561 3368 Ypoiiti
575 3287 615 3349 de
629 3285 703 3348 uiiie
717 3284 809 3367 fflap,
830 3285 936 3348 dicens
951 3285 1036 3366 quod
1051 3302 1121 3345 oum
1132 3284 1297 3369 Georgius

263 3401 350 3483 prius
371 3398 518 3480 ioubegio
537 3397 635 3479 ipsius
657 3397 777 3468 fueret,
798 3395 965 3458 duodecim
986 3413 1105 3457 merces
1120 3414 1179 3475 pro
1193 3414 1298 3460 cause

264 3512 342 3584 eius,
355 3509 471 3573 sciiieet
480 3508 633 3591 Georgius
649 3507 849 3589 expenderit,
863 3525 942 3588 quos
953 3507 1028 3569 Peui
1044 3505 1169 3568 curieiis
1182 3524 1296 3573 conoe

264 3621 304 3683 de
325 3620 440 3683 Bichor
460 3620 499 3682 ed
520 3619 667 3681 iudicium
689 3616 765 3680 ferri
780 3616 940 3679 candentis
963 3635 1019 3696 per
1033 3612 1220 3697 pristeidum
1235 3636 1296 3679 no·

264 3731 347 3792 mine
368 3731 498 3813 Gyugee
518 3729 601 3793 misit
621 3727 826 3800 Geminum,
855 3727 909 3790 ubi
931 3725 1035 3789 teiiter
1055 3736 1296 3802 conuenerunt.

262 3843 349 3923 qnod
364 3841 506 3924 Ypoiitus
527 3842 615 3904 cieret
640 3838 765 3901 Andreo
787 3858 842 3920 pro
866 3837 1032 3919 iobegione
1055 3855 1112 3899 suo
1132 3844 1199 3899 tres
1229 3837 1298 3903 ier·

262 3959 365 4027 tonos,
386 3960 418 4015 et
432 3949 568 4033 capituto
583 3958 732 4034 quattuor
745 3949 885 4031 pondere
905 3954 937 4011 et
957 3945 1136 4021 dimidium,
1159 3956 1192 4010 et
1206 3949 1299 4014 idern

263 4063 404 4146 Ypoiitos
423 4081 482 4145 pro
503 4062 616 4125 eodem
630 4059 767 4144 Georgio
786 4058 882 4125 iudici
901 4056 1115 4132 satisfaceret,
1135 4056 1299 4139 prieteido

263 4182 369 4241 autem
381 4170 523 4236 menen
536 4176 707 4237 onerem.
