2798 4764
175 344 240 415 m
301 376 306 383 ·
364 332 503 415 ritmo
522 360 569 413 nt.
587 356 680 413 mou
700 362 876 411 uremur.
919 340 1018 411 tm·

206 550 211 557 -
259 514 328 601 (aot
350 498 498 583 rorem
521 516 549 581 o
572 514 669 601 diqut
691 534 733 580 ex
753 514 831 600 usn
851 513 1020 599 regnicolis
1040 514 1157 580 notan
1177 514 1215 579 to

176 628 231 694 ael
244 636 331 717 motu
344 626 563 712 pooeeorloneo
582 646 656 693 mae
670 626 900 702 uendidomnt,
920 634 1055 691 autnon
1067 626 1218 691 uenden-

176 748 227 805 ter
247 724 455 805 inetrumenta
473 739 671 804 uenditionio
692 748 802 804 eontra
824 758 859 803 ee
883 738 1121 822 prepotentibus
1135 758 1219 802 con·

101 898 105 905 -
177 850 230 917 aei
252 850 353 915 ooaett
373 850 537 926 lecerunt,
558 851 585 915 ei
597 848 779 914 huiusmodi
794 848 952 915 uiolencia
967 848 1035 914 siue
1050 858 1153 914 metuo
1166 848 1220 914 le·

179 961 287 1047 ultime
301 969 333 1025 et
345 962 580 1026 racionabiliter
593 961 779 1037 eonstiterit,
794 961 1004 1026 iustrumenta
1017 961 1121 1026 taliter
1135 982 1219 1026 con·

179 1072 265 1140 treta
277 1073 341 1139 rint
354 1073 476 1137 uiribus
489 1082 639 1149 narnate,
659 1081 693 1137 et
704 1074 830 1156 ponitur
843 1073 900 1139 red
915 1119 925 1136 .
940 1118 948 1136 .
964 1118 997 1137 ..

262 1185 341 1261 (30)
362 1185 441 1248 ltem
455 1184 488 1247 in
504 1185 722 1267 possessiones
736 1183 888 1247 nobilium
899 1204 956 1247 eeu
967 1184 1125 1248 Saxonum
1139 1204 1220 1268 pre·

180 1296 337 1363 dicturum
357 1314 423 1359 non
443 1295 544 1378 poerit
564 1294 696 1359 introire
718 1302 886 1358 extraneus
906 1295 1033 1361 rarione
1048 1294 1140 1370 dolie,
1160 1304 1220 1360 aut

180 1408 308 1473 racione
322 1414 434 1492 quarte
454 1406 581 1471 lillabue
601 1405 719 1471 debite.
749 1406 806 1471 red
820 1406 956 1470 beredes
970 1408 1219 1487 decedentium,

180 1518 235 1584 nel
249 1520 456 1603 proximiorea
472 1519 513 1584 de
533 1518 746 1603 generatione
766 1537 841 1593 aua,
853 1518 1018 1583 ‘rediment
1031 1537 1085 1582 ear
1098 1538 1219 1583 recun-

182 1630 258 1697 duna
273 1630 516 1696 extimationem
528 1631 659 1706 iustam,
679 1630 770 1712 regni
784 1629 883 1694 noatri
897 1637 1091 1693 consuetam.

265 1742 344 1816 (31)
363 1740 442 1805 ltem
467 1760 575 1805 eomer
600 1738 789 1824 parochialia
804 1785 813 1802 .
827 1784 837 1804 .
853 1782 888 1803 ..
909 1740 999 1824 regni
1022 1740 1140 1816 nostri,
1173 1743 1219 1807 ad

183 1850 345 1937 prediotoa
353 1851 495 1917 Saxones
505 1850 741 1935 Tranryluanoe
753 1870 819 1915 non
832 1850 895 1917 nisi
908 1850 940 1913 in
955 1849 1053 1914 tribue
1066 1850 1221 1929 articulis,

182 1962 348 2027 uidelicet:
369 1963 454 2027 lurto
470 1962 522 2028 uel
535 1960 699 2027 latrocinio
714 1962 797 2027 lacto
812 1961 1005 2027 deeimarum
1020 1971 1053 2027 et
1073 1972 1222 2028 moneta·

183 2088 274 2147 raro,
287 2071 403 2135 debeat
415 2070 568 2135 iudicare.
587 2054 664 2136 item
677 2071 705 2135 ei
717 2071 829 2157 aliquio
844 2072 984 2155 ipsorum
999 2093 1058 2156 per
1067 2075 1222 2141 comitem

183 2178 398 2265 ptroobialom
417 2200 454 2246 ee
473 2182 610 2247 aoneerit
623 2192 846 2267 aggrabatum,
865 2183 966 2266 ipram
980 2202 1107 2249 oaorem
1120 2206 1224 2251 reuo-

182 2297 252 2367 oet,
272 2300 305 2356 et
316 2292 450 2357 redueat
461 2291 563 2357 nostri
575 2292 685 2357 tootett
698 2294 739 2357 ad
752 2322 1070 2347 ------

265 2404 343 2480 (tta)
364 2446 519 2469 .......
532 2424 608 2469 eam
619 2415 746 2470 eentum
759 2405 1046 2484 bominibue,inlra
1056 2409 1108 2473 uel
1118 2430 1224 2496 supra

181 2514 371 2592 iurauerint,
391 2516 517 2581 nonnisi
532 2518 741 2602 quadraginta
761 2518 909 2583 denarios
928 2520 1130 2603 purgationis
1151 2520 1225 2587 eol-

183 2644 262 2691 uore
276 2635 453 2692 teneantur.

264 2738 346 2813 (33)
366 2738 446 2802 Item
459 2738 487 2801 ri
501 2739 572 2823 quie
585 2738 738 2804 nobilium
759 2742 811 2805 uel
825 2743 986 2806 Saxonum
1009 2744 1222 2827 prelatorum,

183 2848 401 2933 pooseseionee
414 2869 487 2913 ruat
501 2868 560 2932 pro
574 2851 640 2914 uuir
654 2853 836 2918 exeuntibus
851 2862 882 2919 et
895 2853 1057 2919 maleficiis
1071 2856 1225 2921 omittere

184 2959 302 3025 debeat
320 2958 374 3023 uel
387 2961 566 3044 contingat,
586 2965 713 3048 cognati
726 2965 785 3048 ipei
800 2967 967 3051 propinqui
981 2968 1226 3051 possessionem

183 3072 285 3157 ipram
299 3072 475 3136 redimendi
489 3073 627 3140 babeam
640 3076 839 3153 fucultatem,
858 3098 900 3142 ne
917 3079 949 3141 in
964 3080 1224 3162 possessionibus

183 3184 321 3268 propriis
335 3192 366 3248 et
380 3184 472 3250 auitit
486 3194 671 3250 extremum
685 3186 814 3253 doleant
828 3208 1053 3271 possessorem.

266 3296 347 3374 (bi)
367 3297 446 3362 ltenr
465 3296 623 3375 uolumus,
643 3300 730 3382 quod
751 3300 890 3365 Uaiuoda
905 3302 1139 3386 Traneyluanuo
1158 3324 1227 3369 no-

184 3407 267 3475 bllee
280 3409 350 3473 elue
365 3408 507 3473 Saxone·
521 3418 713 3475 memorator
731 3412 829 3495 partis
843 3415 1087 3497 Traueyluanle,
1108 3422 1141 3479 et
1160 3418 1227 3482 ba·

185 3538 246 3585 nus
266 3518 368 3583 toeiuo
381 3519 549 3584 Solanonie
571 3540 668 3604 anper
687 3520 810 3586 nobiles
831 3524 926 3606 partis
946 3527 1093 3589 Drauane
1115 3526 1228 3593 nulla·

185 3638 279 3697 tenue
293 3631 489 3696 dercendere
503 3633 640 3715 poaoint,
660 3653 721 3698 neo
733 3633 820 3717 ipsos
835 3633 869 3699 in
883 3634 989 3719 aliquo
1002 3637 1143 3702 indebite
1164 3658 1229 3725 ag·

187 3761 331 3825 gradare.

268 3854 307 3918 lJt
319 3854 416 3938 igitur
428 3853 490 3919 beo
503 3866 610 3922 nostra
624 3858 800 3935 ordinacio,
812 3860 877 3923 imo
891 3862 1001 3945 pooiue
1014 3882 1033 3926 a
1048 3862 1230 3946 predeces-

187 3962 310 4030 eon‘bue
322 3967 438 4032 nostrie
450 3968 578 4052 regibus
591 3968 764 4036 illustribus
775 3972 935 4057 llungarie
949 3975 1093 4057 primitus
1108 3977 1231 4045 obser-

187 4084 278 4155 uata,
298 4079 396 4144 robur
407 4080 549 4145 obtineat
561 4090 713 4166 perpetue
726 4083 894 4162 firmitatis,
909 4096 1074 4170 presentet
1087 4104 1232 4158 oonoer⁴

189 4189 287 4260 tlnnr
306 4190 431 4271 burae,
460 4192 595 4282 duplietr
616 4196 710 4289 tigilli
729 4198 831 4266 nortrl
848 4200 1023 4270 munimine
1043 4202 1234 4277 roborum
