2798 4764
225 311 288 394 '582
308 336 602 395 summm-nats
616 342 794 390 rnrvuaou
809 342 961 390 rccuasur
977 338 1145 390 tammo.
1161 321 1254 391 Im.

224 510 290 566 tus.
317 500 402 563 uude
417 499 457 562 de
471 499 571 561 tribus
585 500 773 580 presentatis
788 518 845 580 par
858 499 1019 562 dominum
1034 518 1157 580 regem,
1188 515 1257 558 mo·

227 615 316 677 ribus
332 623 362 677 et
377 614 439 676 uita
454 612 644 695 approbatus
660 621 691 676 et
705 611 843 693 legitime
858 613 965 683 etatis,
987 611 1040 694 qui
1060 611 1092 673 ln
1112 613 1256 674 custodIa

225 727 314 809 regis
327 725 390 788 lilio
404 713 631 806 impendenda,
645 723 712 805 regi
728 732 759 785 et
774 743 872 806 regno
886 722 1022 786 fideliter
1038 724 1135 804 possit
1150 725 1259 786 deser-

231 840 310 911 uIre‚
326 857 420 920 quum
436 836 519 901 idem
535 835 702 918 episcopus
715 834 874 918 tlgrieusis
886 856 924 897 ex
942 834 1064 917 stptutis
1078 843 1258 898 sauctorum

227 950 341 1032 ⁴regom
355 949 460 1011 locum
475 948 605 1010 nutricIs
617 956 721 1010 teneat
736 947 767 1009 in
783 957 925 1029 tempore
940 947 1071 1010 insultus
1083 947 1258 1010 infidelium

224 1070 265 1125 et
278 1062 456 1144 iniquorum
470 1061 502 1121 iu
517 1060 659 1122 custodia
674 1068 706 1122 et
720 1059 904 1122 defensioue
919 1059 1072 1121 facienda.

315 1176 377 1248 (2)
407 1174 484 1236 Item
511 1172 646 1235 decimas
671 1172 833 1234 bladorum
859 1172 898 1234 de
924 1172 1067 1234 omnihus
1092 1173 1260 1254 generibus

227 1287 352 1351 'debent
373 1285 582 1349 decimatores
604 1284 745 1367 episcopi
767 1292 798 1347 et
817 1283 942 1366 capituli
964 1285 1068 1346 dicare
1086 1293 1116 1346 et
1131 1286 1259 1367 exigere

234 1398 267 1461 iu
286 1398 408 1461 horreis
431 1395 616 1459 uillanorum
639 1405 671 1460 et
690 1396 894 1471 rusticorum,
918 1397 950 1458 iu
970 1397 1104 1459 iuuicem
1128 1416 1261 1479 congre·
1334 1375 1342 1391 ⁸

217 1519 379 1594 »gatorum
401 1517 432 1572 et
452 1508 484 1570 in
507 1528 654 1571 aceruum
678 1508 919 1582 cumulatorum,
941 1509 1020 1572 sicut
1041 1509 1073 1570 in
1093 1509 1261 1585 frumento,

233 1621 369 1703 siligine,
389 1620 521 1694 hordeo,
542 1639 655 1692 auena,
676 1618 771 1693 milio,
792 1618 878 1701 plsis,
900 1620 1120 1702 leguminibus,
1140 1621 1261 1683 canabo

233 1733 456 1796 'cilina--

319 1844 377 1918 (3)
403 1844 479 1905 Item
502 1843 618 1905 debent
640 1843 848 1906 decimatores
869 1846 1012 1927 accipere
1033 1846 1261 1908 addicendum

235 1957 268 2019 la
282 1955 364 2018 festo
379 1954 478 2016 sancti
498 1956 581 2036 regis
596 1956 760 2037 Stephani,
780 1956 867 2019 nulla
881 1957 940 2020 alia
956 1959 1188 2031 conuencioue,
1210 1957 1262 2020 uel

236 2066 341 2150 aquua
356 2068 499 2150 pactione
514 2067 754 2133 interuenIente.

319 2180 375 2256 (t)
396 2180 490 2253 Item,
511 2179 538 2242 si
556 2181 690 2244 rusticus
711 2179 761 2244 uel
786 2182 919 2245 uillauus
938 2182 1023 2244 solus
1044 2190 1149 2245 seruat
1167 2202 1262 2245 unam

229 2293 355 2357 'curiam
378 2291 531 2373 integram
553 2311 610 2354 seu
635 2300 771 2371 portam,
801 2302 833 2356 et
857 2303 943 2357 caret
965 2293 1078 2367 tritico,
1110 2293 1264 2356 dicahitur

226 2421 295 2485 -pro
319 2402 439 2465 duabus
460 2402 595 2484 capeciis
617 2422 673 2482 pro
689 2402 810 2466 decima
831 2405 991 2486 personali
1013 2415 1043 2468 et
1064 2384 1264 2487 eleemosyna

225 2514 364 2578 annuali
379 2513 419 2577 ob
435 2514 650 2577 reuerenciam
665 2513 738 2577 fidei
754 2514 917 2579 catholice.

321 2628 377 2700 (5)
397 2627 474 2686 Item
489 2625 658 2707 inquilinus
674 2625 861 2709 coniugatus
874 2648 932 2708 pro
948 2647 1009 2689 una
1024 2631 1160 2710 capecia.

320 2738 376 2811 (6)
397 2737 474 2798 Item
491 2738 530 2799 de
545 2738 644 2817 aguis,
665 2737 765 2810 hedis,
784 2747 815 2800 et
829 2738 927 2801 suillis
943 2740 1094 2802 decimam
1111 2741 1263 2822 integram

224 2847 420 2929 ·persoloent
441 2848 489 2910 ad'
502 2849 697 2912 dicaciouem
713 2851 903 2914 dchmarum
920 2852 1035 2914 domiui
1051 2854 1189 2935 episcopi
1212 2853 1264 2914 uel

224 2958 375 3039 capituli.

322 3073 381 3145 (7)
402 3070 479 3132 Item
497 3072 537 3133 de
559 3074 668 3154 apibus
683 3075 832 3138 similiter.

323 3182 383 3257 (8)
405 3182 481 3245 Item
497 3184 537 3246 de
552 3184 668 3247 horreo
683 3187 795 3249 nobIIIs
811 3207 890 3251 uuus
905 3189 996 3251 ferto.

321 3296 381 3368 (tt)
404 3295 478 3356 Item
495 3295 534 3356 de
555 3315 649 3357 seruo
664 3298 830 3379 coniugato
845 3319 907 3360 una
920 3302 1057 3380 capecia.

322 3406 400 3480 (to)
422 3406 498 3466 Item
514 3406 554 3467 dc
569 3427 630 3468 uua
647 3417 735 3486 porta
750 3429 811 3471 uua
826 3410 940 3491 gallina
956 3411 1127 3473 decimalis.

323 3518 402 3589 (Il)
424 3518 500 3577 Item
517 3517 556 3579 de
572 3517 711 3599 quolibet
729 3541 825 3600 grege
840 3523 960 3583 anseris
975 3544 1037 3585 una
1052 3542 1139 3585 auca

321 3628 397 3699 (12)
419 3628 495 3687 Item
518 3628 557 3689 de
587 3629 723 3709 polctlrIs
749 3631 870 3718 decima
894 3634 1028 3713 integra,
1060 3654 1121 3715 quc
1144 3636 1264 3697 decima

225 3734 442 3815 {poledrorum
463 3737 527 3800 IiIIo
549 3740 632 3820 regis
654 3741 815 3821 llungarie
836 3753 909 3805 nato
932 3745 982 3806 uel
998 3746 1155 3807 nascituro
1171 3747 1265 3807 debet

224 3836 406 3922 reseruari,
421 3850 554 3913 deducta
568 3861 656 3933 parte
671 3854 767 3915 tercia
782 3854 931 3937 episcopo
945 3856 1103 3938 Agrieusi,
1120 3867 1152 3919 ut
1167 3877 1265 3940 quum

239 3958 320 4022 filius
332 3961 413 4044 regis
429 3964 467 4025 ad
479 3973 592 4026 etatem
607 3966 788 4046 peruenerit
803 3968 989 4050 legitimam,
1004 3971 1266 4050 superabundans

224 4068 271 4132 :io
285 4074 375 4154 equis
389 4074 512 4146 existat,
533 4083 566 4137 et
580 4083 746 4155 patronum
762 4077 894 4142 ecclesie
908 4080 1067 4161 Agriensis
1081 4103 1116 4145 se
1131 4102 1267 4164 coguos-

223 4190 304 4260 ω,
323 4203 400 4268 rege
421 4192 525 4248 autem
546 4192 636 4270 patre
655 4205 713 4253 suo
734 4189 904 4279 antiquato,
925 4202 1032 4258 erecto
1055 4195 1172 4262 uexillo
1191 4214 1267 4284 reg·
