2798 4764
241 350 302 415 55⁰
356 352 499 413 sinsus
519 366 565 412 m.
588 366 679 412 mors
703 367 855 413 cinereus
879 365 1132 414 zromsmssros.
1175 348 1267 413 lm.

239 530 292 585 aut
313 521 437 585 curialis
457 539 563 582 eomes
585 520 725 583 eiusdem
744 520 931 583 descensum
949 519 1106 594 lacerent,
1128 539 1167 583 eo
1181 520 1266 583 facto

239 653 258 696 e
275 634 380 695 debito
403 631 660 696 commutacionis
682 632 852 695 descensus
872 632 968 694 iidem
984 632 1198 715 iobbagyones
1214 652 1267 695 ca·

196 719 202 726 ·
238 746 293 809 stri
315 752 420 807 esseut
442 742 597 825 expediti,
628 743 654 805 si
676 762 753 805 uero
769 743 955 808 descensum
970 763 1033 806 non
1047 743 1204 818 iacerent,
1226 765 1266 808 ex

238 867 312 922 tunc
327 857 424 919 semel
438 857 469 917 iu
485 874 577 928 anuo,
598 855 718 918 scilicet
732 856 816 918 circa
830 855 944 918 festum
960 857 1057 918 sancti
1072 855 1196 919 Martini
1215 877 1266 919 ra·

239 969 329 1031 cione
344 968 484 1032 eiusdem
497 969 667 1030 descensus
683 967 788 1029 comiti
803 975 912 1030 nostro
928 968 1037 1029 decem
1054 976 1085 1030 et
1099 976 1171 1031 octo
1186 989 1266 1050 pen·

238 1099 289 1143 sas
317 1079 413 1141 iidem
438 1078 650 1161 iobbcgyoues
679 1079 754 1141 dare
782 1086 975 1153 tenerentur,
1006 1086 1038 1141 el
1065 1080 1124 1142 sub
1152 1080 1265 1142 eadem

238 1190 338 1253 forma
362 1191 488 1253 racione
513 1190 684 1253 descensus
714 1189 813 1252 nostri
840 1191 871 1252 in
900 1191 981 1254 sesto
1008 1190 1148 1271 predicto
1174 1193 1265 1254 nobis

236 1312 308 1368 octo
323 1321 445 1366 merces
459 1301 584 1366 soluere
597 1306 791 1376 tenerentur,
813 1322 851 1364 eo
866 1302 951 1386 quod
966 1322 1024 1365 nec
1037 1304 1132 1366 iudex
1147 1311 1265 1378 noster,

237 1435 297 1480 nee
319 1414 443 1478 curialis
467 1434 573 1476 eomes
595 1413 693 1496 ipsius
713 1406 747 1476 ln
767 1412 872 1477 eundo
894 1434 1006 1476 uersus
1021 1413 1121 1488 Gozd‚
1144 1414 1195 1477 uel
1212 1436 1264 1479 re·

237 1528 366 1590 deundo
386 1528 575 1589 descensum
596 1525 700 1588 lacere
721 1531 850 1607 possent
865 1523 948 1586 inter
962 1524 1057 1607 ipsos,
1078 1526 1130 1588 uel
1146 1526 1264 1589 familia

236 1640 434 1710 eorumdem,
457 1644 510 1700 aut
523 1644 640 1699 nostru.

319 1750 384 1823 (2)
410 1748 487 1810 ltem
511 1755 662 1830 quantum
686 1747 718 1809 in
740 1747 843 1809 babila
870 1747 1105 1830 composicione
1128 1749 1262 1814 aduerse

238 1861 318 1944 parti
342 1861 470 1931 darent,
490 1858 685 1921 tantumdem
706 1858 799 1921 iudici
819 1860 893 1922 dare
916 1869 1109 1935 tenerentur,
1131 1883 1190 1926 nec
1206 1864 1263 1926 eli-

237 1973 307 2056 quis
328 1971 578 2055 possessiouatus
599 1971 726 2034 racione
744 1970 876 2034 alicuius
898 1971 996 2034 debiti
1017 1972 1147 2037 deberet
1165 1975 1263 2057 cepti-

235 2083 315 2149 uari.

318 2199 378 2274 (3)
400 2196 432 2258 Si
456 2196 528 2279 quis
552 2214 630 2257 uero
654 2215 693 2257 ex
713 2193 791 2278 ipsis
811 2196 1005 2258 contumacia
1027 2196 1138 2260 ductus
1160 2217 1262 2280 usque

235 2310 404 2393 septimum
418 2308 584 2372 terminum
598 2307 659 2370 iuri
673 2326 785 2389 parere
796 2306 978 2390 negligeret,
993 2328 1105 2389 ponem
1120 2309 1263 2373 eiusdem

236 2421 393 2485 terrestris
412 2440 517 2483 comes
537 2418 647 2482 iudicis
669 2420 769 2482 nostri
788 2418 919 2502 predicti
934 2420 1077 2502 recipere
1091 2429 1264 2497 teneretur,

236 2542 268 2597 et
281 2540 441 2615 receptam
456 2532 514 2614 ipsi
529 2530 635 2594 comiti
649 2540 757 2593 nostro
772 2532 949 2613 assignare,
970 2551 1030 2594 nec
1053 2531 1165 2614 aliquis
1179 2533 1264 2597 inter

234 2646 320 2727 ipsos
340 2644 497 2708 terrestris
518 2663 624 2706 comes
644 2662 714 2706 esse
735 2652 856 2725 posset,
879 2643 937 2705 nisi
959 2644 997 2705 de
1014 2645 1170 2706 communi
1186 2665 1263 2706 con-

234 2775 328 2818 sensu
351 2756 551 2828 eorumdem,
573 2764 604 2818 et
625 2755 753 2818 euoluto
768 2755 900 2817 termino
917 2755 992 2817 anni
1011 2763 1192 2818 terrestrem
1208 2775 1263 2818 co-

234 2867 375 2929 mitatum
389 2867 563 2931 renouandi
578 2865 731 2928 baberent
746 2865 937 2929 facultatem.

316 2978 376 3053 (l)
406 2977 639 3040 Subiunreruut
666 2977 783 3050 eciam,
814 2977 899 3059 quod
925 2976 1027 3039 nullus
1056 2975 1261 3041 collectorum

233 3091 437 3174 iobbagionos
459 3089 491 3150 iu
512 3109 587 3151 cura
607 3108 717 3151 eorum
736 3088 957 3171 iobbagionum
973 3090 1067 3152 castri
1088 3089 1261 3153 existentes

233 3203 358 3267 dicundi
379 3201 509 3266 baberet
529 3202 712 3282 opciouem,
733 3221 792 3264 nec
815 3202 940 3264 racione
960 3201 1149 3265 iudiciorum
1168 3223 1261 3265 exer·

232 3315 312 3379 citus
326 3315 412 3396 ipsos
428 3333 591 3396 possemus
605 3332 789 3395 aggrauere
809 3312 868 3375 nisi
883 3313 995 3376 eadem
1011 3313 1142 3377 collecta
1157 3334 1261 3377 emer·

231 3436 358 3510 geretur
372 3446 429 3508 per
442 3445 574 3508 regnum
586 3423 809 3507 supradictum.

313 3539 371 3612 (5)
393 3536 525 3600 Corialls
543 3557 621 3599 uero
635 3556 741 3598 comes
755 3537 972 3620 Zagrabieusis
991 3537 1150 3617 prodictus
1169 3535 1260 3600 nullo

232 3666 371 3728 uuquam
385 3655 527 3726 tempore
541 3657 648 3728 posset
661 3648 849 3711 descensum
864 3647 969 3711 iacere
981 3648 1065 3711 'inter
1080 3648 1177 3729 ipsos.

312 3759 376 3820 Nos
387 3759 492 3839 ithue
502 3759 627 3833 auditis,
638 3769 670 3822 et
680 3759 844 3822 intellectis
855 3758 1049 3822 libertatibus
1060 3761 1260 3842 supradictis,

229 3867 374 3931 uolentes
396 3868 519 3950 plenius
540 3870 704 3933 certificari
724 3871 764 3934 de
786 3870 924 3942 eisdem,
949 3870 1114 3933 uniuersos
1135 3870 1260 3934 nobiles

229 3978 332 4063 regui,
363 3999 498 4060 quorum
523 3982 689 4044 multitudo
714 3982 821 4045 aderat
845 3981 988 4063 copiosa,
1019 3983 1260 4066 requisiuimus,

230 4089 284 4175 qui
305 4087 495 4154 unanimiter
507 4091 699 4165 retulerunt,
719 4093 804 4176 quod
823 4091 919 4155 iidem
934 4091 1138 4175 iobbagioues
1152 4093 1259 4170 castri,

229 4210 406 4286 atenpore
412 4246 423 4280 ,
443 4202 533 4268 cuius
546 4223 613 4268 uon
626 4213 728 4271 exstat
741 4205 908 4281 mercena,
927 4205 960 4269 in
973 4204 1168 4271 libertatibus
1183 4228 1260 4291 pre-
