<?xml version="1.0" encoding="UTF-8"?>
<!DOCTYPE html PUBLIC "-//W3C//DTD XHTML 1.0 Transitional//EN"
    "http://www.w3.org/TR/xhtml1/DTD/xhtml1-transitional.dtd">
<html xmlns="http://www.w3.org/1999/xhtml" xml:lang="en" lang="en">
 <head>
  <title>
</title>
<meta http-equiv="Content-Type" content="text/html;charset=utf-8" />
  <meta name='ocr-system' content='tesseract 3.04.00' />
  <meta name='ocr-capabilities' content='ocr_page ocr_carea ocr_par ocr_line ocrx_word'/>
</head>
<body>
  <div class='ocr_page' id='page_1' title='image "./rerumhungaricar00endlgoog/rerumhungaricar00endlgoog_0190.png"; bbox 0 0 2798 4764; ppageno 0'>
   <div class='ocr_carea' id='block_1_1' title="bbox 269 324 1186 413">
    <p class='ocr_par' dir='ltr' id='par_1_1' title="bbox 269 324 1186 413">
     <span class='ocr_line' id='line_1_1' title="bbox 269 324 1186 413; baseline 0.016 -31"><span class='ocrx_word' id='word_1_1' title='bbox 269 334 417 383; x_wconf 80' lang='lat' dir='ltr'><strong>mrvrcr</strong></span> <span class='ocrx_word' id='word_1_2' title='bbox 430 336 572 383; x_wconf 78' lang='lat' dir='ltr'><strong>rancori</strong></span> <span class='ocrx_word' id='word_1_3' title='bbox 586 339 659 386; x_wconf 79' lang='lat' dir='ltr'><strong>urs</strong></span> <span class='ocrx_word' id='word_1_4' title='bbox 680 339 705 385; x_wconf 93' lang='lat' dir='ltr'><strong>s.</strong></span> <span class='ocrx_word' id='word_1_5' title='bbox 720 340 873 391; x_wconf 81' lang='lat' dir='ltr'><strong>srnrnuu</strong></span> <span class='ocrx_word' id='word_1_6' title='bbox 886 344 977 393; x_wconf 83' lang='lat' dir='ltr'><strong>nsors</strong></span> <span class='ocrx_word' id='word_1_7' title='bbox 998 324 1074 413; x_wconf 79' lang='lat' dir='ltr'><strong>(rt).</strong></span> <span class='ocrx_word' id='word_1_8' title='bbox 1126 333 1186 397; x_wconf 78' lang='lat' dir='ltr'><strong>atr</strong></span> 
     </span>
    </p>
   </div>
   <div class='ocr_carea' id='block_1_2' title="bbox 53 490 1185 576">
    <p class='ocr_par' dir='ltr' id='par_1_2' title="bbox 53 490 1185 576">
     <span class='ocr_line' id='line_1_2' title="bbox 53 490 1185 576; baseline 0.008 -20"><span class='ocrx_word' id='word_1_9' title='bbox 53 500 62 511; x_wconf 81' lang='grc'><em>·</em></span> <span class='ocrx_word' id='word_1_10' title='bbox 157 491 239 576; x_wconf 86' lang='lat' dir='ltr'><strong>parit</strong></span> <span class='ocrx_word' id='word_1_11' title='bbox 256 490 397 556; x_wconf 87' lang='lat' dir='ltr'><strong>ecclesia.</strong></span> <span class='ocrx_word' id='word_1_12' title='bbox 426 491 465 554; x_wconf 92' lang='lat' dir='ltr'><strong>do</strong></span> <span class='ocrx_word' id='word_1_13' title='bbox 481 492 594 575; x_wconf 83' lang='lat' dir='ltr'><strong>quihus</strong></span> <span class='ocrx_word' id='word_1_14' title='bbox 608 493 666 557; x_wconf 88' lang='lat' dir='ltr'><strong>iste</strong></span> <span class='ocrx_word' id='word_1_15' title='bbox 682 495 954 560; x_wconf 87' lang='lat' dir='ltr'><strong>christianissimus</strong></span> <span class='ocrx_word' id='word_1_16' title='bbox 976 519 1033 563; x_wconf 86' lang='lat' dir='ltr'><strong>rex</strong></span> <span class='ocrx_word' id='word_1_17' title='bbox 1047 521 1111 564; x_wconf 91' lang='lat' dir='ltr'><strong>non</strong></span> <span class='ocrx_word' id='word_1_18' title='bbox 1126 502 1185 566; x_wconf 92' lang='lat' dir='ltr'><strong>mi·</strong></span> 
     </span>
    </p>
   </div>
   <div class='ocr_carea' id='block_1_3' title="bbox 150 602 1185 2683">
    <p class='ocr_par' dir='ltr' id='par_1_3' title="bbox 150 602 1185 2683">
     <span class='ocr_line' id='line_1_3' title="bbox 157 602 1184 688; baseline 0.014 -24"><span class='ocrx_word' id='word_1_19' title='bbox 157 603 259 665; x_wconf 86' lang='lat' dir='ltr'><strong>nimus</strong></span> <span class='ocrx_word' id='word_1_20' title='bbox 273 602 371 665; x_wconf 82' lang='lat' dir='ltr'><strong>inisse</strong></span> <span class='ocrx_word' id='word_1_21' title='bbox 386 603 627 685; x_wconf 91' lang='lat' dir='ltr'><strong>comprobatur,</strong></span> <span class='ocrx_word' id='word_1_22' title='bbox 647 606 701 688; x_wconf 93' lang='lat' dir='ltr'><strong>qni</strong></span> <span class='ocrx_word' id='word_1_23' title='bbox 717 607 803 671; x_wconf 90' lang='lat' dir='ltr'><strong>bone</strong></span> <span class='ocrx_word' id='word_1_24' title='bbox 819 608 1002 685; x_wconf 81' lang='lat' dir='ltr'><strong>uoluntatis,</strong></span> <span class='ocrx_word' id='word_1_25' title='bbox 1023 618 1055 674; x_wconf 95' lang='lat' dir='ltr'><strong>et</strong></span> <span class='ocrx_word' id='word_1_26' title='bbox 1068 610 1184 678; x_wconf 84' lang='lat' dir='ltr'><strong>samam</strong></span> 
     </span>
     <span class='ocr_line' id='line_1_4' title="bbox 156 713 1185 806; baseline 0.01 -29"><span class='ocrx_word' id='word_1_27' title='bbox 156 716 270 797; x_wconf 86' lang='lat' dir='ltr'><strong>operis,</strong></span> <span class='ocrx_word' id='word_1_28' title='bbox 291 733 385 796; x_wconf 89' lang='lat' dir='ltr'><strong>quam</strong></span> <span class='ocrx_word' id='word_1_29' title='bbox 405 713 439 774; x_wconf 92' lang='lat' dir='ltr'><strong>in</strong></span> <span class='ocrx_word' id='word_1_30' title='bbox 460 713 642 777; x_wconf 85' lang='lat' dir='ltr'><strong>edificandis</strong></span> <span class='ocrx_word' id='word_1_31' title='bbox 663 715 823 792; x_wconf 89' lang='lat' dir='ltr'><strong>ecclesiis,</strong></span> <span class='ocrx_word' id='word_1_32' title='bbox 842 717 875 779; x_wconf 93' lang='lat' dir='ltr'><strong>in</strong></span> <span class='ocrx_word' id='word_1_33' title='bbox 890 718 1094 800; x_wconf 90' lang='lat' dir='ltr'><strong>amplitudine</strong></span> <span class='ocrx_word' id='word_1_34' title='bbox 1108 743 1185 806; x_wconf 93' lang='lat' dir='ltr'><strong>pro·</strong></span> 
     </span>
     <span class='ocr_line' id='line_1_5' title="bbox 155 825 1184 912; baseline 0.009 -22"><span class='ocrx_word' id='word_1_35' title='bbox 155 827 214 908; x_wconf 90' lang='lat' dir='ltr'><strong>prii</strong></span> <span class='ocrx_word' id='word_1_36' title='bbox 237 825 313 888; x_wconf 89' lang='lat' dir='ltr'><strong>iuris</strong></span> <span class='ocrx_word' id='word_1_37' title='bbox 336 834 533 901; x_wconf 83' lang='lat' dir='ltr'><strong>exercuerat,</strong></span> <span class='ocrx_word' id='word_1_38' title='bbox 555 826 587 888; x_wconf 93' lang='lat' dir='ltr'><strong>in</strong></span> <span class='ocrx_word' id='word_1_39' title='bbox 607 826 700 912; x_wconf 84' lang='lat' dir='ltr'><strong>longe</strong></span> <span class='ocrx_word' id='word_1_40' title='bbox 723 829 840 911; x_wconf 91' lang='lat' dir='ltr'><strong>positas</strong></span> <span class='ocrx_word' id='word_1_41' title='bbox 863 837 964 893; x_wconf 88' lang='lat' dir='ltr'><strong>terras</strong></span> <span class='ocrx_word' id='word_1_42' title='bbox 982 841 1014 896; x_wconf 89' lang='lat' dir='ltr'><strong>et</strong></span> <span class='ocrx_word' id='word_1_43' title='bbox 1028 834 1122 898; x_wconf 85' lang='lat' dir='ltr'><strong>nrbes</strong></span> <span class='ocrx_word' id='word_1_44' title='bbox 1136 835 1184 899; x_wconf 84' lang='lat' dir='ltr'><strong>ia·</strong></span> 
     </span>
     <span class='ocr_line' id='line_1_6' title="bbox 155 936 1183 1025; baseline 0.011 -25"><span class='ocrx_word' id='word_1_45' title='bbox 155 939 345 1001; x_wconf 90' lang='lat' dir='ltr'><strong>mosissimns</strong></span> <span class='ocrx_word' id='word_1_46' title='bbox 360 936 561 1021; x_wconf 80' lang='lat' dir='ltr'><strong>disperserat.</strong></span> <span class='ocrx_word' id='word_1_47' title='bbox 591 938 770 1003; x_wconf 82' lang='lat' dir='ltr'><strong>Construxit</strong></span> <span class='ocrx_word' id='word_1_48' title='bbox 784 941 868 1004; x_wconf 87' lang='lat' dir='ltr'><strong>enirn</strong></span> <span class='ocrx_word' id='word_1_49' title='bbox 883 942 915 1004; x_wconf 93' lang='lat' dir='ltr'><strong>in</strong></span> <span class='ocrx_word' id='word_1_50' title='bbox 930 943 998 1025; x_wconf 90' lang='lat' dir='ltr'><strong>ipsa</strong></span> <span class='ocrx_word' id='word_1_51' title='bbox 1013 963 1183 1011; x_wconf 86' lang='lat' dir='ltr'><strong>conuersa·</strong></span> 
     </span>
     <span class='ocr_line' id='line_1_7' title="bbox 155 1047 1183 1121; baseline 0.01 -10"><span class='ocrx_word' id='word_1_52' title='bbox 155 1049 253 1113; x_wconf 92' lang='lat' dir='ltr'><strong>cionis</strong></span> <span class='ocrx_word' id='word_1_53' title='bbox 273 1047 386 1111; x_wconf 81' lang='lat' dir='ltr'>Christi</span> <span class='ocrx_word' id='word_1_54' title='bbox 404 1049 576 1111; x_wconf 89' lang='lat' dir='ltr'><strong>secundum</strong></span> <span class='ocrx_word' id='word_1_55' title='bbox 598 1049 824 1115; x_wconf 76' lang='lat' dir='ltr'><strong>humanitatem</strong></span> <span class='ocrx_word' id='word_1_56' title='bbox 850 1053 974 1118; x_wconf 85' lang='lat' dir='ltr'><strong>ciuitate</strong></span> <span class='ocrx_word' id='word_1_57' title='bbox 997 1055 1183 1121; x_wconf 86' lang='lat' dir='ltr'><strong>Hernsatem</strong></span> 
     </span>
     <span class='ocr_line' id='line_1_8' title="bbox 154 1161 1183 1243; baseline 0.008 -18"><span class='ocrx_word' id='word_1_58' title='bbox 154 1162 378 1225; x_wconf 87' lang='lat' dir='ltr'><strong>monachorum</strong></span> <span class='ocrx_word' id='word_1_59' title='bbox 393 1161 576 1236; x_wconf 81' lang='lat' dir='ltr'><strong>cenobium,</strong></span> <span class='ocrx_word' id='word_1_60' title='bbox 595 1163 711 1243; x_wconf 88' lang='lat' dir='ltr'><strong>prediis</strong></span> <span class='ocrx_word' id='word_1_61' title='bbox 727 1164 837 1228; x_wconf 91' lang='lat' dir='ltr'><strong>ditauit</strong></span> <span class='ocrx_word' id='word_1_62' title='bbox 851 1174 884 1229; x_wconf 88' lang='lat' dir='ltr'><strong>et</strong></span> <span class='ocrx_word' id='word_1_63' title='bbox 897 1168 998 1231; x_wconf 87' lang='lat' dir='ltr'><strong>uineis</strong></span> <span class='ocrx_word' id='word_1_64' title='bbox 1013 1169 1053 1231; x_wconf 89' lang='lat' dir='ltr'><strong>ad</strong></span> <span class='ocrx_word' id='word_1_65' title='bbox 1068 1169 1183 1233; x_wconf 86' lang='lat' dir='ltr'><strong>uictum</strong></span> 
     </span>
     <span class='ocr_line' id='line_1_9' title="bbox 154 1272 1183 1362; baseline 0.009 -27"><span class='ocrx_word' id='word_1_66' title='bbox 154 1272 357 1337; x_wconf 89' lang='lat' dir='ltr'><strong>cottidianum</strong></span> <span class='ocrx_word' id='word_1_67' title='bbox 368 1273 491 1354; x_wconf 90' lang='lat' dir='ltr'><strong>copiam</strong></span> <span class='ocrx_word' id='word_1_68' title='bbox 503 1273 756 1337; x_wconf 76' lang='lat' dir='ltr'><strong>ministrantibus.</strong></span> <span class='ocrx_word' id='word_1_69' title='bbox 777 1273 810 1338; x_wconf 88' lang='lat' dir='ltr'><strong>in</strong></span> <span class='ocrx_word' id='word_1_70' title='bbox 820 1277 923 1359; x_wconf 89' lang='lat' dir='ltr'><strong>capite</strong></span> <span class='ocrx_word' id='word_1_71' title='bbox 933 1298 1062 1362; x_wconf 90' lang='lat' dir='ltr'><strong>quoqne</strong></span> <span class='ocrx_word' id='word_1_72' title='bbox 1073 1279 1183 1344; x_wconf 91' lang='lat' dir='ltr'><strong>mundi</strong></span> 
     </span>
     <span class='ocr_line' id='line_1_10' title="bbox 154 1382 1184 1470; baseline 0.009 -24"><span class='ocrx_word' id='word_1_73' title='bbox 154 1385 253 1447; x_wconf 83' lang='lat' dir='ltr'><strong>Roma</strong></span> <span class='ocrx_word' id='word_1_74' title='bbox 275 1385 333 1447; x_wconf 86' lang='lat' dir='ltr'><strong>snb</strong></span> <span class='ocrx_word' id='word_1_75' title='bbox 353 1383 451 1467; x_wconf 73' lang='lat' dir='ltr'><strong>tytulo</strong></span> <span class='ocrx_word' id='word_1_76' title='bbox 474 1382 732 1467; x_wconf 83' lang='lat' dir='ltr'><strong>prothomartyris</strong></span> <span class='ocrx_word' id='word_1_77' title='bbox 753 1385 923 1470; x_wconf 86' lang='lat' dir='ltr'><strong>Stephani,</strong></span> <span class='ocrx_word' id='word_1_78' title='bbox 946 1388 1115 1453; x_wconf 84' lang='lat' dir='ltr'><strong>duodecim</strong></span> <span class='ocrx_word' id='word_1_79' title='bbox 1130 1411 1184 1455; x_wconf 84' lang='lat' dir='ltr'><strong>ca·</strong></span> 
     </span>
     <span class='ocr_line' id='line_1_11' title="bbox 156 1494 1182 1580; baseline 0.011 -25"><span class='ocrx_word' id='word_1_80' title='bbox 156 1494 337 1557; x_wconf 88' lang='lat' dir='ltr'><strong>nonicornm</strong></span> <span class='ocrx_word' id='word_1_81' title='bbox 348 1494 630 1578; x_wconf 81' lang='lat' dir='ltr'><strong>congregacionem</strong></span> <span class='ocrx_word' id='word_1_82' title='bbox 644 1496 765 1559; x_wconf 87' lang='lat' dir='ltr'><strong>cunctis</strong></span> <span class='ocrx_word' id='word_1_83' title='bbox 780 1499 982 1580; x_wconf 85' lang='lat' dir='ltr'><strong>pertinenciis</strong></span> <span class='ocrx_word' id='word_1_84' title='bbox 996 1499 1182 1566; x_wconf 91' lang='lat' dir='ltr'><strong>habundan-</strong></span> 
     </span>
     <span class='ocr_line' id='line_1_12' title="bbox 155 1594 1181 1693; baseline 0.009 -25"><span class='ocrx_word' id='word_1_85' title='bbox 155 1615 217 1669; x_wconf 85' lang='lat' dir='ltr'><strong>tem</strong></span> <span class='ocrx_word' id='word_1_86' title='bbox 231 1607 349 1681; x_wconf 84' lang='lat' dir='ltr'><strong>statuit,</strong></span> <span class='ocrx_word' id='word_1_87' title='bbox 371 1615 403 1671; x_wconf 90' lang='lat' dir='ltr'><strong>et</strong></span> <span class='ocrx_word' id='word_1_88' title='bbox 417 1608 588 1671; x_wconf 88' lang='lat' dir='ltr'><strong>maceriam</strong></span> <span class='ocrx_word' id='word_1_89' title='bbox 606 1609 638 1670; x_wconf 91' lang='lat' dir='ltr'><strong>in</strong></span> <span class='ocrx_word' id='word_1_90' title='bbox 653 1609 782 1673; x_wconf 88' lang='lat' dir='ltr'><strong>circuitu</strong></span> <span class='ocrx_word' id='word_1_91' title='bbox 797 1611 901 1693; x_wconf 89' lang='lat' dir='ltr'><strong>lapide</strong></span> <span class='ocrx_word' id='word_1_92' title='bbox 916 1622 1086 1689; x_wconf 88' lang='lat' dir='ltr'><strong>muratam,</strong></span> <span class='ocrx_word' id='word_1_93' title='bbox 1108 1594 1181 1678; x_wconf 82' lang='lat' dir='ltr'><strong>cum</strong></span> 
     </span>
     <span class='ocr_line' id='line_1_13' title="bbox 153 1719 1182 1802; baseline 0.01 -22"><span class='ocrx_word' id='word_1_94' title='bbox 153 1719 297 1782; x_wconf 87' lang='lat' dir='ltr'><strong>domibus</strong></span> <span class='ocrx_word' id='word_1_95' title='bbox 320 1727 352 1783; x_wconf 88' lang='lat' dir='ltr'><strong>et</strong></span> <span class='ocrx_word' id='word_1_96' title='bbox 370 1719 521 1801; x_wconf 86' lang='lat' dir='ltr'><strong>hospiciis</strong></span> <span class='ocrx_word' id='word_1_97' title='bbox 543 1719 780 1802; x_wconf 77' lang='lat' dir='ltr'><strong>hungarorum,</strong></span> <span class='ocrx_word' id='word_1_98' title='bbox 804 1723 959 1787; x_wconf 88' lang='lat' dir='ltr'><strong>oracionis</strong></span> <span class='ocrx_word' id='word_1_99' title='bbox 980 1743 1076 1788; x_wconf 87' lang='lat' dir='ltr'><strong>causa</strong></span> <span class='ocrx_word' id='word_1_100' title='bbox 1097 1725 1182 1791; x_wconf 86' lang='lat' dir='ltr'><strong>beati</strong></span> 
     </span>
     <span class='ocr_line' id='line_1_14' title="bbox 151 1832 1181 1918; baseline 0.006 -23"><span class='ocrx_word' id='word_1_101' title='bbox 151 1832 302 1916; x_wconf 88' lang='lat' dir='ltr'><strong>principis</strong></span> <span class='ocrx_word' id='word_1_102' title='bbox 327 1833 539 1915; x_wconf 88' lang='lat' dir='ltr'><strong>apostolorum</strong></span> <span class='ocrx_word' id='word_1_103' title='bbox 563 1834 647 1896; x_wconf 89' lang='lat' dir='ltr'><strong>Petri</strong></span> <span class='ocrx_word' id='word_1_104' title='bbox 671 1832 778 1898; x_wconf 85' lang='lat' dir='ltr'><strong>limina</strong></span> <span class='ocrx_word' id='word_1_105' title='bbox 804 1836 1006 1918; x_wconf 86' lang='lat' dir='ltr'><strong>querencium</strong></span> <span class='ocrx_word' id='word_1_106' title='bbox 1032 1837 1181 1902; x_wconf 87' lang='lat' dir='ltr'><strong>condidit.</strong></span> 
     </span>
     <span class='ocr_line' id='line_1_15' title="bbox 150 1944 1182 2029; baseline 0.005 -22"><span class='ocrx_word' id='word_1_107' title='bbox 150 1945 250 2029; x_wconf 88' lang='lat' dir='ltr'><strong>ipsam</strong></span> <span class='ocrx_word' id='word_1_108' title='bbox 273 1963 400 2029; x_wconf 85' lang='lat' dir='ltr'><strong>quoque</strong></span> <span class='ocrx_word' id='word_1_109' title='bbox 420 1945 537 2029; x_wconf 89' lang='lat' dir='ltr'><strong>regium</strong></span> <span class='ocrx_word' id='word_1_110' title='bbox 561 1945 672 2007; x_wconf 87' lang='lat' dir='ltr'><strong>urbem</strong></span> <span class='ocrx_word' id='word_1_111' title='bbox 687 1944 988 2029; x_wconf 87' lang='lat' dir='ltr'><strong>Constantinopotim</strong></span> <span class='ocrx_word' id='word_1_112' title='bbox 1011 1946 1182 2012; x_wconf 86' lang='lat' dir='ltr'><strong>beneficio·</strong></span> 
     </span>
     <span class='ocr_line' id='line_1_16' title="bbox 151 2056 1180 2141; baseline 0.003 -22"><span class='ocrx_word' id='word_1_113' title='bbox 151 2076 220 2120; x_wconf 94' lang='lat' dir='ltr'><strong>rum</strong></span> <span class='ocrx_word' id='word_1_114' title='bbox 234 2077 365 2120; x_wconf 90' lang='lat' dir='ltr'><strong>munere</strong></span> <span class='ocrx_word' id='word_1_115' title='bbox 380 2077 443 2120; x_wconf 88' lang='lat' dir='ltr'><strong>non</strong></span> <span class='ocrx_word' id='word_1_116' title='bbox 456 2056 608 2138; x_wconf 88' lang='lat' dir='ltr'><strong>priuauit,</strong></span> <span class='ocrx_word' id='word_1_117' title='bbox 622 2056 655 2118; x_wconf 93' lang='lat' dir='ltr'><strong>in</strong></span> <span class='ocrx_word' id='word_1_118' title='bbox 670 2077 733 2140; x_wconf 92' lang='lat' dir='ltr'><strong>qua</strong></span> <span class='ocrx_word' id='word_1_119' title='bbox 747 2057 912 2120; x_wconf 84' lang='lat' dir='ltr'><strong>ecetesiam</strong></span> <span class='ocrx_word' id='word_1_120' title='bbox 928 2057 1050 2120; x_wconf 85' lang='lat' dir='ltr'><strong>mirifici</strong></span> <span class='ocrx_word' id='word_1_121' title='bbox 1065 2058 1180 2141; x_wconf 84' lang='lat' dir='ltr'><strong>operis,</strong></span> 
     </span>
     <span class='ocr_line' id='line_1_17' title="bbox 151 2167 1181 2253; baseline 0.001 -20"><span class='ocrx_word' id='word_1_122' title='bbox 151 2170 295 2234; x_wconf 86' lang='lat' dir='ltr'><strong>omnibus</strong></span> <span class='ocrx_word' id='word_1_123' title='bbox 316 2168 500 2232; x_wconf 86' lang='lat' dir='ltr'><strong>necessariis</strong></span> <span class='ocrx_word' id='word_1_124' title='bbox 520 2169 585 2231; x_wconf 90' lang='lat' dir='ltr'><strong>suis</strong></span> <span class='ocrx_word' id='word_1_125' title='bbox 608 2167 746 2232; x_wconf 81' lang='lat' dir='ltr'><strong>donauit.</strong></span> <span class='ocrx_word' id='word_1_126' title='bbox 774 2169 887 2232; x_wconf 91' lang='lat' dir='ltr'><strong>merito</strong></span> <span class='ocrx_word' id='word_1_127' title='bbox 908 2168 1001 2253; x_wconf 87' lang='lat' dir='ltr'><strong>igitur</strong></span> <span class='ocrx_word' id='word_1_128' title='bbox 1015 2169 1097 2233; x_wconf 83' lang='lat' dir='ltr'><strong>intra</strong></span> <span class='ocrx_word' id='word_1_129' title='bbox 1117 2179 1181 2234; x_wconf 91' lang='lat' dir='ltr'><strong>ter·</strong></span> 
     </span>
     <span class='ocr_line' id='line_1_18' title="bbox 150 2279 1180 2363; baseline -0.004 -17"><span class='ocrx_word' id='word_1_130' title='bbox 150 2283 252 2346; x_wconf 87' lang='lat' dir='ltr'><strong>minos</strong></span> <span class='ocrx_word' id='word_1_131' title='bbox 265 2302 323 2345; x_wconf 88' lang='lat' dir='ltr'><strong>suc</strong></span> <span class='ocrx_word' id='word_1_132' title='bbox 337 2281 562 2344; x_wconf 80' lang='lat' dir='ltr'><strong>dominacionis</strong></span> <span class='ocrx_word' id='word_1_133' title='bbox 577 2299 694 2344; x_wconf 86' lang='lat' dir='ltr'><strong>nomen</strong></span> <span class='ocrx_word' id='word_1_134' title='bbox 708 2280 840 2362; x_wconf 87' lang='lat' dir='ltr'><strong>adeptus</strong></span> <span class='ocrx_word' id='word_1_135' title='bbox 855 2286 904 2343; x_wconf 87' lang='lat' dir='ltr'><strong>est</strong></span> <span class='ocrx_word' id='word_1_136' title='bbox 917 2279 1062 2363; x_wconf 87' lang='lat' dir='ltr'><strong>apostoli,</strong></span> <span class='ocrx_word' id='word_1_137' title='bbox 1071 2299 1180 2363; x_wconf 83' lang='lat' dir='ltr'><strong>quam·</strong></span> 
     </span>
     <span class='ocr_line' id='line_1_19' title="bbox 152 2391 1180 2479; baseline -0.003 -19"><span class='ocrx_word' id='word_1_138' title='bbox 152 2396 211 2460; x_wconf 89' lang='lat' dir='ltr'><strong>etsi</strong></span> <span class='ocrx_word' id='word_1_139' title='bbox 228 2397 295 2479; x_wconf 89' lang='lat' dir='ltr'><strong>ipse</strong></span> <span class='ocrx_word' id='word_1_140' title='bbox 317 2394 550 2477; x_wconf 88' lang='lat' dir='ltr'><strong>euangelizandi</strong></span> <span class='ocrx_word' id='word_1_141' title='bbox 577 2414 640 2457; x_wconf 89' lang='lat' dir='ltr'><strong>non</strong></span> <span class='ocrx_word' id='word_1_142' title='bbox 664 2394 833 2476; x_wconf 87' lang='lat' dir='ltr'><strong>assumpsit</strong></span> <span class='ocrx_word' id='word_1_143' title='bbox 852 2391 1010 2468; x_wconf 85' lang='lat' dir='ltr'><strong>officium,</strong></span> <span class='ocrx_word' id='word_1_144' title='bbox 1036 2392 1180 2475; x_wconf 85' lang='lat' dir='ltr'><strong>predica·</strong></span> 
     </span>
     <span class='ocr_line' id='line_1_20' title="bbox 151 2503 1180 2588; baseline -0.002 -18"><span class='ocrx_word' id='word_1_145' title='bbox 151 2516 254 2571; x_wconf 87' lang='lat' dir='ltr'><strong>torum</strong></span> <span class='ocrx_word' id='word_1_146' title='bbox 273 2515 379 2572; x_wconf 89' lang='lat' dir='ltr'><strong>tamen</strong></span> <span class='ocrx_word' id='word_1_147' title='bbox 400 2507 464 2569; x_wconf 85' lang='lat' dir='ltr'><strong>dux</strong></span> <span class='ocrx_word' id='word_1_148' title='bbox 482 2513 514 2569; x_wconf 90' lang='lat' dir='ltr'><strong>et</strong></span> <span class='ocrx_word' id='word_1_149' title='bbox 535 2504 696 2588; x_wconf 86' lang='lat' dir='ltr'><strong>magister,</strong></span> <span class='ocrx_word' id='word_1_150' title='bbox 724 2504 770 2569; x_wconf 89' lang='lat' dir='ltr'><strong>eis</strong></span> <span class='ocrx_word' id='word_1_151' title='bbox 793 2503 953 2567; x_wconf 88' lang='lat' dir='ltr'><strong>tutaminis</strong></span> <span class='ocrx_word' id='word_1_152' title='bbox 972 2510 1005 2569; x_wconf 91' lang='lat' dir='ltr'><strong>et</strong></span> <span class='ocrx_word' id='word_1_153' title='bbox 1024 2510 1180 2568; x_wconf 83' lang='lat' dir='ltr'><strong>sustenta·</strong></span> 
     </span>
     <span class='ocr_line' id='line_1_21' title="bbox 152 2592 1137 2683; baseline -0.002 -3"><span class='ocrx_word' id='word_1_154' title='bbox 152 2618 249 2683; x_wconf 83' lang='lat' dir='ltr'><strong>aionis</strong></span> <span class='ocrx_word' id='word_1_155' title='bbox 266 2617 397 2682; x_wconf 88' lang='lat' dir='ltr'><strong>institnit</strong></span> <span class='ocrx_word' id='word_1_156' title='bbox 416 2617 576 2681; x_wconf 90' lang='lat' dir='ltr'><strong>solacium.</strong></span> <span class='ocrx_word' id='word_1_157' title='bbox 1129 2592 1137 2603; x_wconf 48' lang='grc'><strong>’</strong></span> 
     </span>
    </p>
   </div>
   <div class='ocr_carea' id='block_1_4' title="bbox 144 2820 1204 4161">
    <p class='ocr_par' dir='ltr' id='par_1_4' title="bbox 144 2820 1204 4161">
     <span class='ocr_line' id='line_1_22' title="bbox 230 2820 1179 2925; baseline 0.002 -20"><span class='ocrx_word' id='word_1_158' title='bbox 230 2840 296 2925; x_wconf 73' lang='lat' dir='ltr'><strong>(it)</strong></span> <span class='ocrx_word' id='word_1_159' title='bbox 316 2842 402 2905; x_wconf 89' lang='lat' dir='ltr'><strong>Inter</strong></span> <span class='ocrx_word' id='word_1_160' title='bbox 416 2841 523 2906; x_wconf 89' lang='lat' dir='ltr'><strong>omnia</strong></span> <span class='ocrx_word' id='word_1_161' title='bbox 536 2860 673 2922; x_wconf 86' lang='lat' dir='ltr'><strong>superne</strong></span> <span class='ocrx_word' id='word_1_162' title='bbox 689 2838 903 2903; x_wconf 86' lang='lat' dir='ltr'><strong>miseracionis</strong></span> <span class='ocrx_word' id='word_1_163' title='bbox 917 2837 1074 2903; x_wconf 88' lang='lat' dir='ltr'><strong>beneficia</strong></span> <span class='ocrx_word' id='word_1_164' title='bbox 1086 2820 1179 2907; x_wconf 74' lang='lat' dir='ltr'><strong>heato</strong></span> 
     </span>
     <span class='ocr_line' id='line_1_23' title="bbox 148 2950 1179 3038; baseline -0.003 -20"><span class='ocrx_word' id='word_1_165' title='bbox 148 2955 216 3038; x_wconf 87' lang='lat' dir='ltr'><strong>regi</strong></span> <span class='ocrx_word' id='word_1_166' title='bbox 230 2954 379 3019; x_wconf 91' lang='lat' dir='ltr'><strong>diuinitus</strong></span> <span class='ocrx_word' id='word_1_167' title='bbox 391 2972 552 3028; x_wconf 88' lang='lat' dir='ltr'><strong>concessa,</strong></span> <span class='ocrx_word' id='word_1_168' title='bbox 564 2972 621 3035; x_wconf 87' lang='lat' dir='ltr'><strong>pro</strong></span> <span class='ocrx_word' id='word_1_169' title='bbox 636 2952 784 3015; x_wconf 86' lang='lat' dir='ltr'><strong>omnihus</strong></span> <span class='ocrx_word' id='word_1_170' title='bbox 797 2960 871 3017; x_wconf 90' lang='lat' dir='ltr'><strong>sunt</strong></span> <span class='ocrx_word' id='word_1_171' title='bbox 883 2950 936 3014; x_wconf 90' lang='lat' dir='ltr'><strong>ilia</strong></span> <span class='ocrx_word' id='word_1_172' title='bbox 949 2951 1179 3021; x_wconf 81' lang='lat' dir='ltr'><strong>dinumeranda</strong></span> 
     </span>
     <span class='ocr_line' id='line_1_24' title="bbox 149 3061 1179 3150; baseline -0.002 -19"><span class='ocrx_word' id='word_1_173' title='bbox 149 3075 182 3130; x_wconf 91' lang='lat' dir='ltr'><strong>et</strong></span> <span class='ocrx_word' id='word_1_174' title='bbox 200 3065 324 3150; x_wconf 87' lang='lat' dir='ltr'><strong>scriptis</strong></span> <span class='ocrx_word' id='word_1_175' title='bbox 345 3064 611 3137; x_wconf 89' lang='lat' dir='ltr'><strong>commendanda,</strong></span> <span class='ocrx_word' id='word_1_176' title='bbox 632 3083 695 3145; x_wconf 87' lang='lat' dir='ltr'><strong>que</strong></span> <span class='ocrx_word' id='word_1_177' title='bbox 716 3061 819 3125; x_wconf 86' lang='lat' dir='ltr'><strong>iocum</strong></span> <span class='ocrx_word' id='word_1_178' title='bbox 832 3063 969 3147; x_wconf 88' lang='lat' dir='ltr'><strong>primum</strong></span> <span class='ocrx_word' id='word_1_179' title='bbox 983 3064 1125 3128; x_wconf 89' lang='lat' dir='ltr'><strong>obtinent</strong></span> <span class='ocrx_word' id='word_1_180' title='bbox 1137 3064 1179 3129; x_wconf 79' lang='lat' dir='ltr'><strong>ad</strong></span> 
     </span>
     <span class='ocr_line' id='line_1_25' title="bbox 148 3168 1204 3261; baseline -0.005 -17"><span class='ocrx_word' id='word_1_181' title='bbox 148 3188 256 3244; x_wconf 87' lang='lat' dir='ltr'><strong>eterne</strong></span> <span class='ocrx_word' id='word_1_182' title='bbox 284 3179 350 3243; x_wconf 85' lang='lat' dir='ltr'><strong>uite</strong></span> <span class='ocrx_word' id='word_1_183' title='bbox 373 3177 488 3261; x_wconf 86' lang='lat' dir='ltr'><strong>gaudia</strong></span> <span class='ocrx_word' id='word_1_184' title='bbox 512 3174 740 3259; x_wconf 89' lang='lat' dir='ltr'><strong>promerenda,</strong></span> <span class='ocrx_word' id='word_1_185' title='bbox 771 3174 987 3238; x_wconf 85' lang='lat' dir='ltr'><strong>misericordia</strong></span> <span class='ocrx_word' id='word_1_186' title='bbox 1008 3173 1128 3239; x_wconf 85' lang='lat' dir='ltr'><strong>scilicet</strong></span> <span class='ocrx_word' id='word_1_187' title='bbox 1146 3168 1204 3239; x_wconf 73' lang='lat' dir='ltr'><strong>et&#39;</strong></span> 
     </span>
     <span class='ocr_line' id='line_1_26' title="bbox 148 3285 1177 3355; baseline -0.005 -1"><span class='ocrx_word' id='word_1_188' title='bbox 148 3293 274 3355; x_wconf 83' lang='lat' dir='ltr'><strong>ueritas.</strong></span> <span class='ocrx_word' id='word_1_189' title='bbox 302 3292 336 3354; x_wconf 90' lang='lat' dir='ltr'><strong>in</strong></span> <span class='ocrx_word' id='word_1_190' title='bbox 356 3289 500 3353; x_wconf 91' lang='lat' dir='ltr'><strong>omnibns</strong></span> <span class='ocrx_word' id='word_1_191' title='bbox 521 3288 606 3352; x_wconf 88' lang='lat' dir='ltr'><strong>enim</strong></span> <span class='ocrx_word' id='word_1_192' title='bbox 627 3286 717 3351; x_wconf 85' lang='lat' dir='ltr'><strong>iactis</strong></span> <span class='ocrx_word' id='word_1_193' title='bbox 732 3286 796 3349; x_wconf 88' lang='lat' dir='ltr'><strong>suis</strong></span> <span class='ocrx_word' id='word_1_194' title='bbox 812 3285 954 3350; x_wconf 80' lang='lat' dir='ltr'><strong>feticibus</strong></span> <span class='ocrx_word' id='word_1_195' title='bbox 975 3286 1053 3350; x_wconf 91' lang='lat' dir='ltr'><strong>illud</strong></span> <span class='ocrx_word' id='word_1_196' title='bbox 1074 3287 1177 3350; x_wconf 88' lang='lat' dir='ltr'><strong>inten-</strong></span> 
     </span>
     <span class='ocr_line' id='line_1_27' title="bbox 149 3394 1178 3485; baseline -0.005 -20"><span class='ocrx_word' id='word_1_197' title='bbox 149 3402 244 3465; x_wconf 86' lang='lat' dir='ltr'><strong>debat</strong></span> <span class='ocrx_word' id='word_1_198' title='bbox 264 3421 335 3466; x_wconf 88' lang='lat' dir='ltr'><strong>osse</strong></span> <span class='ocrx_word' id='word_1_199' title='bbox 358 3401 556 3485; x_wconf 83' lang='lat' dir='ltr'><strong>precipuum,</strong></span> <span class='ocrx_word' id='word_1_200' title='bbox 582 3398 669 3482; x_wconf 85' lang='lat' dir='ltr'><strong>qnod</strong></span> <span class='ocrx_word' id='word_1_201' title='bbox 688 3418 729 3462; x_wconf 84' lang='lat' dir='ltr'><strong>ex</strong></span> <span class='ocrx_word' id='word_1_202' title='bbox 748 3396 914 3480; x_wconf 88' lang='lat' dir='ltr'><strong>euangelio</strong></span> <span class='ocrx_word' id='word_1_203' title='bbox 932 3394 1019 3459; x_wconf 88' lang='lat' dir='ltr'><strong>tideli</strong></span> <span class='ocrx_word' id='word_1_204' title='bbox 1041 3395 1178 3479; x_wconf 83' lang='lat' dir='ltr'><strong>pectoris</strong></span> 
     </span>
     <span class='ocr_line' id='line_1_28' title="bbox 148 3508 1177 3598; baseline -0.005 -20"><span class='ocrx_word' id='word_1_205' title='bbox 148 3513 375 3598; x_wconf 82' lang='lat' dir='ltr'><strong>contemplatus</strong></span> <span class='ocrx_word' id='word_1_206' title='bbox 400 3521 449 3576; x_wconf 88' lang='lat' dir='ltr'><strong>est</strong></span> <span class='ocrx_word' id='word_1_207' title='bbox 471 3511 563 3585; x_wconf 89' lang='lat' dir='ltr'><strong>uisu,</strong></span> <span class='ocrx_word' id='word_1_208' title='bbox 593 3529 652 3596; x_wconf 90' lang='lat' dir='ltr'><strong>per</strong></span> <span class='ocrx_word' id='word_1_209' title='bbox 675 3509 816 3576; x_wconf 85' lang='lat' dir='ltr'><strong>ueritatis</strong></span> <span class='ocrx_word' id='word_1_210' title='bbox 840 3509 940 3591; x_wconf 86' lang='lat' dir='ltr'><strong>ipsius</strong></span> <span class='ocrx_word' id='word_1_211' title='bbox 964 3508 1177 3573; x_wconf 86' lang='lat' dir='ltr'><strong>testimonium</strong></span> 
     </span>
     <span class='ocr_line' id='line_1_29' title="bbox 148 3621 1177 3707; baseline -0.007 -15"><span class='ocrx_word' id='word_1_212' title='bbox 148 3626 297 3692; x_wconf 85' lang='lat' dir='ltr'><strong>dicentis:</strong></span> <span class='ocrx_word' id='word_1_213' title='bbox 316 3625 402 3691; x_wconf 81' lang='lat' dir='ltr'><strong>boati</strong></span> <span class='ocrx_word' id='word_1_214' title='bbox 423 3623 661 3698; x_wconf 88' lang='lat' dir='ltr'><strong>misericordes,</strong></span> <span class='ocrx_word' id='word_1_215' title='bbox 682 3622 829 3707; x_wconf 88' lang='lat' dir='ltr'><strong>quoniam</strong></span> <span class='ocrx_word' id='word_1_216' title='bbox 850 3622 911 3704; x_wconf 89' lang='lat' dir='ltr'><strong>ipsi</strong></span> <span class='ocrx_word' id='word_1_217' title='bbox 930 3621 1177 3686; x_wconf 86' lang='lat' dir='ltr'><strong>misericordiam</strong></span> 
     </span>
     <span class='ocr_line' id='line_1_30' title="bbox 147 3732 1177 3823; baseline -0.009 -17"><span class='ocrx_word' id='word_1_218' title='bbox 147 3746 390 3823; x_wconf 85' lang='lat' dir='ltr'><strong>consequentur.</strong></span> <span class='ocrx_word' id='word_1_219' title='bbox 411 3744 444 3800; x_wconf 86' lang='lat' dir='ltr'><strong>et</strong></span> <span class='ocrx_word' id='word_1_220' title='bbox 455 3737 489 3801; x_wconf 93' lang='lat' dir='ltr'><strong>in</strong></span> <span class='ocrx_word' id='word_1_221' title='bbox 504 3735 565 3799; x_wconf 89' lang='lat' dir='ltr'><strong>aiio</strong></span> <span class='ocrx_word' id='word_1_222' title='bbox 580 3736 666 3798; x_wconf 87' lang='lat' dir='ltr'><strong>loco:</strong></span> <span class='ocrx_word' id='word_1_223' title='bbox 688 3734 761 3799; x_wconf 89' lang='lat' dir='ltr'><strong>date</strong></span> <span class='ocrx_word' id='word_1_224' title='bbox 776 3741 808 3798; x_wconf 90' lang='lat' dir='ltr'><strong>et</strong></span> <span class='ocrx_word' id='word_1_225' title='bbox 822 3733 946 3798; x_wconf 88' lang='lat' dir='ltr'><strong>dabitur</strong></span> <span class='ocrx_word' id='word_1_226' title='bbox 960 3732 1061 3797; x_wconf 79' lang='lat' dir='ltr'><strong>uobis</strong></span> <span class='ocrx_word' id='word_1_227' title='bbox 1084 3733 1177 3798; x_wconf 88' lang='lat' dir='ltr'><strong>tantis</strong></span> 
     </span>
     <span class='ocr_line' id='line_1_31' title="bbox 144 3845 1178 3939; baseline -0.011 -20"><span class='ocrx_word' id='word_1_228' title='bbox 144 3855 240 3939; x_wconf 84' lang='lat' dir='ltr'><strong>igitur</strong></span> <span class='ocrx_word' id='word_1_229' title='bbox 264 3849 474 3916; x_wconf 86' lang='lat' dir='ltr'><strong>miseracione</strong></span> <span class='ocrx_word' id='word_1_230' title='bbox 499 3855 532 3914; x_wconf 87' lang='lat' dir='ltr'><strong>et</strong></span> <span class='ocrx_word' id='word_1_231' title='bbox 553 3848 679 3933; x_wconf 85' lang='lat' dir='ltr'><strong>pietatis</strong></span> <span class='ocrx_word' id='word_1_232' title='bbox 703 3846 840 3911; x_wconf 83' lang='lat' dir='ltr'><strong>brachiis</strong></span> <span class='ocrx_word' id='word_1_233' title='bbox 863 3845 978 3911; x_wconf 86' lang='lat' dir='ltr'><strong>Christi</strong></span> <span class='ocrx_word' id='word_1_234' title='bbox 1001 3864 1178 3930; x_wconf 86' lang='lat' dir='ltr'><strong>pauperes,</strong></span> 
     </span>
     <span class='ocr_line' id='line_1_32' title="bbox 144 3955 1178 4045; baseline -0.011 -15"><span class='ocrx_word' id='word_1_235' title='bbox 144 3969 241 4031; x_wconf 90' lang='lat' dir='ltr'><strong>immo</strong></span> <span class='ocrx_word' id='word_1_236' title='bbox 262 3963 423 4029; x_wconf 85' lang='lat' dir='ltr'><strong>Christum</strong></span> <span class='ocrx_word' id='word_1_237' title='bbox 442 3962 476 4026; x_wconf 90' lang='lat' dir='ltr'><strong>in</strong></span> <span class='ocrx_word' id='word_1_238' title='bbox 495 3960 571 4045; x_wconf 88' lang='lat' dir='ltr'><strong>ipsis</strong></span> <span class='ocrx_word' id='word_1_239' title='bbox 591 3957 787 4042; x_wconf 84' lang='lat' dir='ltr'><strong>amplexatus</strong></span> <span class='ocrx_word' id='word_1_240' title='bbox 808 3966 873 4034; x_wconf 90' lang='lat' dir='ltr'><strong>est,</strong></span> <span class='ocrx_word' id='word_1_241' title='bbox 893 3958 979 4043; x_wconf 85' lang='lat' dir='ltr'><strong>qnod</strong></span> <span class='ocrx_word' id='word_1_242' title='bbox 995 3955 1100 4020; x_wconf 88' lang='lat' dir='ltr'><strong>nullus</strong></span> <span class='ocrx_word' id='word_1_243' title='bbox 1119 3974 1178 4019; x_wconf 91' lang='lat' dir='ltr'><strong>un·</strong></span> 
     </span>
     <span class='ocr_line' id='line_1_33' title="bbox 145 4065 1176 4161; baseline -0.013 -19"><span class='ocrx_word' id='word_1_244' title='bbox 145 4097 241 4161; x_wconf 86' lang='lat' dir='ltr'><strong>quam</strong></span> <span class='ocrx_word' id='word_1_245' title='bbox 254 4078 372 4161; x_wconf 82' lang='lat' dir='ltr'><strong>hospes</strong></span> <span class='ocrx_word' id='word_1_246' title='bbox 393 4082 425 4141; x_wconf 82' lang='lat' dir='ltr'><strong>et</strong></span> <span class='ocrx_word' id='word_1_247' title='bbox 437 4072 625 4160; x_wconf 82' lang='lat' dir='ltr'><strong>peregrinus</strong></span> <span class='ocrx_word' id='word_1_248' title='bbox 640 4070 681 4135; x_wconf 91' lang='lat' dir='ltr'><strong>ab</strong></span> <span class='ocrx_word' id='word_1_249' title='bbox 695 4090 734 4137; x_wconf 85' lang='lat' dir='ltr'><strong>eo</strong></span> <span class='ocrx_word' id='word_1_250' title='bbox 747 4070 816 4135; x_wconf 87' lang='lat' dir='ltr'><strong>sine</strong></span> <span class='ocrx_word' id='word_1_251' title='bbox 829 4069 1029 4154; x_wconf 85' lang='lat' dir='ltr'><strong>benignitatis</strong></span> <span class='ocrx_word' id='word_1_252' title='bbox 1044 4065 1176 4132; x_wconf 86' lang='lat' dir='ltr'><strong>alicuius</strong></span> 
     </span>
    </p>
   </div>
   <div class='ocr_carea' id='block_1_5' title="bbox 142 4182 1176 4347">
    <p class='ocr_par' dir='ltr' id='par_1_5' title="bbox 142 4182 1176 4347">
     <span class='ocr_line' id='line_1_34' title="bbox 142 4182 1176 4347; baseline -0.017 -89"><span class='ocrx_word' id='word_1_253' title='bbox 142 4188 296 4258; x_wconf 63' lang='lat' dir='ltr'><strong>solamne</strong></span> <span class='ocrx_word' id='word_1_254' title='bbox 313 4189 410 4259; x_wconf 78' lang='lat' dir='ltr'><strong>tristis</strong></span> <span class='ocrx_word' id='word_1_255' title='bbox 427 4185 589 4256; x_wconf 65' lang='lat' dir='ltr'><strong>moenis</strong></span> <span class='ocrx_word' id='word_1_256' title='bbox 617 4183 658 4251; x_wconf 86' lang='lat' dir='ltr'><strong>ad</strong></span> <span class='ocrx_word' id='word_1_257' title='bbox 670 4183 1095 4347; x_wconf 52' lang='lat' dir='ltr'><strong>recrucionenp&#39;ogenomm</strong></span> <span class='ocrx_word' id='word_1_258' title='bbox 1108 4182 1176 4241; x_wconf 90' lang='lat' dir='ltr'><strong>cot·</strong></span> 
     </span>
    </p>
   </div>
   <div class='ocr_carea' id='block_1_6' title="bbox 0 0 1404 4764">
    <p class='ocr_par' dir='ltr' id='par_1_6' title="bbox 0 0 1404 4764">
     <span class='ocr_line' id='line_1_35' title="bbox 0 0 1404 4764; baseline 0 3"><span class='ocrx_word' id='word_1_259' title='bbox 0 0 1404 4764; x_wconf 95' lang='lat' dir='ltr'><strong> </strong></span> 
     </span>
    </p>
   </div>
  </div>
 </body>
</html>
