2798 4764
208 364 228 402 ,
512 333 585 378 vira
605 331 631 377 s.
647 331 783 377 cumam
803 310 860 397 (6).
1142 307 1204 382 2⁰0

174 486 285 553 deucia
299 487 397 551 abbas
410 488 540 550 effectus
556 506 609 561 es,
632 486 839 568 omnibusque
854 486 1000 569 placuisti
1015 487 1205 570 apustius,

171 620 255 664 nnuc
270 618 347 669 uero
362 608 426 663 tam
441 598 615 662 solemnem
629 598 733 662 lucum
749 599 910 672 deserens,
933 605 965 662 et
977 598 1093 664 fratres
1106 599 1204 682 pleno

170 731 294 779 merore
319 711 517 794 relinquens,
541 713 581 775 nd
597 720 723 794 gentem
745 711 885 794 ignotam
908 731 1041 793 pergere
1062 712 1205 779 festinae.

170 827 270 890 fuitne
290 824 410 907 aliquis,
424 832 545 887 tantum
566 825 599 887 in
619 824 681 887 hoc
702 823 845 886 consilio.
874 823 924 886 cni
945 822 1013 886 illc:
1042 844 1152 900 namn,
1172 832 1206 890 at

135 928 141 937 ’
171 937 263 1001 dixit:
278 936 304 998 si
321 955 425 1009 nemo,
440 954 516 1016 ergo
532 935 660 998 minime
675 935 814 1016 prodest,
829 935 855 998 ei
870 942 975 998 antem
990 934 1114 1017 aliquis,
1128 953 1204 1020 argu

170 1050 301 1113 credere
316 1067 454 1130 possem,
469 1045 666 1128 aliquatenus
681 1046 720 1109 ad
735 1045 921 1128 proiectum.
942 1067 1104 1129 nunqnam
1119 1047 1204 1111 enirn

169 1160 302 1244 legimus
318 1158 456 1240 aliquem
472 1159 660 1222 monachum
674 1158 872 1222 claustralem
885 1179 944 1241 pru
954 1158 1134 1222 huiusmodi
1147 1178 1205 1223 ue*

170 1273 260 1355 gucio
271 1269 486 1334 lercsclimam
502 1270 689 1352 quesiuisse.
703 1270 843 1352 exceptis
858 1271 1009 1334 duntaxat
1023 1269 1204 1354 gyronagis.

168 1382 254 1445 laicis
277 1382 361 1444 enim
383 1381 443 1444 hee
462 1381 513 1444 uia
536 1379 702 1444 constituta
720 1388 774 1453 est
791 1401 850 1462 pro
873 1339 958 1455 terris
979 1383 1086 1445 sancta
1108 1379 1205 1463 preli·

174 1494 259 1568 andi,
278 1494 438 1556 monachis
454 1513 531 1557 uero
547 1493 617 1566 alia,
634 1512 730 1575 quam
744 1493 855 1555 caritas
870 1501 977 1556 nestra
990 1511 1054 1554 non
1067 1493 1204 1575 ignorat.

173 1604 216 1667 ibi
231 1604 314 1668 enim
326 1603 472 1668 cruciferi
487 1603 628 1686 p‘ugnare
644 1611 801 1675 tenentur.
822 1604 866 1667 ibi
881 1601 1203 1686 uituperabuntludei

173 1715 356 1798 genitricem
378 1714 544 1779 saluatoris
559 1715 659 1777 nostri
672 1723 703 1777 te
718 1725 882 1796 presente,
911 1715 996 1797 guod
1015 1714 1070 1776 tibi
1084 1722 1204 1797 nequaf·

112 1849 118 1859 ·
173 1847 266 1911 quam
280 1804 356 1890 utile
371 1828 431 1890 erit
444 1827 565 1889 andire.
588 1847 627 1890 ne
643 1836 733 1909 putes
747 1834 782 1890 ut
795 1835 826 1891 te
844 1826 941 1895 uelim
954 1826 1202 1908 reprehendere,

171 1940 227 2002 sed
241 1939 315 2003 ideo
330 1946 449 2004 tantum
465 1939 612 2013 contero,
639 1948 674 2002 nt
695 1938 926 2002 animaduertes
949 1946 980 2002 et
1001 1947 1106 2002 mente
1130 1959 1205 2022 per·

172 2059 301 2124 tractes,
322 2058 425 2112 utrum
447 2050 529 2112 bene
548 2050 668 2132 egeris,
690 2070 730 2112 an
750 2070 825 2113 non.
853 2050 908 2133 qui
930 2051 1122 2114 erubescens
1143 2049 1203 2115 ait:

37 2222 45 2243 Ι
171 2160 252 2223 sicut
273 2159 370 2223 suerit
394 2160 541 2224 noluntas
560 2161 593 2223 in
615 2161 700 2235 celo,
726 2161 771 2223 sic
792 2159 855 2223 fiat.
885 2145 1064 2224 inemnrans
1085 2161 1203 2224 dictum
1256 2193 1261 2201 ·

171 2271 246 2336 illud
261 2271 495 2354 euangelicum:
518 2263 648 2375 capillis
663 2272 819 2354 decapite
834 2280 941 2335 uestro
959 2290 1022 2334 nnn
1038 2272 1163 2354 peribit.

253 2492 299 2579 (6)
320 2496 499 2559 Transactis
520 2505 625 2560 autem
649 2493 1022 2580 diebusquadragesime
1045 2496 1088 2560 ait
1104 2496 1202 2561 abbas

171 2606 301 2671 Rasina:
324 2608 449 2671 domine
465 2608 629 2672 Gerharde
650 2607 726 2691 quid
748 2564 903 2689 iogitasti.
932 2616 1019 2674 certe
1034 2609 1074 2672 de
1088 2608 1202 2674 itinere

170 2726 224 2782 tuo
237 2738 301 2781 non
315 2719 495 2793 erubescas,
516 2719 656 2800 mihique
671 2718 775 2781 cordis
791 2719 835 2783 tui
853 2702 1049 2801 propositum
1064 2719 1200 2803 aperias.

170 2831 234 2895 scio
249 2831 334 2894 enim
347 2832 434 2930 quod
456 2832 574 2894 bunum
589 2830 750 2895 desideras
772 2839 804 2894 et
827 2850 891 2894 uon
912 2831 1046 2907 malum,
1068 2840 1099 2896 et
1114 2830 1201 2916 quod

154 2932 556 3025 'humanumtpropositum
577 2942 610 3005 iu
631 2942 764 3035 artigrlc
780 2943 913 3024 positum
931 2944 972 3007 ad
987 2943 1115 3007 diuersa
1133 2963 1202 3014 ma-

122 3073 135 3095 ·
172 3053 325 3117 chinatnr.
357 3053 521 3136 respondit
543 3052 615 3116 ille:
637 3055 743 3118 omnia
763 3075 826 3139 quc
846 3054 951 3119 dixisti
972 3075 1074 3138 usque
1095 3055 1202 3131 modu,

171 3174 203 3229 et
217 3167 359 3230 manime⁴
368 3164 542 3230 uersiculue
557 3166 609 3230 ille
624 3186 718 3250 quem
733 3167 771 3229 in
785 3166 848 3230 line
862 3166 1035 3250 protulisti,
1056 3167 1132 3250 quia
1145 3184 1202 3233 m·

170 3279 311 3371 rissimus
325 3287 382 3353 est,
404 3287 437 3342 et
449 3279 576 3341 noueris
591 3278 623 3341 in
637 3281 771 3344 ueritate
785 3280 860 3361 quia
874 3298 1050 3342 cormeum
1064 3277 1201 3341 ‹tinnu-

48 3439 54 3448 .
171 3396 229 3452 est
251 3390 301 3452 cni
316 3390 360 3455 ait
371 3390 503 3454 Rasina:
519 3390 546 3454 si
561 3391 697 3454 diuisum
712 3411 789 3473 ergo
803 3390 978 3464 infirmnm,
993 3388 1200 3473 quamobrem

170 3500 299 3564 infirmia
319 3501 436 3566 sanitas
456 3510 506 3566 est
525 3522 648 3566 summa
669 3502 836 3566 medicina.
866 3501 960 3564 crede
980 3500 1107 3563 domine
1122 3501 1202 3565 Ger·

169 3613 269 3676 harde
289 3631 341 3677 me
359 3600 492 3677 fidelem
509 3612 631 3677 socium
654 3622 743 3676 tuum
759 3633 848 3720 essg,
867 3612 952 3676 uude
965 3612 1200 3694 recognoscesl

170 3724 335 3789 ueritatem
350 3724 471 3818 dixerut
492 3724 591 3789 atille
606 3724 666 3788 ait:
688 3723 833 3788 libenter.
854 3730 886 3788 et
899 3722 942 3787 ait
955 3724 1053 3787 abbas
1067 3722 1199 3792 Rasiaas

108 3819 127 3891 s
170 3854 244 3899 ecce
257 3835 363 3919 pergis
377 3836 592 3901 lercsclimam
613 3838 655 3901 ad
675 3837 901 3920 predicandum
915 3820 1080 3902 Saracenis
1101 3844 1134 3903 et
1148 3837 1201 3903 In-

169 3947 249 4010 deis.
268 3928 430 4030 quamodo
443 3955 475 4012 te
489 3948 656 4032 recipient,
677 3949 732 4032 qni
747 3949 907 4034 apostolos
921 3969 988 4014 non
999 3956 1201 4033 receperunt.

168 4059 202 4121 in
218 4058 298 4123 mari
312 4078 391 4124 nero
403 4059 431 4124 si
446 4060 644 4148 pannagium
658 4060 714 4124 tibi
728 4061 880 4138 euenerit,
899 4082 964 4128 una
978 4081 1051 4126 cum
1064 4060 1201 4126 sciencia

169 4155 223 4246 tie
236 4173 271 4242 iu
283 4170 477 4264 profundum
492 4173 728 4268 errbrnergcrie,¹
742 4194 848 4266 nequa
861 4173 948 4242 enim
962 4193 998 4244 es
1011 4174 1105 4268 lonas
1124 4191 1201 4268 pru·

42 4274 47 4281 .
458 4288 462 4296 ’
659 4317 676 4369 g
856 4329 858 4332 ·
913 4273 954 4355 ll
