2798 4764
452 345 581 399 crossen
601 350 809 402 aurearoma
830 330 886 420 (6).
1078 314 1082 322 ’
1141 335 1182 406 80

235 508 327 573 iuxta
341 529 417 593 crgo
431 508 525 574 buius
539 509 669 573 cisionis
686 511 828 584 modum,
850 513 1022 596 prescripto
1035 514 1182 597 sequenti

153 623 204 685 die
218 620 299 684 bera
314 621 414 703 prima
427 619 535 704 presul
544 622 764 705 strigoniensis
775 623 907 687 ecclesie
920 625 1038 689 Astrim
1052 627 1180 692 nomine

152 734 192 796 ed
208 752 321 816 papam
336 734 492 816 peruenit
520 735 593 817 quia
608 733 747 798 officium
767 735 940 799 iniunctum
959 736 1016 800 sibi
1029 738 1181 821 proderet

152 865 340 929 exsequens,
362 845 445 908 iacta
459 846 547 909 ducis
561 846 721 928 Huugarie
739 847 849 910 ordine
865 855 953 930 gesta
966 848 1117 924 reterens,
1138 850 1178 914 ab

152 958 327 1041 apostolica
340 958 420 1021 sede
431 979 493 1039 que
507 978 602 1041 supra
615 959 749 1023 diximus
759 959 896 1042 insignia
910 958 1089 1041 postulauit.
1110 962 1178 1042 qui·

151 1073 209 1135 bns
226 1071 351 1134 auditus
373 1070 464 1135 ualde
487 1072 614 1154 gauisus
634 1073 773 1135 Romane
795 1071 879 1136 sedis
900 1072 1059 1155 pontifex,
1087 1092 1178 1137 coro·

151 1204 222 1248 uem
238 1192 332 1266 prout
344 1182 447 1247 iuerat
461 1184 632 1266 postulata,
647 1185 780 1268 benigne
795 1204 889 1249 cruce
902 1187 1032 1269 insuper
1046 1186 1178 1268 serendo

152 1297 219 1381 regi
236 1296 325 1360 uelut
343 1297 374 1358 in
389 1296 512 1379 signum
528 1296 720 1378 apostolatus
735 1299 827 1361 misit.
856 1298 1083 1363 benedictionis
1098 1319 1175 1383 ergo

158 1407 321 1491 apostolice
343 1409 496 1483 litteram,
518 1429 665 1492 quacum
682 1429 799 1472 corone
814 1420 845 1474 et
859 1431 952 1475 cruce
965 1410 1058 1475 simul
1078 1411 1177 1494 priui-

162 1520 267 1604 legiae
277 1530 361 1596 erat,
383 1530 415 1585 et
428 1523 721 1586 communieacionis
735 1526 829 1586 modo
846 1525 1017 1588 roborauit.

232 1633 306 1696 llox
331 1633 436 1715 presul
459 1633 681 1718 Hungarorum
708 1636 827 1698 elstrius
856 1645 892 1699 ut
914 1636 1015 1700 tidelis
1039 1637 1173 1703 nunnus

154 1745 320 1830 apostoliea
344 1747 420 1810 sede
443 1757 573 1831 accepta
596 1748 833 1823 benedictione,
864 1769 883 1810 a
907 1749 1116 1814 cardinalibus
1140 1759 1173 1817 et

151 1860 316 1924 euidibm
329 1861 468 1923 Romane
490 1861 576 1925 curie
597 1863 696 1944 petita
715 1862 863 1935 licencia,
885 1860 965 1927 letus
983 1871 1015 1927 et
1028 1863 1171 1928 exultans

149 1973 341 2057 abacelam
355 1970 456 2036 ueloci
472 1973 663 2056 properauit.

228 2086 371 2150 Crastina
383 2095 488 2149 autem
502 2087 553 2150 die
567 2088 655 2150 uenit
664 2087 853 2151 Polonorum
867 2088 974 2171 presul
986 2091 1169 2157 Lambertus

147 2219 297 2263 coronam
313 2206 344 2263 et
358 2199 609 2263 benedictionem
625 2200 751 2262 domino
766 2220 823 2263 suo
836 2201 1032 2275 Meseheoni,
1053 2224 1115 2287 qne
1128 2225 1168 2268 eo

146 2312 198 2375 die
213 2311 281 2374 deri
297 2309 433 2391 pollicita
448 2309 564 2382 suerat,
584 2310 741 2373 humiliter
758 2332 791 2373 se
810 2313 922 2374 summi
938 2313 1093 2394 pontilicis
1113 2334 1170 2396 pe·

147 2425 239 2487 dibus
260 2422 469 2505 prouoluens‚
497 2424 647 2485 memorie
666 2422 798 2485 reduxit.
832 2423 1065 2504 correspondit
1087 2445 1171 2509 papa

146 2537 266 2599 dicens:
291 2536 377 2598 uenit
399 2535 530 2598 nuncius
552 2536 676 2617 cognati
697 2533 814 2596 domiui
832 2534 877 2597 tui
891 2535 978 2597 ducis
995 2535 1168 2619 ilungarie,

145 2656 178 2711 ct
197 2647 351 2729 subripuit
367 2647 615 2710 benedictionem
636 2644 782 2710 auunculi
804 2647 862 2709 sui.
891 2666 960 2710 cum
983 2658 1087 2713 autem
1109 2651 1168 2714 bec

144 2757 252 2842 presul
266 2760 404 2832 audiret,
425 2758 545 2821 eiulans
560 2779 631 2821 curn
646 2758 782 2821 clamore
796 2759 880 2841 cepit
894 2759 1056 2842 deprecari
1077 2782 1168 2825 sauc-

144 2881 210 2934 tmn
224 2890 338 2954 papam
352 2871 460 2934 diceus
475 2891 483 2931 a
506 2871 656 2954 numquid
669 2869 768 2934 solam
782 2879 887 2935 temen
905 2871 1005 2936 hebes
1017 2874 1167 2939 benedie-

144 2986 261 3047 tionem
277 2994 375 3067 pater.
400 2984 527 3046 domino
541 3004 612 3046 meo
625 2984 759 3047 obsecro
773 2992 807 3045 ut
819 2983 999 3049 benedices.
1029 2988 1078 3050 cui
1094 2993 1167 3051 tun·

144 3097 222 3160 dens
243 3102 370 3159 sanetus
393 3104 481 3178 pater
502 3096 597 3157 dixit:
630 3094 835 3177 penitenciam
859 3097 941 3179 agite
965 3096 1004 3159 de
1029 3099 1166 3178 peccatis

144 3208 275 3281 subu,
294 3208 368 3290 quia
382 3214 415 3270 et
428 3207 572 3270 dominus
589 3208 676 3270 lesus
691 3205 832 3298 Christus
853 3210 991 3272 offensus
1009 3217 1063 3273 est
1076 3210 1168 3275 uobis

147 3321 188 3384 ad
208 3340 354 3403 presens,
381 3321 413 3382 in
434 3328 594 3402 posterum
613 3320 754 3382 restituet
777 3338 834 3382 uos
855 3319 959 3402 gracie
980 3320 1168 3403 suepariter

146 3452 217 3495 cum
231 3452 348 3495 corona
362 3431 524 3513 temporali
547 3442 577 3494 et
592 3439 709 3494 eterna.
736 3431 786 3493 bis
807 3431 921 3494 auditis
940 3433 1072 3494 nuncios
1092 3434 1169 3497 sub-

146 3543 242 3606 misso
257 3543 346 3607 uultu
361 3543 393 3605 in
407 3552 522 3606 terram
537 3542 675 3606 turbauit
688 3563 722 3605 se
737 3543 850 3624 ipsum.
871 3560 964 3624 quem
976 3561 1045 3605 cum
1058 3544 1167 3610 intuis-

145 3664 194 3717 set
206 3674 286 3736 paps
300 3662 331 3716 et
345 3673 417 3716 eom
431 3654 588 3717 turbatum
601 3653 697 3717 luisse
712 3653 909 3729 coniecisset,
930 3675 972 3719 ne
985 3655 1169 3740 desperaret

144 3766 190 3830 ric
204 3786 279 3830 eum
291 3766 488 3829 consolatur:
509 3785 573 3829 non
592 3767 713 3830 dubitet
731 3775 785 3830 tua
800 3765 912 3850 religio
926 3767 966 3831 de
981 3767 1032 3833 dei
1046 3770 1168 3835 miseri-

145 3878 268 3952 cordie,
287 3897 345 3940 nec
364 3885 452 3961 putet
474 3897 493 3940 a
514 3877 605 3940 uobis
620 3879 713 3941 deum
733 3877 859 3941 omniuo
873 3879 1043 3943 recessisse
1059 3888 1091 3944 et
1110 3898 1166 3945 ue-

145 3999 242 4054 stram
256 3991 455 4054 cbrisdanam
479 3999 603 4075 gentem
618 3991 658 4055 ob
673 3991 759 4056 ducis
774 3991 837 4055 tui.
849 4036 858 4054 .
870 4036 899 4054 ..
920 3991 1110 4075 Stephanum
1131 3994 1166 4059 iu

144 4120 254 4187 regem
265 4104 351 4185 genti
365 4104 604 4188 ilungarorum,
630 4123 691 4186 que
709 4104 799 4168 lerox
813 4110 845 4167 et
857 4103 1008 4167 indomita
1021 4114 1069 4168 est
1082 4104 1166 4167 chri-

144 4215 285 4291 mutar
295 4234 449 4289 screws
458 4223 489 4285 et
500 4216 675 4285 dedomata
683 4215 842 4287 bonorare
851 4234 910 4307 per
919 4215 1164 4311 mariamme-
