2798 4764
211 321 274 391 318
388 339 415 391 e.
427 339 581 389 ornruarr
602 340 693 388 nnors
712 340 920 389 necneronrnr
940 341 1033 389 rrnrn
1052 343 1073 390 r.

214 501 333 575 ciendi,
354 508 385 562 et
408 521 426 563 a
445 500 571 561 nemine
592 498 706 561 iterum
721 507 851 581 cogatur
865 498 895 560 in
911 499 1100 581 coniugium.
1122 499 1241 562 sineno

213 621 333 675 mutato
349 622 424 673 noto
438 612 549 673 iterato
565 612 684 674 nubere
700 612 845 684 nolucrit,
860 620 891 673 et
906 612 1066 693 orphanos
1081 613 1242 685 deserere,

213 726 252 787 de
267 724 361 787 rebus
376 724 590 805 orphanorum
605 724 682 786 nihil
697 725 824 786 omnino
839 724 898 786 sibi
915 723 1077 798 uendlcet‚
1100 722 1158 786 nisi
1175 736 1242 788 tan-

212 845 277 901 tum
294 855 432 919 congrua
446 838 505 898 sibi
521 838 719 900 uestimenta.

221 964 224 970 ·
295 950 367 1011 Item
382 950 416 1008 de
429 950 537 1010 uiduis.
583 947 614 1009 Si
629 957 731 1011 autem
749 949 844 1010 uidua
859 948 926 1010 sine
942 947 1030 1029 prole
1046 949 1241 1022 remanserit,

213 1069 294 1125 etse
310 1062 472 1142 innuptam
488 1062 519 1122 in
535 1080 592 1122 sua
608 1060 758 1122 uiduitate
774 1080 960 1142 permanere
975 1061 1163 1141 promiserit,
1185 1081 1242 1122 uo-

209 1173 314 1235 lumus
334 1182 367 1235 ut
388 1180 573 1255 potestatem
590 1172 704 1236 habeat
719 1173 858 1234 omnium
874 1173 1027 1234 bonorum
1042 1193 1189 1247 snorum,
1211 1182 1242 1235 et

211 1284 364 1367 quidquid
387 1283 464 1346 uelit
486 1277 560 1346 inde
582 1285 686 1346 lacere
706 1284 809 1346 faciat.
833 1292 904 1364 post
918 1285 1037 1345 obitum
1053 1293 1156 1346 autem
1173 1286 1240 1346 eius

209 1398 322 1460 eadem
347 1398 427 1459 bona
453 1397 492 1458 ad
517 1399 563 1458 sui
591 1397 721 1459 redeant
739 1403 887 1478 parentes
910 1395 1029 1467 mariti,
1050 1395 1076 1456 si
1095 1406 1241 1477 parentes

210 1506 322 1582 habet,
343 1507 391 1569 sin
406 1515 510 1570 autem
524 1527 581 1569 rex
595 1508 635 1570 sit
650 1509 753 1570 heres.
771 1548 772 1552 =

292 1620 419 1680 xxvtt.
463 1615 506 1679 Dc
527 1631 617 1699 raptu
634 1623 811 1700 puellarum.
856 1620 887 1680 Si
903 1620 972 1700 quis
989 1619 1120 1681 militum
1139 1619 1240 1701 impu-

210 1728 320 1792 dicicia
334 1729 457 1791 sedatus
472 1728 608 1810 puellam
621 1730 756 1811 aliquam
772 1730 840 1791 sine
853 1729 1058 1792 concessione
1074 1741 1237 1810 parentum

208 1840 269 1903 riti
290 1842 322 1903 in
345 1860 474 1902 uxorem
496 1841 650 1923 rapuerit,
676 1842 876 1903 decredimus
899 1840 1033 1922 puellam
1056 1842 1238 1922 parentibus

208 1951 316 2026 reddi,
338 1952 464 2013 eciamsi
488 1953 527 2013 ab
551 1952 603 2013 illo
626 1950 730 2034 aliqua
750 1952 797 2014 uis
818 1953 877 2014 sibi
899 1951 983 2014 illata
1002 1953 1052 2014 sit.
1081 1961 1113 2015 et
1132 1962 1239 2034 raptor

209 2063 319 2127 decem
335 2063 437 2126 soluat
451 2064 602 2125 iuuencos
617 2083 674 2145 pro
689 2073 791 2144 raptu,
806 2063 878 2125 licet
894 2072 1003 2144 postea
1019 2064 1238 2125 reconcilietur

207 2174 390 2257 perentibus
411 2174 539 2256 puelle:
555 2174 581 2235 ei
598 2194 674 2236 uero
690 2193 811 2255 pauper
825 2173 894 2255 quis
909 2172 969 2234 hoc
986 2172 1131 2255 uulgaris
1144 2193 1237 2255 agere

207 2285 377 2368 agreditur,
400 2293 568 2366 componat
582 2292 704 2366 raptum
720 2286 859 2366 quinque
878 2284 1032 2346 iuuencis.

290 2397 430 2456 XXVlll.
479 2396 523 2456 De
542 2398 769 2475 fornicatoribus
793 2415 858 2456 cum
878 2398 994 2457 ancillis
1016 2398 1146 2457 alterius.
1200 2396 1237 2457 Ul

205 2507 298 2570 liberi
320 2527 406 2569 suom
429 2508 606 2568 custodiant
628 2505 803 2567 libertatern
826 2505 1118 2578 incontaminatam,
1147 2505 1237 2567 uolu-

207 2618 351 2682 masiliis
369 2640 487 2699 ponere
503 2620 684 2680 concionem
701 2639 739 2681 ne
755 2639 825 2680 curn
841 2618 949 2680 alienis
969 2619 1162 2679 fornicentur
1182 2639 1236 2678 an-

207 2730 297 2792 cillis.
330 2731 355 2791 si
371 2732 440 2811 quis
456 2741 561 2792 autern
577 2731 770 2812 improuidus
787 2731 868 2792 hanc
885 2731 1065 2792 caucionem
1081 2739 1237 2810 transgre-

207 2843 307 2916 diens,
328 2842 499 2904 fornicatur
522 2865 592 2905 cunr
614 2844 725 2905 aneilla
747 2844 890 2916 alterius,
919 2843 997 2904 sciat
1017 2864 1050 2903 se
1071 2862 1158 2902 reum
1178 2842 1236 2901 cri-

206 2954 308 3025 minis,
331 2963 362 3015 et
384 2974 440 3033 pro
462 2955 574 3015 eodem
594 2955 723 3015 criruiue
745 2954 897 3035 imprimis
919 2953 1084 3016 decoriari.
1112 2953 1137 3014 si
1159 2972 1235 3013 uero

205 3066 345 3127 secundo
368 3084 438 3125 cum
460 3066 571 3125 eadem
595 3064 766 3126 fornicatus
788 3065 896 3138 suerit,
925 3067 1036 3127 iterum
1057 3064 1237 3126 decorietur

205 3195 242 3238 ac
256 3176 421 3258 depiletur.
464 3176 489 3237 si
512 3184 614 3236 autern
638 3176 745 3248 tercio,
767 3176 807 3237 sit
828 3197 940 3238 seruus
964 3178 1079 3256 pariter
1097 3196 1166 3235 curn
1182 3194 1236 3234 au-

205 3287 293 3362 cilla,
323 3297 376 3350 aut
399 3288 531 3350 redimet
552 3307 597 3348 se.
626 3287 651 3348 si
674 3296 778 3349 autern
803 3288 914 3349 ancilla
936 3287 1116 3369 conceperit
1136 3288 1174 3348 de
1198 3306 1236 3347 eo

204 3406 236 3461 et
259 3419 369 3479 parere
392 3419 454 3460 non
476 3397 632 3479 potuerit,
657 3399 714 3460 scd
737 3399 768 3459 in
794 3408 882 3480 partu
907 3399 1048 3473 moritur,
1071 3406 1237 3479 componat

204 3510 339 3571 eandem
356 3531 426 3603 cunr
441 3509 501 3570 alia
517 3509 639 3570 ancilla.

285 3623 329 3681 De
352 3598 503 3682 aertdrrcm
529 3624 739 3702 [ordinacione.
795 3625 910 3685 Seruus
936 3642 1063 3703 quoque
1089 3618 1234 3688 alterius,

202 3733 314 3795 uicum
338 3733 450 3794 ancilla
473 3734 598 3795 alterius
619 3736 798 3807 fornicatur,
826 3732 1005 3796 decorietur
1020 3751 1056 3791 ac
1071 3729 1236 3810 depiletur.

202 3851 235 3904 et
249 3845 274 3906 si
289 3844 401 3904 ancille
417 3844 455 3905 dc
477 3865 516 3906 eo
539 3844 719 3927 conceperit
740 3853 771 3906 et
791 3845 823 3904 in
846 3851 936 3925 partu
957 3841 1097 3911 moritur,
1125 3859 1236 3901 seruus

203 3957 424 4030 oenumdetur,
448 3977 484 4018 ac
500 3959 628 4021 dimidia
649 3978 721 4039 pars
744 3956 840 4039 precii
861 3952 978 4017 seniori
1001 3952 1112 4015 ancille
1129 3954 1237 4027 detur,

201 4065 300 4132 ultera
314 4088 388 4150 pars
404 4090 480 4132 nero
496 4070 612 4131 seniori
627 4071 711 4132 serui
727 4075 898 4132 remaneat.

284 4179 399 4244 XXlX.
440 4183 484 4245 110
507 4182 554 4244 iric
574 4183 624 4263 qul
639 4192 742 4264 petunt
763 4182 818 4244 riti
840 4181 966 4243 annuas
988 4183 1020 4245 in
1034 4203 1155 4246 uxores.
1202 4181 1238 4245 Ut
