2798 4764
223 335 284 403 tou
386 356 491 403 romu
517 354 606 402 racis
630 354 950 401 aasumenscononmr.
997 336 1087 399 tata„

567 614 745 677 cassnun
775 627 905 690 papae.

304 782 511 845 lnnocencius
534 782 701 864 episcopus
724 801 837 845 seruus
859 801 1024 844 seruorum
1046 781 1114 854 dei,
1140 780 1252 845 illustri

222 893 290 976 regi
304 893 438 975 Ungarie
453 937 462 953 .
477 937 486 954 .
500 937 509 953 .
525 937 534 954 .
554 901 775 974 procuratores
790 893 1010 975 strigoniensis
1031 892 1157 973 capituli
1178 912 1252 974 pro-

222 1022 358 1087 posuere
381 1011 569 1076 constanter,
591 1004 676 1085 quod
695 1003 748 1066 illa
766 1003 957 1085 composicio
977 1003 1052 1065 inita
1067 1002 1170 1065 suerat
1184 1003 1251 1066 sine

223 1134 354 1178 assensn
382 1115 525 1196 capituli,
554 1122 585 1177 et
605 1115 638 1176 in
660 1134 789 1178 enorme
809 1115 1007 1197 dispendium
1029 1116 1252 1197 strigoniensis

223 1225 355 1291 ecclesie
378 1226 582 1288 redundabat.
610 1225 694 1288 rinde
716 1225 967 1289 contradicentes
987 1225 1078 1287 nobis
1092 1226 1253 1288 humiliter

222 1337 452 1421 supplicarunt,
484 1346 516 1400 ut
541 1337 726 1400 auctoritate
753 1337 925 1419 apostolica
950 1357 1154 1400 cassaremus.
1193 1359 1251 1400 nos

222 1449 318 1531 igitur
332 1450 541 1522 attendentes,
556 1450 641 1531 quod
653 1449 725 1510 olim
742 1449 832 1510 nobis
846 1450 943 1512 molta
957 1469 1084 1532 precum
1099 1450 1252 1512 instancia

223 1560 429 1643 supplicaras,
450 1568 483 1623 ut
497 1581 593 1642 super
606 1561 673 1623 iure
688 1560 860 1623 coronandi
875 1581 968 1643 reges
983 1561 1117 1643 Ungarie
1133 1560 1252 1643 Strigo·

223 1673 324 1749 niepsi
340 1671 472 1734 ecclesie
486 1672 687 1754 priuilegium
703 1673 878 1736 concedere
897 1674 1109 1754 dignaremur,
1129 1692 1251 1755 uosque

223 1783 286 1847 tuis
301 1783 446 1863 precibus
466 1782 618 1855 inclinati,
641 1790 672 1845 et
686 1803 782 1864 super
796 1784 856 1846 boc
872 1784 1069 1867 priuilegium
1085 1805 1250 1847 concesse-

222 1894 320 1959 rimus
335 1894 462 1957 fratrum
477 1901 653 1957 nostrorum
668 1896 949 1979 subscriptionibus
964 1897 1154 1970 roboratum,
1175 1917 1250 1959 con-

223 2006 399 2071 siderantcs
421 2007 538 2079 eciam,
568 2007 654 2086 quod
675 2007 701 2069 si
721 2015 861 2088 potestas
882 2007 1053 2071 coronandi
1075 2028 1166 2089 reges
1189 2008 1251 2070 Un-

223 2119 310 2201 garie
330 2137 429 2201 penes
444 2119 586 2180 diuersas
605 2117 756 2180 ecclesias
777 2118 947 2190 resideret,
969 2117 1024 2181 toti
1039 2138 1138 2199 regno
1153 2138 1249 2200 graue

223 2231 396 2315 periculum
413 2237 445 2293 et
463 2230 631 2293 heredibus
651 2230 711 2293 tuis
727 2230 845 2312 grande
860 2237 967 2312 posset
982 2230 1179 2311 dispendium
1195 2250 1249 2312 ge·

222 2342 343 2414 uerari,
374 2363 470 2424 quum
498 2341 579 2404 sicut
600 2342 723 2423 plenius
745 2342 813 2423 ipse
836 2344 935 2416 nosti,
964 2341 1147 2424 frequenter
1169 2342 1251 2404 inter

223 2474 334 2537 regum
352 2454 488 2535 Ungaric
517 2452 690 2516 coheredes
715 2474 812 2535 super
834 2453 1005 2516 obtinenda
1024 2453 1112 2535 regni
1135 2471 1250 2516 corona

223 2564 405 2627 scandalum
424 2564 463 2627 sit
485 2572 643 2637 exortum,
665 2564 750 2646 quod
775 2564 883 2646 utique
909 2572 1015 2645 posset
1038 2562 1157 2624 facilius
1178 2564 1250 2625 sub-

224 2675 316 2748 oriri,
344 2675 370 2737 si
399 2696 454 2737 cos
479 2676 621 2738 diuersos
648 2683 849 2738 coronatores
875 2675 1069 2756 contingeret
1091 2673 1250 2746 inuenire,

224 2797 352 2869 propter
363 2787 622 2849 contradictiones
639 2797 669 2849 et
683 2787 826 2849 raciones
841 2787 1029 2869 prescriptas
1045 2786 1251 2867 composicio-

223 2916 296 2959 nem
312 2896 491 2958 buiusmodi
512 2917 577 2959 non
596 2899 767 2979 potuimus,
788 2899 869 2961 sicut
883 2918 942 2960 nec
957 2899 1121 2961 debuimus
1137 2896 1251 2959 consar-

224 3026 357 3069 mare..
380 3007 486 3070 datum
512 3008 658 3071 Laterani
679 3009 716 3069 ll.
747 3008 821 3071 ldus
842 3009 1019 3082 Februarii,
1051 3006 1249 3090 pontificatus

223 3119 323 3182 nostri
341 3139 423 3182 anno
445 3128 557 3202 quarto
580 3120 714 3183 decimo.
