2798 4764
364 344 389 388 s.
404 341 555 387 scurnum
577 341 667 387 uncus
689 343 898 390 nucuuronuu
921 345 1015 391 emm
1036 345 1058 391 r.
1155 329 1217 394 a1a

266 498 317 560 lll.
362 496 470 573 Quales
484 496 603 557 debcant
624 517 680 558 croc
701 508 782 559 tester
798 509 823 560 ot
837 510 1018 562 accusatores
1033 502 1216 565 clericorum.

184 613 295 674 Testes
319 617 424 671 autem
448 615 479 668 et
503 615 702 670 accusatores
725 607 912 671 clericorum
937 611 1004 673 sine
1027 611 1133 692 aliqua
1155 611 1218 675 siut

182 720 326 793 infamia,
356 738 469 781 uxores
493 726 524 780 et
547 717 628 780 lilios
650 720 822 794 habentes,
852 731 883 784 et
908 723 1035 785 omnino
1057 723 1217 788 Christum

183 834 393 917 predicantes.

266 945 315 1005 ll'.
358 945 429 1004 Item
444 945 477 1003 de
493 945 599 1005 codem.
642 946 836 1006 Testimonia
856 946 926 1007 laici
948 947 1102 1010 aduersus
1125 947 1216 1010 cleri·

183 1076 253 1117 oum
275 1075 368 1116 nenio
384 1055 522 1134 recipiat.
549 1074 643 1115 nemo
660 1055 743 1117 eninr
759 1056 907 1119 clericum
924 1059 1095 1139 quemlibet
1109 1060 1140 1119 in
1156 1080 1216 1141 pu·

182 1168 263 1230 blico
279 1166 456 1229 examinare
472 1174 650 1247 presumat,
672 1166 730 1227 nisi
747 1167 778 1226 in
794 1166 939 1229 ecclesia.

266 1277 300 1337 V.
343 1278 387 1337 Dc
400 1279 498 1338 labore
511 1278 701 1337 sacerdotum.
744 1277 861 1339 Scitote
876 1277 989 1340 fratres
1003 1280 1115 1352 cuncti,
1129 1278 1215 1361 quod

183 1408 277 1470 super
292 1409 402 1450 omnes
417 1409 474 1449 uos
496 1385 616 1450 laborat
636 1387 793 1450 sacerdos.
824 1390 1042 1471 unusquisque
1061 1391 1143 1452 enim
1159 1410 1215 1454 ue·

182 1509 280 1562 strum
301 1519 392 1560 suum
412 1500 472 1560 sert
494 1499 634 1560 laborem
660 1498 837 1579 proprium,
859 1499 911 1560 ille
934 1520 1011 1561 uero
1035 1510 1065 1563 el
1085 1520 1215 1564 suorum

182 1623 212 1674 et
234 1611 438 1693 singulorum.
467 1621 498 1673 et
513 1611 585 1673 ideo
600 1611 680 1673 siout
693 1611 745 1673 ille
762 1631 820 1692 pro
837 1613 981 1674 omnibus
998 1614 1105 1688 uobis,
1126 1615 1215 1680 itaet

181 1745 239 1786 uos
261 1744 369 1786 omnes
390 1743 448 1804 pro
469 1742 507 1785 eo
527 1743 649 1784 summo
665 1742 760 1803 opere
776 1724 919 1787 laborare
936 1726 1072 1800 debetis,
1096 1727 1126 1789 in
1142 1735 1213 1790 tan·

181 1846 246 1898 tuni
262 1845 295 1898 nt
309 1837 334 1896 si
351 1836 521 1899 necessitas
542 1835 651 1909 luerit,
673 1837 790 1898 animas
807 1844 928 1899 uestras
951 1858 1008 1917 pro
1024 1858 1063 1900 eo
1079 1838 1215 1920 ponatis,

262 1948 314 2008 vt.
336 1948 378 2007 Dc
387 1949 563 2009 concessione
575 1950 666 2026 repuli
676 1949 869 2028 propriorum
881 1967 989 2008 rerum.
1004 1950 1213 2014 Decreuimus

180 2068 286 2121 nostra
304 2059 401 2141 regali
423 2060 584 2139 potencia,
606 2067 640 2120 ut
658 2060 874 2140 unusquisque
896 2059 1076 2123 facultatem
1095 2061 1212 2126 babeat

181 2189 237 2232 sua
258 2171 437 2242 diuidendi,
465 2169 623 2231 tribuendi
648 2171 755 2243 uxori,
783 2169 856 2231 liliis
882 2169 1087 2252 filiabusque,
1117 2181 1211 2254 atque

181 2282 363 2363 parentibus
384 2281 451 2342 siue
475 2279 618 2342 ecclesie.
654 2299 711 2341 nec
734 2288 805 2361 post
827 2281 946 2343 obitum
969 2283 1037 2343 eius
1060 2284 1130 2362 quis
1150 2283 1213 2346 hoo

182 2393 343 2455 destruere
359 2394 482 2454 audeat.

263 2506 329 2566 Vll.
371 2506 414 2566 Dc
429 2515 539 2566 retentu
555 2506 698 2584 repellam
711 2524 821 2565 rerum.
848 2503 996 2567 Uolumus
1012 2506 1158 2587 quidem,
1178 2513 1214 2571 ut

181 2619 259 2680 sicut
274 2618 386 2680 ceteris
403 2618 583 2699 facultatem
599 2617 743 2678 dedimus
759 2617 940 2678 dominandi
955 2638 1081 2680 suarum
1096 2640 1213 2695 rerum,

183 2728 224 2791 ita
246 2730 344 2791 eciam
365 2750 432 2802 res,
455 2729 586 2802 milites,
608 2748 719 2790 seruos
736 2736 767 2790 et
782 2728 934 2809 quidquid
954 2730 995 2790 ad
1009 2737 1148 2791 nostram
1162 2750 1214 2797 re-

185 2840 287 2921 galem
303 2840 484 2921 dignitatem
507 2840 655 2920 pertinet,
678 2858 864 2920 permanere
879 2838 1109 2912 immobile,‚et
1124 2860 1142 2902 a
1156 2860 1214 2904 no·

183 2951 266 3012 rnine
282 2950 357 3032 quid
372 2950 445 3011 inde
460 2950 601 3030 rapiatur
616 2958 670 3011 aut
683 2950 894 3013 subtrahatur.
927 2972 985 3012 nec
1000 2953 1165 3033 quisquam
1180 2951 1213 3014 ia

183 3061 231 3123 his
245 3062 395 3143 predictis
410 3062 469 3122 sibi
485 3061 628 3124 fauorem
643 3063 809 3144 acquirere
824 3064 950 3125 audeat.

264 3172 343 3233 Vlll.
385 3174 428 3234 Dc
453 3176 656 3234 obscruooiono
680 3174 820 3235 dominici
844 3174 913 3234 dici.
966 3173 997 3235 si
1024 3174 1093 3255 quis
1119 3173 1214 3255 igitur

184 3284 339 3364 presbiter
353 3285 403 3346 uel
418 3305 533 3357 comes,
554 3285 622 3346 siue
639 3283 699 3345 alia
715 3302 848 3364 persona
863 3282 974 3356 fidelis,
990 3283 1040 3345 die
1056 3281 1213 3346 dominica

182 3394 339 3456 inuenerit
353 3394 526 3475 quemlibet
540 3394 754 3467 laborantem,
776 3394 844 3455 siue
859 3414 930 3455 cum
949 3394 1066 3464 bubuS,
1087 3393 1214 3457 tollatur

182 3504 241 3565 sibi
256 3505 322 3578 bos,
344 3514 375 3567 et
390 3506 510 3568 ciuibus
526 3505 565 3566 ad
582 3504 835 3565 manducandum
852 3504 952 3564 detur.
982 3504 1006 3564 si
1023 3512 1127 3566 autem
1142 3523 1213 3566 cum

183 3617 282 3697 equis,
304 3615 427 3678 tollatur
443 3637 555 3698 equus,
578 3636 672 3697 quem
688 3613 832 3676 dominus
848 3614 930 3676 boue
946 3615 1096 3689 redimat,
1117 3615 1144 3678 si
1159 3635 1214 3680 uo·

183 3727 233 3800 lit,
256 3737 286 3789 et
301 3728 384 3790 idem
399 3729 456 3789 bos
472 3729 680 3789 manducetur
696 3734 729 3788 ut
743 3726 861 3787 dictum
877 3733 933 3787 est.
956 3726 982 3787 si
998 3726 1068 3807 quis
1084 3726 1152 3789 aliis
1165 3726 1214 3790 in·

181 3839 378 3923 strumentis,
407 3837 555 3901 tollantur
574 3838 782 3900 instrumenta
805 3845 836 3900 et
857 3837 1064 3911 uestimenta,
1086 3837 1214 3920 que,oi

181 3948 274 4023 uelit,
297 3957 368 4012 cute
384 3951 526 4014 redimat.

263 4062 316 4124 lX.
358 4062 429 4126 Item
450 4064 544 4127 allud.
595 4064 621 4123 Α
646 4061 862 4125 sacerdotibus
886 4080 965 4125 uero
991 4071 1023 4125 ct
1046 4061 1213 4137 comitibus

180 4175 418 4241 commendetur
439 4177 582 4241 omnibus
604 4173 717 4251 uiliois,
737 4174 782 4239 itu
803 4175 975 4239 utiliorum
995 4175 1085 4239 iussu
1102 4163 1224 4236 omnes

923 4274 962 4338 21
