2798 4764
224 310 287 380 {88
328 384 332 393 ,
438 327 578 375 ‘sunnis
597 326 639 372 na
659 327 742 373 ura
766 326 808 372 na
830 324 1031 379 unwoarrcrs.
1092 350 1095 357 ·

225 483 281 567 qni
299 483 476 547 seruientes
498 481 636 563 regibus,
657 478 710 544 uel
732 480 847 544 ceteris
866 480 955 562 regni
971 478 1105 543 dominis
1127 496 1166 542 ex
1180 478 1257 561 ipsis

163 608 169 626 ⁸
225 594 355 677 pheuda
378 594 573 676 aquirendo,
611 590 805 655 nobilitatem
834 610 983 673 processu
1006 591 1155 673 temporis
1184 598 1257 655 sunt

228 705 350 786 adepti,
373 723 508 788 quorum
529 703 656 766 nomina
677 702 946 785 comprehendere
968 702 1111 765 estimani
1132 702 1166 765 in
1186 722 1259 785 pre·

229 815 311 879 senti
325 813 405 879 libro
419 815 587 878 honerosa.

618 1038 857 1052 *a

618 1053 858 1063 -—--—---

569 1217 623 1280 DE
650 1215 913 1279 UDWORNICIS.

658 1376 823 1389 ——u—

306 1484 370 1548 Sed
391 1483 541 1567 quonium
564 1482 717 1565 quosdam
743 1488 867 1555 mouet,
895 1481 973 1564 quid
990 1481 1054 1544 sint
1079 1481 1257 1549 waornici

229 1605 417 1669 castrenses,
438 1595 490 1657 atii
504 1594 729 1658 condicionarii
743 1593 897 1667 libertini,
911 1602 944 1656 et
957 1594 1130 1676 mancipia,
1143 1595 1256 1678 quibus

229 1709 297 1773 tere
312 1707 472 1789 Hungarin
486 1714 535 1768 est
548 1704 685 1787 repleta,
706 1715 739 1768 et
755 1704 840 1767 unde
856 1724 926 1767 csse
941 1705 1095 1779 habeant,
1116 1705 1255 1788 presenti

226 1820 379 1904 opusculo
394 1839 557 1901 apponere
572 1819 702 1900 dignum
717 1818 802 1881 duxi.

308 1933 437 1995 Factum
459 1939 522 2006 est,
544 1931 631 2013 quod
654 1950 725 1992 curn
748 1929 890 2013 Hungari
913 1949 1060 2011 possessa
1074 1931 1259 1995 Pannnonia

225 2043 419 2109 Christianos
441 2050 473 2105 et
495 2042 638 2123 Paganos
663 2060 751 2104 more
774 2042 918 2124 gencium
940 2042 1095 2123 quosdam
1115 2043 1257 2125 captiuos

92 2143 99 2156 ’
225 2155 407 2221 occiderent
422 2153 615 2227 resistentes,
629 2153 751 2235 aliquos
765 2173 806 2215 ex
817 2153 950 2235 captiuis
964 2153 1124 2218 uirtuosos
1135 2155 1175 2218 nd
1185 2173 1258 2237 pro·

223 2267 302 2333 lium
316 2268 510 2331 deducentes
525 2286 644 2338 seeum,
659 2265 795 2349 aliquam
809 2266 884 2348 ipsis
898 2266 1081 2348 porcionem
1096 2266 1136 2330 de
1148 2267 1258 2350 spoliis

225 2389 410 2464 erogarent,
431 2380 585 2464 quosdam
599 2398 676 2442 uero
692 2379 827 2442 diuersis
844 2379 987 2443 seruiciis
1001 2379 1209 2461 mancipando
1223 2379 1257 2443 in

223 2493 449 2576 proprietatem
475 2493 559 2556 circu
581 2511 638 2554 sue
661 2491 861 2554 tabernacula
887 2489 1029 2554 solerent
1051 2510 1257 2566 conseruare,

222 2603 319 2667 iidem
333 2605 449 2685 captiui
464 2624 505 2666 ex
518 2604 623 2667 tructu
644 2604 824 2668 animalium
848 2612 880 2666 et
899 2604 998 2684 preda
1017 2603 1084 2665 sola
1098 2603 1258 2667 habehant

223 2715 320 2778 uitem
340 2733 431 2778 suam
453 2721 488 2778 nt
509 2715 649 2779 Comani.
683 2736 756 2778 mox
769 2735 848 2780 uero
863 2724 898 2778 ut
911 2714 1007 2777 fidem
1022 2721 1210 2796 receperunt
1224 2721 1257 2778 et

223 2823 410 2907 baptismum
432 2846 565 2889 romana
587 2826 723 2890 ecelesia
737 2826 869 2889 -Christo
890 2826 1018 2910 cognito
1042 2824 1116 2889 duci
1136 2823 1255 2889 Geiche

224 2940 257 2998 st
270 2944 378 2997 sancto
392 2935 459 3017 regi
475 2934 634 3018 Stephano
654 2936 781 2999 dedisse
801 2936 915 3000 dicitur
928 2936 1061 3000 tirmiter
1073 2936 1106 3001 in
1126 2937 1256 3000 menda·

224 3047 274 3121 m,
296 3055 331 3110 ut
344 3047 444 3129 spolia
458 3067 521 3110 non
536 3049 783 3123 committerent,
805 3049 946 3130 captiuos
958 3048 1151 3113 Christianos
1166 3050 1264 3118 dein.

225 3178 301 3242 ceps
315 3160 531 3242 retinquerent
544 3161 675 3242 pristine
690 3160 837 3236 libertati,
852 3181 924 3224 curn
937 3161 1026 3225 multi
1040 3160 1163 3225 nobiles
1174 3162 1255 3227 inter

225 3273 367 3354 cuptiuos
389 3270 574 3336 habeantur.
604 3272 677 3355 qnia
697 3291 776 3335 uero
798 3293 929 3355 regnum
948 3281 1017 3336 erat
1030 3272 1255 3355 amplissimum

225 3392 257 3449 et
271 3386 415 3468 gentihus
431 3393 615 3457 nemetum,
638 3405 695 3447 nec
711 3389 811 3448 eciam
827 3385 1033 3447 communitas
1055 3393 1121 3448 tota
1141 3385 1175 3446 in
1193 3383 1256 3447 hoc

225 3497 398 3578 apostolico
418 3517 584 3562 assensum
604 3498 771 3571 tribuebat,
802 3498 1018 3580 dispensatum
1045 3505 1093 3560 est
1114 3504 1254 3580 postmo-

226 3607 301 3670 dum
322 3628 379 3689 per
393 3629 508 3691 papam
528 3613 560 3672 in
581 3609 664 3673 huuc
687 3610 833 3683 modum,
853 3611 940 3693 quod
954 3609 1070 3691 captiui
1084 3617 1187 3673 terras
1201 3629 1254 3673 co-

224 3715 337 3791 lerent,
358 3725 389 3780 et
403 3737 443 3780 ex
458 3729 541 3781 terre
556 3720 708 3783 fructibus
723 3721 883 3794 uiuerent,
905 3728 1000 3802 prout
1013 3718 1064 3785 alii
1076 3721 1255 3784 Christiani.

223 3824 360 3908 ideoque
371 3829 485 3910 captiui
499 3837 600 3892 terras
615 3851 677 3893 non
694 3831 846 3895 habentes
861 3831 988 3912 propria
1002 3829 1165 3892 uoluntate
1180 3849 1256 3894 cen·

225 3957 295 4003 rum
320 3939 399 4005 dure
420 3950 641 4025 susceperunt,
669 3943 795 4027 quatem
819 3942 937 4009 domini
959 3942 1144 4009 tribuerunt.
1180 3964 1255 4027 pro·

226 4069 318 4124 consu
338 4058 443 4121 autem
461 4054 613 4139 tempmis
632 4053 695 4122 uus
717 4057 863 4124 roborata
878 4054 1020 4141 pociores
1038 4052 1128 4138 regni
1142 4055 1254 4124 uiuere

225 4165 369 4243 oenone
383 4167 508 4248 ociose,
533 4165 752 4258 turcosque
773 4167 914 4260 captiuae
930 4167 999 4237 atne
1014 4186 1166 4251 numero,
1187 4189 1254 4242 nou
