2798 4764
232 331 294 401 588
407 338 741 395 ammonuimus
764 342 948 390 senatoria.
988 325 1081 392 tara.

232 504 350 577 monio,
370 501 532 563 conuictus
557 506 661 561 tamen
685 498 823 580 legitime
847 519 929 581 pene
954 499 1063 562 decem
1085 516 1260 562 marcarum

232 614 412 680 subiacebit.
440 613 466 674 si
489 612 560 694 quis
580 619 683 673 autem
707 611 739 672 in
760 609 861 692 ligura
882 609 988 672 iudicii
1002 609 1116 672 litterio
1131 607 1260 691 capituli

231 728 346 792 aicium
368 724 549 807 apposuerit
568 723 721 795 salsitatis,
743 731 775 786 et
797 742 859 783 non
882 721 1057 784 conuicerit
1077 721 1167 803 regni
1182 719 1261 802 legi·

231 841 314 905 timis
329 838 533 911 documentis,
555 836 666 899 decem
682 855 856 897 marcarum
873 854 985 916 penam
1000 832 1112 896 soloet.

315 954 371 1028 (5)
394 950 540 1013 Ceterum
560 968 630 1010 cum
654 949 723 1029 quis
744 948 776 1008 in
800 966 895 1008 causa
910 946 1091 1028 pecuniaria
1110 946 1261 1008 condem-

231 1071 338 1136 natus,
359 1061 454 1124 iudici
476 1061 526 1122 uel
548 1059 731 1123 aduersario
752 1079 810 1122 suo
832 1079 931 1140 usque
951 1059 990 1120 ad
1005 1057 1178 1120 secundum
1196 1066 1260 1118 ler-

231 1175 351 1238 ninum
371 1173 550 1237 satisfacere
574 1191 636 1232 non
658 1169 827 1244 curaueiit,
853 1170 935 1231 dicto
959 1169 1094 1231 termino
1115 1187 1197 1229 unus
1219 1168 1259 1229 de

232 1288 388 1351 iudicibus
412 1306 469 1368 per
490 1305 622 1368 regnum
647 1284 821 1346 constitutis
844 1284 898 1345 ibit
920 1303 989 1344 cum
1012 1283 1139 1344 homine
1161 1280 1260 1342 comi·

229 1407 314 1463 tatus
329 1397 544 1480 Zagrabiensis
559 1394 609 1457 uel
625 1394 804 1468 Crisiensis,
825 1395 965 1457 adhibito
981 1394 1159 1458 testimonio
1175 1393 1260 1474 capi-

232 1510 288 1577 tuli
308 1509 524 1592 Zagrabiensis
546 1509 598 1570 uel
620 1507 830 1581 Csasmensis,
852 1515 883 1569 et
908 1506 1059 1569 debonis
1084 1527 1140 1569 seu
1163 1507 1258 1568 rebus

232 1621 425 1684 contumacis
446 1621 531 1682 iuxta
552 1620 741 1702 condignam
763 1619 998 1681 estimacionem
1017 1617 1133 1679 iustum
1154 1616 1261 1698 exiget

231 1732 410 1795 iudicatum.
435 1732 467 1792 in
490 1731 615 1812 peculio
637 1739 740 1793 autem
762 1730 857 1811 petito
874 1750 984 1811 magne
999 1727 1191 1810 quantitatis,
1212 1728 1260 1789 iu·

232 1844 318 1907 dices
331 1844 471 1925 inspecta
486 1843 635 1926 qualitate
650 1863 870 1924 personarum,
892 1843 1066 1905 secundum
1088 1862 1176 1904 suam
1196 1842 1260 1904 dis-

231 1955 407 2018 crecioncm
435 1955 680 2017 moderabantur
704 1953 854 2017 terminos
884 1975 940 2035 pro
969 1953 1184 2017 solucionibus
1213 1953 1261 2018 sa-

230 2063 361 2129 ciendis.

314 2180 370 2254 (6)
390 2178 467 2241 Item
483 2179 509 2241 si
524 2179 594 2261 quis
608 2178 697 2242 alteri
713 2179 831 2242 crimen
846 2178 996 2241 obiecerit
1010 2178 1074 2240 lese
1090 2178 1260 2241 maiestatis

231 2289 281 2353 ool
295 2289 410 2352 dixerit
424 2290 508 2371 quod
524 2290 634 2353 salsam
650 2292 727 2352 cudi
737 2290 828 2352 saciat
843 2298 1015 2363 monetam,
1030 2290 1057 2352 si
1071 2288 1259 2352 conuincerc

229 2420 293 2464 non
308 2402 422 2484 possit,
444 2421 557 2483 penam
572 2402 636 2485 pati
651 2402 765 2465 debeat
779 2402 912 2464 talionis.

313 2516 372 2588 (7)
394 2514 548 2577 Statulnm
574 2513 631 2575 tuit
657 2515 774 2588 eciam,
805 2516 829 2576 si
851 2516 919 2596 quis
943 2525 1052 2576 contra
1071 2515 1202 2576 alterum
1225 2516 1258 2576 in

228 2625 344 2688 iudicio
368 2628 586 2707 proposuerit,
614 2628 697 2709 quod
722 2628 755 2688 iu
780 2648 878 2710 regno
904 2629 996 2689 ducat
1020 2629 1115 2689 uitam
1134 2628 1259 2709 publice

227 2736 415 2810 uiolentam,
438 2746 468 2800 et
490 2759 553 2800 non
576 2741 749 2803 conuicerit
770 2741 943 2802 secundum
962 2739 1038 2801 iuris
1060 2759 1258 2820 processum»

228 2846 331 2910 soluet
344 2849 463 2911 dimidii
480 2850 615 2933 homagii
634 2852 802 2926 iudicium,
823 2873 938 2934 pensas
953 2853 1071 2917 scilicet
1085 2855 1259 2939 sexaginta·

311 2961 370 3036 (8)
392 2962 423 3023 Si
440 2983 516 3025 uero
532 2972 617 3026 actor
632 2966 831 3046 proposuerit
846 2976 954 3029 contra
970 2988 1068 3042 reum,
1090 2971 1175 3052 quod
1190 2970 1258 3053 ipse

228 3092 332 3136 rerum
355 3092 481 3135 suarum
504 3074 554 3136 sur
569 3075 719 3149 extiterit,
741 3076 767 3137 si
785 3077 860 3139 setis
875 3088 906 3139 et
920 3077 1057 3162 legitime
1071 3100 1133 3142 non
1150 3084 1260 3145 conui-

230 3184 321 3260 cerit,
342 3185 457 3248 iudicia
473 3188 535 3248 duo
550 3187 661 3250 soluet.

311 3299 368 3373 (o)
392 3298 508 3380 Siquis
524 3306 627 3361 autem
643 3299 674 3361 in
689 3299 803 3362 iudicio
819 3302 1019 3376 constitutus,
1040 3304 1172 3366 alterum
1191 3326 1259 3369 ser-

228 3426 303 3471 uum
318 3408 455 3471 suumin
470 3408 582 3472 iudicis
597 3411 759 3490 presencia
775 3412 1014 3492 uitupcrauerit,
1034 3414 1182 3478 iudicium
1198 3416 1258 3479 lin·

228 3538 288 3602 gne
299 3521 412 3595 soluet,
427 3522 545 3585 scilicet
557 3523 645 3585 XXV
655 3543 778 3604 pensas.
800 3525 832 3586 in
848 3525 1020 3588 minoribus
1033 3535 1137 3590 autem
1153 3529 1258 3593 causis

228 3631 392 3694 conuictos
406 3631 474 3694 solo
489 3634 605 3697 iudicio
620 3636 851 3717 aggrauabitur.

310 3745 388 3817 (10)
411 3744 488 3807 ltcm
504 3746 592 3807 sicui
608 3747 764 3811 obiectum
781 3750 919 3814 fueritin
934 3752 1049 3814 iudicio
1061 3753 1146 3834 quod
1160 3774 1259 3836 super

227 3851 354 3914 domum
376 3854 503 3917 alterius
525 3875 618 3920 manu
638 3861 762 3923 uenerit
782 3862 934 3937 uiolenta,
956 3872 988 3927 et
1005 3883 1068 3926 non
1083 3864 1260 3932 conuicerit

226 3963 346 4025 iusticia
361 3964 534 4040 mediante,
555 3966 703 4032 iudicium
718 3973 819 4034 soluet
834 3973 959 4056 duplex.

308 4079 323 4152 (
332 4078 389 4153 ll)
410 4077 575 4142 Adiectum
590 4081 648 4144 luit
663 4086 759 4146 eciam
774 4086 945 4168 premissis,
968 4090 1053 4171 quod
1068 4090 1098 4151 in
1115 4090 1260 4173 quolibet

226 4205 344 4273 genere
360 4188 472 4252 actoris
486 4189 663 4256 adiudicato
678 4195 719 4257 ad
734 4196 873 4260 duellum
885 4197 953 4262 siue
967 4210 1209 4278 sacramentum,
1228 4205 1258 4269 si
