<?xml version="1.0" encoding="UTF-8"?>
<!DOCTYPE html PUBLIC "-//W3C//DTD XHTML 1.0 Transitional//EN"
    "http://www.w3.org/TR/xhtml1/DTD/xhtml1-transitional.dtd">
<html xmlns="http://www.w3.org/1999/xhtml" xml:lang="en" lang="en">
 <head>
  <title>
</title>
<meta http-equiv="Content-Type" content="text/html;charset=utf-8" />
  <meta name='ocr-system' content='tesseract 3.04.00' />
  <meta name='ocr-capabilities' content='ocr_page ocr_carea ocr_par ocr_line ocrx_word'/>
</head>
<body>
  <div class='ocr_page' id='page_1' title='image "./rerumhungaricar00endlgoog/rerumhungaricar00endlgoog_0250.png"; bbox 0 0 2798 4764; ppageno 0'>
   <div class='ocr_carea' id='block_1_1' title="bbox 418 336 1216 427">
    <p class='ocr_par' dir='ltr' id='par_1_1' title="bbox 418 336 1216 427">
     <span class='ocr_line' id='line_1_1' title="bbox 418 336 1216 427; baseline 0.004 -19"><span class='ocrx_word' id='word_1_1' title='bbox 418 361 564 411; x_wconf 78' lang='lat' dir='ltr'><strong>cucuma</strong></span> <span class='ocrx_word' id='word_1_2' title='bbox 584 363 630 408; x_wconf 82' lang='lat' dir='ltr'><strong>ar.</strong></span> <span class='ocrx_word' id='word_1_3' title='bbox 644 360 788 408; x_wconf 80' lang='lat' dir='ltr'><strong>mouuu</strong></span> <span class='ocrx_word' id='word_1_4' title='bbox 808 360 899 408; x_wconf 80' lang='lat' dir='ltr'><strong>arcu</strong></span> <span class='ocrx_word' id='word_1_5' title='bbox 919 336 979 427; x_wconf 69' lang='lat' dir='ltr'><strong>(bb</strong></span> <span class='ocrx_word' id='word_1_6' title='bbox 1148 341 1216 411; x_wconf 64' lang='grc' dir='ltr'><strong>Μ’</strong></span> 
     </span>
    </p>
   </div>
   <div class='ocr_carea' id='block_1_2' title="bbox 182 514 1247 2489">
    <p class='ocr_par' dir='ltr' id='par_1_2' title="bbox 182 514 1247 2489">
     <span class='ocr_line' id='line_1_2' title="bbox 184 514 1213 597; baseline 0.001 -17"><span class='ocrx_word' id='word_1_7' title='bbox 184 516 240 580; x_wconf 84' lang='lat' dir='ltr'><strong>aed</strong></span> <span class='ocrx_word' id='word_1_8' title='bbox 262 515 294 578; x_wconf 94' lang='lat' dir='ltr'><strong>iu</strong></span> <span class='ocrx_word' id='word_1_9' title='bbox 315 515 385 597; x_wconf 90' lang='lat' dir='ltr'><strong>ipso</strong></span> <span class='ocrx_word' id='word_1_10' title='bbox 409 514 506 577; x_wconf 88' lang='lat' dir='ltr'><strong>fidem</strong></span> <span class='ocrx_word' id='word_1_11' title='bbox 527 525 663 591; x_wconf 89' lang='lat' dir='ltr'><strong>rectam,</strong></span> <span class='ocrx_word' id='word_1_12' title='bbox 684 535 793 579; x_wconf 91' lang='lat' dir='ltr'><strong>ueram</strong></span> <span class='ocrx_word' id='word_1_13' title='bbox 815 514 1016 589; x_wconf 77' lang='lat' dir='ltr'><strong>catholicam,</strong></span> <span class='ocrx_word' id='word_1_14' title='bbox 1036 516 1069 578; x_wconf 89' lang='lat' dir='ltr'><strong>iu</strong></span> <span class='ocrx_word' id='word_1_15' title='bbox 1085 514 1213 581; x_wconf 70' lang='lat' dir='ltr'><strong>Christe</strong></span> 
     </span>
     <span class='ocr_line' id='line_1_3' title="bbox 182 626 1210 709; baseline -0.001 -19"><span class='ocrx_word' id='word_1_16' title='bbox 182 630 253 692; x_wconf 83' lang='lat' dir='ltr'><strong>lesu</strong></span> <span class='ocrx_word' id='word_1_17' title='bbox 268 628 430 690; x_wconf 78' lang='lat' dir='ltr'><strong>fundatam</strong></span> <span class='ocrx_word' id='word_1_18' title='bbox 450 628 482 688; x_wconf 92' lang='lat' dir='ltr'><strong>in</strong></span> <span class='ocrx_word' id='word_1_19' title='bbox 496 626 642 691; x_wconf 83' lang='lat' dir='ltr'><strong>cordibus</strong></span> <span class='ocrx_word' id='word_1_20' title='bbox 657 627 883 709; x_wconf 90' lang='lat' dir='ltr'><strong>prophetarum</strong></span> <span class='ocrx_word' id='word_1_21' title='bbox 898 626 1210 708; x_wconf 72' lang='lat' dir='ltr'><strong>patriarcharumque</strong></span> 
     </span>
     <span class='ocr_line' id='line_1_4' title="bbox 183 737 1211 818; baseline 0 -17"><span class='ocrx_word' id='word_1_22' title='bbox 183 739 370 811; x_wconf 89' lang='lat' dir='ltr'><strong>radicatam,</strong></span> <span class='ocrx_word' id='word_1_23' title='bbox 392 737 564 817; x_wconf 89' lang='lat' dir='ltr'><strong>apostolico</strong></span> <span class='ocrx_word' id='word_1_24' title='bbox 585 739 734 818; x_wconf 90' lang='lat' dir='ltr'><strong>preconio</strong></span> <span class='ocrx_word' id='word_1_25' title='bbox 750 738 1000 801; x_wconf 89' lang='lat' dir='ltr'><strong>commendatam</strong></span> <span class='ocrx_word' id='word_1_26' title='bbox 1022 745 1087 800; x_wconf 91' lang='lat' dir='ltr'><strong>tota</strong></span> <span class='ocrx_word' id='word_1_27' title='bbox 1105 745 1211 801; x_wconf 81' lang='lat' dir='ltr'><strong>mente</strong></span> 
     </span>
     <span class='ocr_line' id='line_1_5' title="bbox 183 847 1211 930; baseline 0.002 -19"><span class='ocrx_word' id='word_1_28' title='bbox 183 848 319 912; x_wconf 88' lang='lat' dir='ltr'><strong>lideliter</strong></span> <span class='ocrx_word' id='word_1_29' title='bbox 339 847 560 929; x_wconf 88' lang='lat' dir='ltr'><strong>amplectendo</strong></span> <span class='ocrx_word' id='word_1_30' title='bbox 584 850 693 912; x_wconf 88' lang='lat' dir='ltr'><strong>tenuit.</strong></span> <span class='ocrx_word' id='word_1_31' title='bbox 725 867 820 930; x_wconf 88' lang='lat' dir='ltr'><strong>super</strong></span> <span class='ocrx_word' id='word_1_32' title='bbox 840 849 902 910; x_wconf 88' lang='lat' dir='ltr'><strong>hoc</strong></span> <span class='ocrx_word' id='word_1_33' title='bbox 924 849 1023 909; x_wconf 90' lang='lat' dir='ltr'><strong>eciam</strong></span> <span class='ocrx_word' id='word_1_34' title='bbox 1045 848 1211 913; x_wconf 79' lang='lat' dir='ltr'><strong>fundatum</strong></span> 
     </span>
     <span class='ocr_line' id='line_1_6' title="bbox 184 956 1247 1042; baseline 0.001 -20"><span class='ocrx_word' id='word_1_35' title='bbox 184 970 308 1042; x_wconf 83' lang='lat' dir='ltr'><strong>gratum</strong></span> <span class='ocrx_word' id='word_1_36' title='bbox 330 961 535 1041; x_wconf 77' lang='lat' dir='ltr'><strong>omnipotenti</strong></span> <span class='ocrx_word' id='word_1_37' title='bbox 557 961 618 1023; x_wconf 93' lang='lat' dir='ltr'><strong>deo</strong></span> <span class='ocrx_word' id='word_1_38' title='bbox 634 959 845 1023; x_wconf 86' lang='lat' dir='ltr'><strong>habitaculum</strong></span> <span class='ocrx_word' id='word_1_39' title='bbox 863 969 895 1022; x_wconf 86' lang='lat' dir='ltr'><strong>et</strong></span> <span class='ocrx_word' id='word_1_40' title='bbox 907 960 1005 1023; x_wconf 89' lang='lat' dir='ltr'><strong>sancti</strong></span> <span class='ocrx_word' id='word_1_41' title='bbox 1019 959 1147 1041; x_wconf 86' lang='lat' dir='ltr'><strong>spiritus</strong></span> <span class='ocrx_word' id='word_1_42' title='bbox 1160 976 1213 1023; x_wconf 80' lang='lat' dir='ltr'><strong>ee·</strong></span> <span class='ocrx_word' id='word_1_43' title='bbox 1246 956 1247 959; x_wconf 51' lang='lat'>&#39;</span> 
     </span>
     <span class='ocr_line' id='line_1_7' title="bbox 185 1069 1215 1152; baseline -0.003 -20"><span class='ocrx_word' id='word_1_44' title='bbox 185 1070 339 1143; x_wconf 90' lang='lat' dir='ltr'><strong>crarium,</strong></span> <span class='ocrx_word' id='word_1_45' title='bbox 360 1090 400 1132; x_wconf 87' lang='lat' dir='ltr'><strong>ex</strong></span> <span class='ocrx_word' id='word_1_46' title='bbox 420 1088 514 1143; x_wconf 88' lang='lat' dir='ltr'><strong>auro,</strong></span> <span class='ocrx_word' id='word_1_47' title='bbox 543 1072 731 1152; x_wconf 17' lang='lat' dir='ltr'><strong>gemmisret</strong></span> <span class='ocrx_word' id='word_1_48' title='bbox 751 1069 908 1152; x_wconf 81' lang='lat' dir='ltr'><strong>lapidibus</strong></span> <span class='ocrx_word' id='word_1_49' title='bbox 930 1070 1080 1151; x_wconf 82' lang='lat' dir='ltr'><strong>preciosis</strong></span> <span class='ocrx_word' id='word_1_50' title='bbox 1102 1087 1215 1151; x_wconf 80' lang='lat' dir='ltr'><strong>recuu-¹</strong></span> 
     </span>
     <span class='ocr_line' id='line_1_8' title="bbox 185 1180 1213 1264; baseline -0.001 -19"><span class='ocrx_word' id='word_1_51' title='bbox 185 1183 259 1245; x_wconf 92' lang='lat' dir='ltr'><strong>dum</strong></span> <span class='ocrx_word' id='word_1_52' title='bbox 276 1180 450 1263; x_wconf 89' lang='lat' dir='ltr'><strong>apostolum</strong></span> <span class='ocrx_word' id='word_1_53' title='bbox 467 1180 636 1251; x_wconf 85' lang='lat' dir='ltr'><strong>edificauit.</strong></span> <span class='ocrx_word' id='word_1_54' title='bbox 666 1183 832 1245; x_wconf 89' lang='lat' dir='ltr'><strong>eratenim</strong></span> <span class='ocrx_word' id='word_1_55' title='bbox 848 1182 995 1264; x_wconf 88' lang='lat' dir='ltr'><strong>copiosus</strong></span> <span class='ocrx_word' id='word_1_56' title='bbox 1014 1183 1048 1243; x_wconf 92' lang='lat' dir='ltr'><strong>iu</strong></span> <span class='ocrx_word' id='word_1_57' title='bbox 1067 1181 1213 1254; x_wconf 86' lang='lat' dir='ltr'><strong>caritate,</strong></span> 
     </span>
     <span class='ocr_line' id='line_1_9' title="bbox 185 1291 1213 1375; baseline -0.001 -21"><span class='ocrx_word' id='word_1_58' title='bbox 185 1293 370 1374; x_wconf 80' lang='lat' dir='ltr'><strong>longanimis</strong></span> <span class='ocrx_word' id='word_1_59' title='bbox 389 1291 421 1353; x_wconf 94' lang='lat' dir='ltr'><strong>iu</strong></span> <span class='ocrx_word' id='word_1_60' title='bbox 444 1293 619 1372; x_wconf 87' lang='lat' dir='ltr'><strong>paciencia,</strong></span> <span class='ocrx_word' id='word_1_61' title='bbox 646 1293 763 1375; x_wconf 89' lang='lat' dir='ltr'><strong>pietate</strong></span> <span class='ocrx_word' id='word_1_62' title='bbox 784 1313 840 1355; x_wconf 84' lang='lat' dir='ltr'><strong>rex</strong></span> <span class='ocrx_word' id='word_1_63' title='bbox 861 1311 1008 1365; x_wconf 77' lang='lat' dir='ltr'><strong>serenus,</strong></span> <span class='ocrx_word' id='word_1_64' title='bbox 1035 1291 1213 1372; x_wconf 78' lang='lat' dir='ltr'><strong>graciarum</strong></span> 
     </span>
     <span class='ocr_line' id='line_1_10' title="bbox 187 1401 1214 1486; baseline -0.002 -19"><span class='ocrx_word' id='word_1_65' title='bbox 187 1405 279 1468; x_wconf 86' lang='lat' dir='ltr'><strong>donis</strong></span> <span class='ocrx_word' id='word_1_66' title='bbox 295 1404 423 1485; x_wconf 85' lang='lat' dir='ltr'><strong>plenus,</strong></span> <span class='ocrx_word' id='word_1_67' title='bbox 446 1404 547 1466; x_wconf 86' lang='lat' dir='ltr'><strong>cultor</strong></span> <span class='ocrx_word' id='word_1_68' title='bbox 561 1404 696 1478; x_wconf 84' lang='lat' dir='ltr'><strong>iusticie,</strong></span> <span class='ocrx_word' id='word_1_69' title='bbox 719 1413 868 1485; x_wconf 85' lang='lat' dir='ltr'><strong>patronus</strong></span> <span class='ocrx_word' id='word_1_70' title='bbox 882 1403 1049 1486; x_wconf 83' lang='lat' dir='ltr'><strong>pudicicie,</strong></span> <span class='ocrx_word' id='word_1_71' title='bbox 1071 1401 1214 1471; x_wconf 80' lang='lat' dir='ltr'><strong>consola·</strong></span> 
     </span>
     <span class='ocr_line' id='line_1_11' title="bbox 186 1511 1214 1601; baseline 0 -24"><span class='ocrx_word' id='word_1_72' title='bbox 186 1524 237 1578; x_wconf 92' lang='lat' dir='ltr'><strong>tor</strong></span> <span class='ocrx_word' id='word_1_73' title='bbox 251 1515 452 1587; x_wconf 85' lang='lat' dir='ltr'><strong>afflictorum,</strong></span> <span class='ocrx_word' id='word_1_74' title='bbox 467 1513 649 1577; x_wconf 80' lang='lat' dir='ltr'><strong>subleuator</strong></span> <span class='ocrx_word' id='word_1_75' title='bbox 664 1534 902 1596; x_wconf 83' lang='lat' dir='ltr'><strong>oppressorum,</strong></span> <span class='ocrx_word' id='word_1_76' title='bbox 919 1514 1084 1576; x_wconf 87' lang='lat' dir='ltr'><strong>miserator</strong></span> <span class='ocrx_word' id='word_1_77' title='bbox 1098 1511 1214 1601; x_wconf 79' lang='lat' dir='ltr'><strong>orphe·</strong></span> 
     </span>
     <span class='ocr_line' id='line_1_12' title="bbox 187 1599 1213 1712; baseline -0.002 -23"><span class='ocrx_word' id='word_1_78' title='bbox 187 1599 316 1698; x_wconf 82' lang='lat' dir='ltr'><strong>norum,</strong></span> <span class='ocrx_word' id='word_1_79' title='bbox 336 1626 407 1708; x_wconf 90' lang='lat' dir='ltr'><strong>pius</strong></span> <span class='ocrx_word' id='word_1_80' title='bbox 429 1638 519 1709; x_wconf 90' lang='lat' dir='ltr'><strong>pater</strong></span> <span class='ocrx_word' id='word_1_81' title='bbox 531 1627 740 1712; x_wconf 90' lang='lat' dir='ltr'><strong>pupillorum,</strong></span> <span class='ocrx_word' id='word_1_82' title='bbox 762 1627 948 1689; x_wconf 87' lang='lat' dir='ltr'><strong>miserorum</strong></span> <span class='ocrx_word' id='word_1_83' title='bbox 962 1633 993 1688; x_wconf 89' lang='lat' dir='ltr'><strong>et</strong></span> <span class='ocrx_word' id='word_1_84' title='bbox 1013 1625 1142 1706; x_wconf 89' lang='lat' dir='ltr'><strong>inopum</strong></span> <span class='ocrx_word' id='word_1_85' title='bbox 1156 1642 1213 1689; x_wconf 86' lang='lat' dir='ltr'><strong>ne·</strong></span> 
     </span>
     <span class='ocr_line' id='line_1_13' title="bbox 187 1737 1214 1802; baseline 0 -1"><span class='ocrx_word' id='word_1_86' title='bbox 187 1739 363 1802; x_wconf 85' lang='lat' dir='ltr'><strong>cessaribus</strong></span> <span class='ocrx_word' id='word_1_87' title='bbox 387 1739 514 1801; x_wconf 91' lang='lat' dir='ltr'><strong>nomine</strong></span> <span class='ocrx_word' id='word_1_88' title='bbox 529 1739 701 1800; x_wconf 88' lang='lat' dir='ltr'><strong>uisceribus</strong></span> <span class='ocrx_word' id='word_1_89' title='bbox 716 1738 847 1801; x_wconf 89' lang='lat' dir='ltr'><strong>allluens</strong></span> <span class='ocrx_word' id='word_1_90' title='bbox 862 1738 1079 1801; x_wconf 84' lang='lat' dir='ltr'><strong>subueniebat.</strong></span> <span class='ocrx_word' id='word_1_91' title='bbox 1103 1737 1137 1799; x_wconf 95' lang='lat' dir='ltr'><strong>iu</strong></span> <span class='ocrx_word' id='word_1_92' title='bbox 1156 1754 1214 1801; x_wconf 76' lang='lat' dir='ltr'><strong>ue-</strong></span> 
     </span>
     <span class='ocr_line' id='line_1_14' title="bbox 186 1844 1214 1931; baseline -0.001 -19"><span class='ocrx_word' id='word_1_93' title='bbox 186 1849 337 1912; x_wconf 90' lang='lat' dir='ltr'><strong>turalibus</strong></span> <span class='ocrx_word' id='word_1_94' title='bbox 357 1859 461 1912; x_wconf 89' lang='lat' dir='ltr'><strong>autem</strong></span> <span class='ocrx_word' id='word_1_95' title='bbox 481 1851 572 1912; x_wconf 90' lang='lat' dir='ltr'><strong>bonis</strong></span> <span class='ocrx_word' id='word_1_96' title='bbox 595 1850 701 1913; x_wconf 90' lang='lat' dir='ltr'><strong>diuine</strong></span> <span class='ocrx_word' id='word_1_97' title='bbox 723 1849 937 1912; x_wconf 83' lang='lat' dir='ltr'><strong>miseracionie</strong></span> <span class='ocrx_word' id='word_1_98' title='bbox 957 1847 1064 1931; x_wconf 78' lang='lat' dir='ltr'><strong>gracia</strong></span> <span class='ocrx_word' id='word_1_99' title='bbox 1083 1844 1214 1928; x_wconf 78' lang='lat' dir='ltr'><strong>speciali</strong></span> 
     </span>
     <span class='ocr_line' id='line_1_15' title="bbox 188 1959 1212 2044; baseline -0.004 -19"><span class='ocrx_word' id='word_1_100' title='bbox 188 1983 259 2025; x_wconf 94' lang='lat' dir='ltr'><strong>eum</strong></span> <span class='ocrx_word' id='word_1_101' title='bbox 274 1963 475 2044; x_wconf 84' lang='lat' dir='ltr'><strong>prerogatiua</strong></span> <span class='ocrx_word' id='word_1_102' title='bbox 492 1960 722 2042; x_wconf 88' lang='lat' dir='ltr'><strong>preeminencie</strong></span> <span class='ocrx_word' id='word_1_103' title='bbox 737 1980 832 2041; x_wconf 84' lang='lat' dir='ltr'><strong>super</strong></span> <span class='ocrx_word' id='word_1_104' title='bbox 842 1979 1040 2023; x_wconf 92' lang='lat' dir='ltr'><strong>communem</strong></span> <span class='ocrx_word' id='word_1_105' title='bbox 1050 1959 1212 2021; x_wconf 86' lang='lat' dir='ltr'><strong>bominum</strong></span> 
     </span>
     <span class='ocr_line' id='line_1_16' title="bbox 187 2070 1214 2155; baseline -0.002 -18"><span class='ocrx_word' id='word_1_106' title='bbox 187 2075 329 2137; x_wconf 90' lang='lat' dir='ltr'><strong>ualorem</strong></span> <span class='ocrx_word' id='word_1_107' title='bbox 343 2074 523 2155; x_wconf 80' lang='lat' dir='ltr'><strong>protulerat.</strong></span> <span class='ocrx_word' id='word_1_108' title='bbox 550 2073 716 2134; x_wconf 90' lang='lat' dir='ltr'><strong>eratenim</strong></span> <span class='ocrx_word' id='word_1_109' title='bbox 736 2092 831 2134; x_wconf 91' lang='lat' dir='ltr'><strong>mauu</strong></span> <span class='ocrx_word' id='word_1_110' title='bbox 850 2071 937 2133; x_wconf 79' lang='lat' dir='ltr'><strong>tortis</strong></span> <span class='ocrx_word' id='word_1_111' title='bbox 958 2079 989 2133; x_wconf 89' lang='lat' dir='ltr'><strong>et</strong></span> <span class='ocrx_word' id='word_1_112' title='bbox 1003 2071 1073 2133; x_wconf 81' lang='lat' dir='ltr'><strong>uisu</strong></span> <span class='ocrx_word' id='word_1_113' title='bbox 1087 2070 1214 2137; x_wconf 82' lang='lat' dir='ltr'><strong>deside·</strong></span> 
     </span>
     <span class='ocr_line' id='line_1_17' title="bbox 187 2180 1214 2264; baseline -0.002 -17"><span class='ocrx_word' id='word_1_114' title='bbox 187 2184 309 2258; x_wconf 86' lang='lat' dir='ltr'><strong>rabilis,</strong></span> <span class='ocrx_word' id='word_1_115' title='bbox 332 2193 364 2246; x_wconf 89' lang='lat' dir='ltr'><strong>et</strong></span> <span class='ocrx_word' id='word_1_116' title='bbox 383 2184 557 2247; x_wconf 76' lang='lat' dir='ltr'><strong>secundum</strong></span> <span class='ocrx_word' id='word_1_117' title='bbox 579 2183 808 2264; x_wconf 88' lang='lat' dir='ltr'><strong>phisonomiam</strong></span> <span class='ocrx_word' id='word_1_118' title='bbox 830 2181 931 2244; x_wconf 84' lang='lat' dir='ltr'><strong>leonis</strong></span> <span class='ocrx_word' id='word_1_119' title='bbox 945 2199 1074 2263; x_wconf 80' lang='lat' dir='ltr'><strong>maguae</strong></span> <span class='ocrx_word' id='word_1_120' title='bbox 1091 2180 1214 2245; x_wconf 71' lang='lat' dir='ltr'><strong>babere</strong></span> 
     </span>
     <span class='ocr_line' id='line_1_18' title="bbox 188 2291 1217 2378; baseline -0.004 -19"><span class='ocrx_word' id='word_1_121' title='bbox 188 2297 409 2360; x_wconf 84' lang='lat' dir='ltr'><strong>extremitates.</strong></span> <span class='ocrx_word' id='word_1_122' title='bbox 437 2304 554 2358; x_wconf 88' lang='lat' dir='ltr'><strong>statura</strong></span> <span class='ocrx_word' id='word_1_123' title='bbox 570 2297 687 2378; x_wconf 84' lang='lat' dir='ltr'><strong>quippe</strong></span> <span class='ocrx_word' id='word_1_124' title='bbox 701 2313 870 2376; x_wconf 86' lang='lat' dir='ltr'><strong>procerus,</strong></span> <span class='ocrx_word' id='word_1_125' title='bbox 892 2293 1065 2373; x_wconf 89' lang='lat' dir='ltr'><strong>ceterisque</strong></span> <span class='ocrx_word' id='word_1_126' title='bbox 1079 2291 1217 2355; x_wconf 88' lang='lat' dir='ltr'><strong>homiui·</strong></span> 
     </span>
     <span class='ocr_line' id='line_1_19' title="bbox 188 2401 1217 2489; baseline -0.006 -18"><span class='ocrx_word' id='word_1_127' title='bbox 188 2410 246 2472; x_wconf 83' lang='lat' dir='ltr'><strong>bus</strong></span> <span class='ocrx_word' id='word_1_128' title='bbox 261 2410 301 2470; x_wconf 93' lang='lat' dir='ltr'><strong>ab</strong></span> <span class='ocrx_word' id='word_1_129' title='bbox 315 2409 448 2470; x_wconf 90' lang='lat' dir='ltr'><strong>humero</strong></span> <span class='ocrx_word' id='word_1_130' title='bbox 462 2426 558 2489; x_wconf 89' lang='lat' dir='ltr'><strong>supra</strong></span> <span class='ocrx_word' id='word_1_131' title='bbox 573 2407 791 2488; x_wconf 82' lang='lat' dir='ltr'><strong>preeminens,</strong></span> <span class='ocrx_word' id='word_1_132' title='bbox 812 2405 855 2466; x_wconf 88' lang='lat' dir='ltr'><strong>ita</strong></span> <span class='ocrx_word' id='word_1_133' title='bbox 869 2403 955 2485; x_wconf 92' lang='lat' dir='ltr'><strong>quod</strong></span> <span class='ocrx_word' id='word_1_134' title='bbox 970 2402 1164 2464; x_wconf 82' lang='lat' dir='ltr'><strong>exuberante</strong></span> <span class='ocrx_word' id='word_1_135' title='bbox 1180 2401 1217 2465; x_wconf 79' lang='lat' dir='ltr'><strong>iu</strong></span> 
     </span>
    </p>
   </div>
   <div class='ocr_carea' id='block_1_3' title="bbox 65 2510 1216 2602">
    <p class='ocr_par' dir='ltr' id='par_1_3' title="bbox 65 2510 1216 2602">
     <span class='ocr_line' id='line_1_20' title="bbox 65 2510 1216 2602; baseline -0.005 -20"><span class='ocrx_word' id='word_1_136' title='bbox 65 2583 74 2600; x_wconf 63' lang='grc'>,</span> <span class='ocrx_word' id='word_1_137' title='bbox 189 2522 257 2602; x_wconf 78' lang='lat' dir='ltr'><strong>ipro</strong></span> <span class='ocrx_word' id='word_1_138' title='bbox 280 2520 435 2582; x_wconf 88' lang='lat' dir='ltr'><strong>donorum</strong></span> <span class='ocrx_word' id='word_1_139' title='bbox 457 2517 667 2600; x_wconf 89' lang='lat' dir='ltr'><strong>plenitudine,</strong></span> <span class='ocrx_word' id='word_1_140' title='bbox 694 2517 761 2596; x_wconf 89' lang='lat' dir='ltr'><strong>ipsa</strong></span> <span class='ocrx_word' id='word_1_141' title='bbox 782 2532 909 2597; x_wconf 91' lang='lat' dir='ltr'><strong>quoque</strong></span> <span class='ocrx_word' id='word_1_142' title='bbox 932 2512 1072 2593; x_wconf 85' lang='lat' dir='ltr'><strong>corporis</strong></span> <span class='ocrx_word' id='word_1_143' title='bbox 1091 2510 1216 2592; x_wconf 73' lang='lat' dir='ltr'><strong>speclea</strong></span> 
     </span>
    </p>
   </div>
   <div class='ocr_carea' id='block_1_4' title="bbox 189 2623 1218 3380">
    <p class='ocr_par' dir='ltr' id='par_1_4' title="bbox 189 2623 1218 3380">
     <span class='ocr_line' id='line_1_21' title="bbox 190 2623 1217 2712; baseline -0.006 -20"><span class='ocrx_word' id='word_1_144' title='bbox 190 2631 277 2712; x_wconf 70' lang='lat' dir='ltr'><strong>regio</strong></span> <span class='ocrx_word' id='word_1_145' title='bbox 289 2629 473 2711; x_wconf 84' lang='lat' dir='ltr'><strong>dyademate</strong></span> <span class='ocrx_word' id='word_1_146' title='bbox 486 2629 615 2711; x_wconf 78' lang='lat' dir='ltr'><strong>dignum</strong></span> <span class='ocrx_word' id='word_1_147' title='bbox 629 2628 731 2709; x_wconf 88' lang='lat' dir='ltr'><strong>ipsum</strong></span> <span class='ocrx_word' id='word_1_148' title='bbox 744 2623 928 2688; x_wconf 85' lang='lat' dir='ltr'><strong>declararet.</strong></span> <span class='ocrx_word' id='word_1_149' title='bbox 950 2641 1021 2685; x_wconf 90' lang='lat' dir='ltr'><strong>cum</strong></span> <span class='ocrx_word' id='word_1_150' title='bbox 1036 2642 1114 2684; x_wconf 91' lang='lat' dir='ltr'><strong>uero</strong></span> <span class='ocrx_word' id='word_1_151' title='bbox 1128 2629 1217 2686; x_wconf 71' lang='lat' dir='ltr'><strong>muta</strong></span> 
     </span>
     <span class='ocr_line' id='line_1_22' title="bbox 189 2733 1217 2822; baseline -0.006 -19"><span class='ocrx_word' id='word_1_152' title='bbox 189 2742 343 2805; x_wconf 88' lang='lat' dir='ltr'><strong>bonorum</strong></span> <span class='ocrx_word' id='word_1_153' title='bbox 367 2740 599 2822; x_wconf 82' lang='lat' dir='ltr'><strong>preeminencie</strong></span> <span class='ocrx_word' id='word_1_154' title='bbox 619 2759 654 2801; x_wconf 85' lang='lat' dir='ltr'><strong>se</strong></span> <span class='ocrx_word' id='word_1_155' title='bbox 677 2738 800 2800; x_wconf 88' lang='lat' dir='ltr'><strong>uideret</strong></span> <span class='ocrx_word' id='word_1_156' title='bbox 821 2736 1005 2817; x_wconf 78' lang='lat' dir='ltr'><strong>gloriosum,</strong></span> <span class='ocrx_word' id='word_1_157' title='bbox 1028 2754 1091 2796; x_wconf 93' lang='lat' dir='ltr'><strong>non</strong></span> <span class='ocrx_word' id='word_1_158' title='bbox 1109 2733 1143 2794; x_wconf 91' lang='lat' dir='ltr'><strong>in</strong></span> <span class='ocrx_word' id='word_1_159' title='bbox 1162 2752 1217 2797; x_wconf 80' lang='lat' dir='ltr'><strong>au-</strong></span> 
     </span>
     <span class='ocr_line' id='line_1_23' title="bbox 191 2843 1218 2935; baseline -0.006 -20"><span class='ocrx_word' id='word_1_160' title='bbox 191 2853 298 2935; x_wconf 88' lang='lat' dir='ltr'><strong>perbie</strong></span> <span class='ocrx_word' id='word_1_161' title='bbox 312 2861 468 2915; x_wconf 90' lang='lat' dir='ltr'><strong>tumorem</strong></span> <span class='ocrx_word' id='word_1_162' title='bbox 484 2857 532 2912; x_wconf 88' lang='lat' dir='ltr'><strong>est</strong></span> <span class='ocrx_word' id='word_1_163' title='bbox 547 2850 705 2922; x_wconf 89' lang='lat' dir='ltr'><strong>eleuatus‚</strong></span> <span class='ocrx_word' id='word_1_164' title='bbox 726 2867 790 2910; x_wconf 90' lang='lat' dir='ltr'><strong>non</strong></span> <span class='ocrx_word' id='word_1_165' title='bbox 805 2847 937 2908; x_wconf 90' lang='lat' dir='ltr'><strong>aliorum</strong></span> <span class='ocrx_word' id='word_1_166' title='bbox 950 2845 1020 2906; x_wconf 90' lang='lat' dir='ltr'><strong>iura</strong></span> <span class='ocrx_word' id='word_1_167' title='bbox 1034 2843 1144 2907; x_wconf 87' lang='lat' dir='ltr'><strong>dolose</strong></span> <span class='ocrx_word' id='word_1_168' title='bbox 1157 2861 1218 2909; x_wconf 75' lang='lat' dir='ltr'><strong>tert</strong></span> 
     </span>
     <span class='ocr_line' id='line_1_24' title="bbox 192 2955 1218 3043; baseline -0.01 -17"><span class='ocrx_word' id='word_1_169' title='bbox 192 2964 346 3027; x_wconf 89' lang='lat' dir='ltr'><strong>uiolenter</strong></span> <span class='ocrx_word' id='word_1_170' title='bbox 367 2962 550 3043; x_wconf 86' lang='lat' dir='ltr'><strong>occupauit,</strong></span> <span class='ocrx_word' id='word_1_171' title='bbox 579 2961 636 3022; x_wconf 89' lang='lat' dir='ltr'><strong>sed</strong></span> <span class='ocrx_word' id='word_1_172' title='bbox 656 2961 686 3022; x_wconf 93' lang='lat' dir='ltr'><strong>ei</strong></span> <span class='ocrx_word' id='word_1_173' title='bbox 701 2960 756 3043; x_wconf 90' lang='lat' dir='ltr'><strong>qui</strong></span> <span class='ocrx_word' id='word_1_174' title='bbox 774 2960 843 3022; x_wconf 87' lang='lat' dir='ltr'><strong>sine</strong></span> <span class='ocrx_word' id='word_1_175' title='bbox 858 2964 1015 3040; x_wconf 89' lang='lat' dir='ltr'><strong>prouentu</strong></span> <span class='ocrx_word' id='word_1_176' title='bbox 1033 2955 1218 3018; x_wconf 84' lang='lat' dir='ltr'><strong>meritorum</strong></span> 
     </span>
     <span class='ocr_line' id='line_1_25' title="bbox 190 3064 1217 3157; baseline -0.009 -21"><span class='ocrx_word' id='word_1_177' title='bbox 190 3076 293 3157; x_wconf 78' lang='lat' dir='ltr'><strong>largiri</strong></span> <span class='ocrx_word' id='word_1_178' title='bbox 314 3076 398 3138; x_wconf 90' lang='lat' dir='ltr'><strong>bona</strong></span> <span class='ocrx_word' id='word_1_179' title='bbox 412 3073 591 3147; x_wconf 86' lang='lat' dir='ltr'><strong>consueuit,</strong></span> <span class='ocrx_word' id='word_1_180' title='bbox 613 3072 734 3134; x_wconf 83' lang='lat' dir='ltr'><strong>debitas</strong></span> <span class='ocrx_word' id='word_1_181' title='bbox 748 3090 806 3151; x_wconf 93' lang='lat' dir='ltr'><strong>pro</strong></span> <span class='ocrx_word' id='word_1_182' title='bbox 821 3069 956 3150; x_wconf 85' lang='lat' dir='ltr'><strong>acceptis</strong></span> <span class='ocrx_word' id='word_1_183' title='bbox 970 3064 1131 3129; x_wconf 75' lang='lat' dir='ltr'><strong>beneficiis</strong></span> <span class='ocrx_word' id='word_1_184' title='bbox 1143 3083 1217 3146; x_wconf 71' lang='lat' dir='ltr'><strong>pra·</strong></span> 
     </span>
     <span class='ocr_line' id='line_1_26' title="bbox 191 3174 1217 3271; baseline -0.01 -25"><span class='ocrx_word' id='word_1_185' title='bbox 191 3186 254 3248; x_wconf 79' lang='lat' dir='ltr'><strong>ciac</strong></span> <span class='ocrx_word' id='word_1_186' title='bbox 276 3205 388 3268; x_wconf 74' lang='lat' dir='ltr'><strong>agens,</strong></span> <span class='ocrx_word' id='word_1_187' title='bbox 415 3183 567 3266; x_wconf 90' lang='lat' dir='ltr'><strong>quidquid</strong></span> <span class='ocrx_word' id='word_1_188' title='bbox 587 3182 744 3245; x_wconf 90' lang='lat' dir='ltr'><strong>bonorum</strong></span> <span class='ocrx_word' id='word_1_189' title='bbox 765 3181 863 3243; x_wconf 86' lang='lat' dir='ltr'><strong>sensit</strong></span> <span class='ocrx_word' id='word_1_190' title='bbox 885 3180 917 3242; x_wconf 93' lang='lat' dir='ltr'><strong>in</strong></span> <span class='ocrx_word' id='word_1_191' title='bbox 939 3197 973 3241; x_wconf 88' lang='lat' dir='ltr'><strong>se</strong></span> <span class='ocrx_word' id='word_1_192' title='bbox 994 3178 1102 3240; x_wconf 93' lang='lat' dir='ltr'><strong>diuino</strong></span> <span class='ocrx_word' id='word_1_193' title='bbox 1120 3174 1217 3271; x_wconf 78' lang='lat' dir='ltr'><strong>cultui</strong></span> 
     </span>
     <span class='ocr_line' id='line_1_27' title="bbox 191 3299 388 3380; baseline 0.005 -22"><span class='ocrx_word' id='word_1_194' title='bbox 191 3299 388 3380; x_wconf 83' lang='lat' dir='ltr'><strong>mancipauit.</strong></span> 
     </span>
    </p>
   </div>
   <div class='ocr_carea' id='block_1_5' title="bbox 191 3508 1224 4288">
    <p class='ocr_par' dir='ltr' id='par_1_5' title="bbox 191 3508 1224 4288">
     <span class='ocr_line' id='line_1_28' title="bbox 276 3508 1219 3602; baseline -0.007 -21"><span class='ocrx_word' id='word_1_195' title='bbox 276 3516 321 3602; x_wconf 79' lang='lat' dir='ltr'><strong>(l)</strong></span> <span class='ocrx_word' id='word_1_196' title='bbox 341 3520 464 3585; x_wconf 82' lang='lat' dir='ltr'><strong>Interea</strong></span> <span class='ocrx_word' id='word_1_197' title='bbox 479 3519 559 3582; x_wconf 88' lang='lat' dir='ltr'><strong>mira</strong></span> <span class='ocrx_word' id='word_1_198' title='bbox 573 3513 955 3598; x_wconf 83' lang='lat' dir='ltr'><strong>creatorisprouidencia,</strong></span> <span class='ocrx_word' id='word_1_199' title='bbox 972 3530 1013 3574; x_wconf 91' lang='lat' dir='ltr'><strong>ne</strong></span> <span class='ocrx_word' id='word_1_200' title='bbox 1027 3517 1148 3575; x_wconf 87' lang='lat' dir='ltr'><strong>tantum</strong></span> <span class='ocrx_word' id='word_1_201' title='bbox 1161 3508 1219 3574; x_wconf 84' lang='lat' dir='ltr'><strong>de·</strong></span> 
     </span>
     <span class='ocr_line' id='line_1_29' title="bbox 193 3620 1219 3706; baseline -0.011 -11"><span class='ocrx_word' id='word_1_202' title='bbox 193 3653 249 3696; x_wconf 81' lang='lat' dir='ltr'><strong>cue</strong></span> <span class='ocrx_word' id='word_1_203' title='bbox 271 3633 425 3694; x_wconf 88' lang='lat' dir='ltr'><strong>occultum</strong></span> <span class='ocrx_word' id='word_1_204' title='bbox 446 3632 575 3704; x_wconf 87' lang='lat' dir='ltr'><strong>lateret,</strong></span> <span class='ocrx_word' id='word_1_205' title='bbox 604 3636 752 3704; x_wconf 83' lang='lat' dir='ltr'><strong>natanta</strong></span> <span class='ocrx_word' id='word_1_206' title='bbox 773 3625 873 3687; x_wconf 76' lang='lat' dir='ltr'><strong>uirtus</strong></span> <span class='ocrx_word' id='word_1_207' title='bbox 894 3623 1073 3706; x_wconf 82' lang='lat' dir='ltr'><strong>quiesceret</strong></span> <span class='ocrx_word' id='word_1_208' title='bbox 1094 3620 1219 3696; x_wconf 73' lang='lat' dir='ltr'><strong>ocima,</strong></span> 
     </span>
     <span class='ocr_line' id='line_1_30' title="bbox 192 3733 1220 3827; baseline -0.012 -20"><span class='ocrx_word' id='word_1_209' title='bbox 192 3745 356 3827; x_wconf 89' lang='lat' dir='ltr'><strong>presertim</strong></span> <span class='ocrx_word' id='word_1_210' title='bbox 371 3743 529 3826; x_wconf 75' lang='lat' dir='ltr'><strong>ngaricis</strong></span> <span class='ocrx_word' id='word_1_211' title='bbox 549 3742 710 3826; x_wconf 81' lang='lat' dir='ltr'><strong>gentibue,</strong></span> <span class='ocrx_word' id='word_1_212' title='bbox 736 3744 844 3821; x_wconf 88' lang='lat' dir='ltr'><strong>utpote</strong></span> <span class='ocrx_word' id='word_1_213' title='bbox 866 3735 998 3799; x_wconf 81' lang='lat' dir='ltr'><strong>nouiciia</strong></span> <span class='ocrx_word' id='word_1_214' title='bbox 1019 3733 1122 3798; x_wconf 86' lang='lat' dir='ltr'><strong>adbuc</strong></span> <span class='ocrx_word' id='word_1_215' title='bbox 1143 3751 1220 3820; x_wconf 83' lang='lat' dir='ltr'><strong>pro·</strong></span> 
     </span>
     <span class='ocr_line' id='line_1_31' title="bbox 191 3847 1220 3938; baseline -0.011 -20"><span class='ocrx_word' id='word_1_216' title='bbox 191 3857 267 3919; x_wconf 91' lang='lat' dir='ltr'><strong>uido</strong></span> <span class='ocrx_word' id='word_1_217' title='bbox 288 3864 412 3920; x_wconf 89' lang='lat' dir='ltr'><strong>rectore</strong></span> <span class='ocrx_word' id='word_1_218' title='bbox 436 3855 604 3938; x_wconf 90' lang='lat' dir='ltr'><strong>plurimum</strong></span> <span class='ocrx_word' id='word_1_219' title='bbox 623 3850 853 3935; x_wconf 79' lang='lat' dir='ltr'><strong>indigentibus,</strong></span> <span class='ocrx_word' id='word_1_220' title='bbox 881 3849 992 3912; x_wconf 88' lang='lat' dir='ltr'><strong>aderat</strong></span> <span class='ocrx_word' id='word_1_221' title='bbox 1012 3847 1075 3910; x_wconf 87' lang='lat' dir='ltr'><strong>iam</strong></span> <span class='ocrx_word' id='word_1_222' title='bbox 1094 3853 1220 3927; x_wconf 73' lang='lat' dir='ltr'><strong>tempu</strong></span> 
     </span>
     <span class='ocr_line' id='line_1_32' title="bbox 193 3956 1222 4056; baseline -0.011 -26"><span class='ocrx_word' id='word_1_223' title='bbox 193 3975 402 4047; x_wconf 93' lang='lat' dir='ltr'><strong>oportunum,</strong></span> <span class='ocrx_word' id='word_1_224' title='bbox 422 3987 486 4049; x_wconf 89' lang='lat' dir='ltr'><strong>quo</strong></span> <span class='ocrx_word' id='word_1_225' title='bbox 500 3965 712 4056; x_wconf 29' lang='lat' dir='ltr'><strong>scilicet&#39;deus</strong></span> <span class='ocrx_word' id='word_1_226' title='bbox 733 3961 868 4026; x_wconf 89' lang='lat' dir='ltr'><strong>electum</strong></span> <span class='ocrx_word' id='word_1_227' title='bbox 888 3978 979 4023; x_wconf 81' lang='lat' dir='ltr'><strong>suum</strong></span> <span class='ocrx_word' id='word_1_228' title='bbox 997 3956 1222 4027; x_wconf 72' lang='lat' dir='ltr'><strong>declararet-et</strong></span> 
     </span>
     <span class='ocr_line' id='line_1_33' title="bbox 192 4063 1224 4162; baseline -0.011 -21"><span class='ocrx_word' id='word_1_229' title='bbox 192 4078 344 4162; x_wconf 90' lang='lat' dir='ltr'><strong>populum</strong></span> <span class='ocrx_word' id='word_1_230' title='bbox 366 4098 459 4144; x_wconf 82' lang='lat' dir='ltr'><strong>auum</strong></span> <span class='ocrx_word' id='word_1_231' title='bbox 473 4076 542 4141; x_wconf 80' lang='lat' dir='ltr'><strong>talio</strong></span> <span class='ocrx_word' id='word_1_232' title='bbox 557 4075 681 4158; x_wconf 87' lang='lat' dir='ltr'><strong>patroni</strong></span> <span class='ocrx_word' id='word_1_233' title='bbox 694 4075 811 4140; x_wconf 88' lang='lat' dir='ltr'><strong>uirtute</strong></span> <span class='ocrx_word' id='word_1_234' title='bbox 825 4077 1008 4157; x_wconf 70' lang='lat' dir='ltr'><strong>protegeret</strong></span> <span class='ocrx_word' id='word_1_235' title='bbox 1021 4076 1054 4134; x_wconf 88' lang='lat' dir='ltr'><strong>et</strong></span> <span class='ocrx_word' id='word_1_236' title='bbox 1068 4063 1224 4147; x_wconf 65' lang='lat' dir='ltr'><strong>exempto</strong></span> 
     </span>
     <span class='ocr_line' id='line_1_34' title="bbox 194 4174 1221 4288; baseline -0.009 -29"><span class='ocrx_word' id='word_1_237' title='bbox 194 4193 355 4288; x_wconf 56' lang='lat' dir='ltr'><strong>erudiret,¹</strong></span> <span class='ocrx_word' id='word_1_238' title='bbox 373 4191 492 4257; x_wconf 81' lang='lat' dir='ltr'><strong>elector</strong></span> <span class='ocrx_word' id='word_1_239' title='bbox 504 4189 611 4276; x_wconf 78' lang='lat' dir='ltr'><strong>itaque</strong></span> <span class='ocrx_word' id='word_1_240' title='bbox 626 4187 777 4254; x_wconf 75' lang='lat' dir='ltr'><strong>diuiobm</strong></span> <span class='ocrx_word' id='word_1_241' title='bbox 788 4186 936 4272; x_wconf 79' lang='lat' dir='ltr'><strong>princepe</strong></span> <span class='ocrx_word' id='word_1_242' title='bbox 955 4189 988 4249; x_wconf 85' lang='lat' dir='ltr'><strong>et</strong></span> <span class='ocrx_word' id='word_1_243' title='bbox 1006 4180 1095 4268; x_wconf 70' lang='lat' dir='ltr'><strong>print</strong></span> <span class='ocrx_word' id='word_1_244' title='bbox 1115 4174 1221 4251; x_wconf 61' lang='lat' dir='ltr'><strong>effide</strong></span> 
     </span>
    </p>
   </div>
   <div class='ocr_carea' id='block_1_6' title="bbox 0 0 1416 4764">
    <p class='ocr_par' dir='ltr' id='par_1_6' title="bbox 0 0 1416 4764">
     <span class='ocr_line' id='line_1_35' title="bbox 0 0 1416 4764; baseline 0 0"><span class='ocrx_word' id='word_1_245' title='bbox 0 0 1416 4764; x_wconf 95' lang='lat' dir='ltr'><strong> </strong></span> 
     </span>
    </p>
   </div>
  </div>
 </body>
</html>
