2798 4764
363 392 399 439 rr.
417 392 546 439 rocam
566 392 690 440 mma
708 389 896 441 marmana
919 373 997 462 itala
1131 374 1196 446 m

163 551 349 635 episcopus,
371 546 425 630 qui
439 546 523 610 anxii
537 543 764 621 formidabant,
785 567 845 610 nec
860 547 952 611 minis·
967 568 1070 632 nequo
1085 546 1193 619 adubl

163 660 306 727 clunibus
322 678 359 722 ac
374 657 615 733 municionibus,
628 658 691 721 lam
707 659 746 723 ad
763 679 899 742 pugnam
913 668 1058 742 poterant
1070 663 1194 747 aliquot

163 772 339 844 destinare,
359 769 399 832 ab
423 789 537 832 aurora
558 789 661 858 usque
682 772 721 833 ad
743 771 906 834 meridiem
928 773 960 835 in
981 773 1034 836 tali
1049 773 1193 857 angustia

163 886 343 949 existentes.

243 996 385 1058 Tandem
406 1009 478 1058 cum
499 994 561 1056 lam
583 992 720 1059 delicere
739 997 931 1072 uiderentur,
963 999 1026 1062 dux
1048 992 1193 1066 Culoma·

162 1123 232 1183 noa,
252 1105 458 1189 interregis,
478 1124 548 1168 cum
562 1106 637 1180 suls,
658 1125 738 1189 quus
753 1108 785 1170 in
800 1116 885 1171 tanta
904 1129 1052 1192 pressura
1073 1111 1192 1177 habero

161 1216 276 1302 putuit,
307 1218 487 1280 condictum
512 1217 729 1292 durissimum,
762 1238 800 1282 ex
826 1239 889 1282 una
914 1230 1003 1303 parte
1033 1224 1192 1288 exercitus

161 1331 272 1394 babuit
298 1346 369 1391 curn
395 1330 532 1403 eisdem,
562 1349 667 1412 pugne
695 1350 752 1413 par
779 1350 929 1415 magnum
958 1334 1098 1416 spacium
1128 1335 1192 1401 dial

161 1441 346 1505 insistendo.
380 1449 411 1503 et
433 1440 507 1502 dum
532 1440 676 1504 crederet
703 1458 738 1504 ae
766 1460 825 1524 pur
847 1444 1006 1507 residuam
1033 1446 1192 1511 exercitat

161 1561 284 1636 partem
306 1550 464 1624 adiuuari,
486 1551 635 1634 deceptos
657 1558 715 1616 est
740 1563 815 1615 nam
835 1566 906 1616 cum
927 1568 967 1618 ox
988 1555 1087 1619 altura
1101 1563 1192 1638 parta

162 1662 202 1727 ud
217 1675 353 1746 pugnam
369 1662 492 1746 plurimi
507 1663 553 1725 irc
568 1663 783 1737 crederentur,
809 1664 848 1726 ad
863 1670 1001 1747 pugnam
1015 1685 1080 1728 nun
1094 1666 1191 1742 ibant,

161 1774 218 1838 aed
233 1774 370 1836 Tartaris
390 1774 472 1837 ultro
495 1793 606 1855 parum
628 1760 885 1849 sedcedentibns,
906 1774 966 1838 illis
986 1793 1045 1859 per
1062 1777 1110 1840 su'i
1124 1792 1191 1841 maa

162 1887 248 1950 dium
270 1887 353 1948 uiam
376 1886 495 1970 absque
516 1885 642 1969 aliquali
663 1885 848 1968 sagittarum
872 1887 1040 1950 emissione
1064 1886 1189 1954 dabant.

162 2013 259 2082 quare
274 1998 416 2082 Hungarl
434 1998 540 2081 plures
561 2006 592 2060 et
612 1997 717 2080 plures
737 1997 791 2061 tali
807 1999 857 2061 uia
871 1998 975 2081 potiti,
996 2001 1035 2062 ab
1051 2002 1191 2067 exercita

162 2128 196 2173 sa
208 2105 443 2173 subtrahebant.
474 2117 505 2171 ct
522 2119 641 2192 quantu
656 2109 761 2192 plures
780 2110 968 2184 transibant,
989 2118 1076 2173 tantu
1096 2109 1190 2178 latiur

161 2220 214 2283 nia
227 2241 285 2302 per
295 2221 442 2282 Tartarus
456 2218 515 2280 illis
530 2218 673 2293 dabatur,
688 2228 719 2282 et
733 2219 765 2281 in
779 2227 867 2282 tauto
881 2220 1027 2282 condictu
1041 2240 1106 2284 nun
1121 2225 1191 2288 erat

161 2352 268 2396 rumor
283 2330 334 2394 uel
355 2332 488 2394 uerbum
510 2331 637 2413 aliquod
659 2332 742 2394 inter
761 2349 826 2394 eus.
855 2340 972 2394 etcum
993 2351 1050 2394 rex
1064 2332 1133 2396 illus
1148 2334 1189 2397 ad

162 2443 339 2510 condictum
355 2445 401 2506 ire
416 2445 569 2518 crederet,
582 2442 642 2527 ipsi
658 2445 785 2508 exibant
798 2441 838 2506 ad
853 2443 960 2526 fugam
974 2443 1083 2526 pocius
1095 2465 1188 2530 quam

162 2558 202 2620 ad
226 2573 375 2640 pugnam.
412 2556 532 2619 Tartari
560 2573 639 2618 uero
665 2563 865 2638 expectantes
890 2555 974 2639 regis
1000 2529 1190 2634 exercitum,

161 2667 340 2733 mullatenus
362 2687 396 2730 so
418 2668 599 2730 mouebant.
631 2677 755 2732 etcum
778 2667 841 2730 iam
863 2668 903 2731 do
924 2666 1028 2732 multia
1047 2671 1190 2752 partibus

162 2778 313 2843 exercitui
330 2779 417 2862 regio
433 2779 536 2843 exitus
550 2786 690 2862 pateret,
712 2798 767 2842 rex
781 2779 895 2841 abillis
909 2780 1097 2865 incognitus,
1118 2800 1190 2846 cum

163 2892 269 2974 paucis
290 2891 374 2954 uiam
394 2891 505 2954 babuit
523 2911 636 2954 uorsus
651 2889 772 2956 siluam.
803 2892 867 2955 dux
880 2900 985 2956 autem
1001 2892 1190 2958 Culomanm

162 3003 277 3067 direxit
290 3023 348 3086 per
361 3001 454 3066 aliam
467 3011 590 3086 partem
605 3005 762 3067 exercitus
776 3024 868 3068 suum
882 3005 950 3078 iter,
966 3004 1017 3068 die
1031 3006 1190 3089 noctuqua'

161 3117 194 3179 in
214 3117 304 3200 equis
324 3115 484 3198 plurimis,
506 3135 607 3200 osque
628 3115 802 3180 addictam
822 3116 936 3190 Pestb,
955 3136 1021 3179 nun
1036 3136 1093 3199 per
1105 3119 1190 3179 uiam

162 3227 337 3310 publicam,
358 3247 415 3310 per
428 3247 522 3312 qoam
538 3228 715 3311 Hungarica
735 3227 827 3290 naciu
848 3226 1039 3304 lubricabat,
1061 3228 1118 3290 sed
1132 3229 1190 3308 por

161 3339 306 3414 deuiam,
327 3337 435 3403 laxatis
451 3357 604 3423 equorum
620 3339 768 3412 habenis,
789 3339 829 3401 ad
843 3339 972 3401 Portum
990 3335 1124 3399 Danubii
1143 3335 1190 3400 io·

160 3451 304 3513 stinabat.
331 3458 362 3514 ot
376 3469 554 3534 quanquam
576 3450 818 3532 eburgensibus
834 3455 1009 3531 rogaretur,
1037 3454 1072 3509 ot
1084 3464 1191 3510 moro*

161 3562 221 3626 lam
244 3563 364 3642 faceret
383 3582 549 3647 quousque
572 3559 684 3625 saltem
705 3568 891 3644 pararentur
904 3577 1002 3622 naues
1023 3560 1064 3622 ad
1078 3560 1191 3624 transi·

161 3683 226 3737 tum
243 3674 441 3738 dominarum
455 3694 588 3739 uxorum
603 3673 744 3748 illorum,
765 3673 866 3735 teneri
880 3680 985 3736 tamen
999 3690 1064 3735 noo
1078 3673 1192 3756 putuit,

159 3806 220 3851 nec
238 3789 279 3850 ad
299 3788 331 3851 id
351 3785 472 3862 induci,
494 3787 617 3850 dicebat
631 3787 730 3862 enim,
752 3786 839 3869 quod
854 3786 894 3848 da
907 3804 943 3848 so
957 3784 1087 3868 quilibet
1102 3787 1189 3870 cogis

160 3906 251 3964 taret.
279 3901 451 3964 aduentum
465 3901 549 3965 enim
563 3898 825 3983 persequcncimn
839 3903 994 3974 metucns,
1014 3899 1101 3963 solus
1115 3914 1192 3962 coa*

159 4012 263 4076 tactim
285 4011 447 4088 transiuit,
468 4021 500 4077 ct
519 4011 599 4096 fugit
612 4012 644 4075 in
658 4009 838 4096 simigium,
858 4010 900 4075 ad
914 4011 1073 4096 quendam
1085 4010 1192 4074 locon

159 4122 213 4208 qni
228 4123 343 4188 dicitur
355 4125 493 4210 Fugasd.
527 4133 559 4191 et
571 4123 646 4188 licet
658 4124 836 4207 burgenses
850 4123 891 4188 da
903 4122 1001 4187 Pestb
1014 4138 1086 4186 cum
1100 4117 1192 4183 landa

157 4234 202 4302 lla
219 4236 263 4302 ad
282 4235 448 4304 trmsitum
467 4235 672 4315 hawart,
695 4233 786 4323 prius
809 4244 917 4307 ona·
935 4233 1191 4318 comedumt
