2798 4764
426 326 451 373 s.
465 327 609 374 nrorsnrr
629 327 718 374 neers
740 327 907 374 nscrsruu
927 327 974 374 ur.
1153 307 1215 375 ott

185 502 263 546 uero
286 481 312 544 si
333 481 441 544 itidem
463 481 575 544 iecisse
598 482 798 564 probabitur,
827 482 1055 565 quinquaginta
1075 482 1214 566 quinquo

185 614 300 677 pensas
315 592 483 675 persoluat.
509 594 601 656 simili
620 595 713 656 modo
728 595 889 668 iubemus,
910 595 1011 676 utqui
1026 595 1215 676 usucapcio·

185 727 242 769 nes
267 706 425 769 tenuerint
452 726 470 768 a
496 714 636 788 tempore
661 707 744 788 regis
768 705 862 780 Belo,
901 727 1001 790 usque
1031 707 1070 769 ad
1099 706 1219 791 testum,

184 838 209 880 s.
224 818 374 900 Stephani
390 818 553 880 dimittant.

266 927 333 1010 (Ἠ)
356 931 400 991 Dc
417 933 462 992 iric
483 933 533 1010 qui
550 933 692 1010 recipiunt
706 950 821 992 seruum
835 934 880 993 uel
893 934 973 993 lixas
987 933 1118 992 ulterius.
1162 930 1213 993 ln·

184 1042 366 1105 terdicimus
391 1043 490 1104 eciam
517 1051 550 1108 nt
571 1041 674 1104 nullus
699 1044 832 1124 recipiat
855 1064 982 1106 seruum
1008 1043 1135 1107 alterius
1160 1041 1213 1106 uel

184 1153 270 1217 lixas.
298 1156 324 1216 si
340 1155 495 1236 quispiam
519 1163 623 1217 autem
645 1156 817 1238 receperit,
839 1158 864 1217 si
881 1176 987 1218 comes
1002 1155 1113 1230 suerit,
1134 1155 1214 1218 sciat

184 1288 217 1330 se
234 1267 399 1349 dupliciter
409 1288 478 1328 oum
492 1267 717 1349 quinquaginta
729 1269 869 1350 quinque
883 1268 990 1349 peusis
1004 1267 1213 1343 redditurum,

184 1378 210 1440 si
229 1378 379 1450 minister,
402 1378 567 1459 dupliciter
582 1398 654 1439 cnm
673 1378 785 1459 uiginti
806 1379 944 1462 quinque
968 1378 1083 1460 pensis,
1103 1378 1130 1439 si
1144 1376 1212 1459 ple·

183 1490 283 1562 belus,
294 1489 459 1570 dupliciter
474 1510 545 1552 curn
559 1489 700 1571 quinquo
716 1492 830 1572 pensis.
857 1491 943 1574 quod
958 1491 984 1553 si
998 1499 1145 1571 receptus
1159 1487 1212 1553 uel

182 1620 240 1682 pro
255 1599 338 1662 sur-to
355 1599 405 1662 uel
426 1599 530 1683 aliquo
545 1601 675 1663 crimine
696 1601 836 1676 latuerit,
859 1611 889 1665 ct
907 1610 1052 1684 receptor
1067 1602 1210 1667 conscius

182 1720 287 1775 reatus
302 1711 384 1773 illius
399 1713 511 1785 luerit,
534 1720 566 1776 et
579 1715 743 1796 negauerit
758 1733 791 1777 se
806 1714 905 1777 fuisse
920 1715 1095 1789 conscium,
1115 1715 1142 1778 si
1157 1734 1212 1778 co·

182 1845 249 1886 mes
274 1833 338 1898 est,
369 1824 544 1886 iuramento
570 1846 604 1887 se
625 1835 751 1908 purget,
783 1836 814 1889 et
835 1828 964 1908 insuper
985 1827 1212 1910 quinquaginta

182 1938 320 2019 quinque
346 1957 458 2019 pensas
483 1938 653 2020 persoluat.
687 1940 713 2001 si
737 1960 813 2002 uero
837 1938 989 2021 plebeius,
1011 1940 1104 2002 simili
1125 1940 1211 2004 iuru-

181 2056 288 2110 mento
312 2057 473 2130 purgetur,
495 2058 525 2112 et
546 2051 686 2132 quinquo
708 2071 823 2132 pensas
843 2059 1021 2132 componat.
1047 2050 1119 2114 etsi
1134 2051 1210 2132 quid

182 2171 291 2223 contra
307 2181 379 2222 eum
394 2160 472 2224 latro
487 2161 746 2243 proclamanerit,
769 2163 962 2224 exaudiatur.

263 2271 330 2355 (23)
352 2275 396 2335 Dc
409 2276 503 2337 iudice
517 2286 608 2336 erecto
622 2285 647 2336 et
660 2276 823 2336 constituto.
863 2274 895 2336 Si
910 2274 980 2356 quis
994 2274 1133 2337 iudicum
1145 2293 1211 2337 non

183 2384 330 2448 diffininit
350 2385 498 2468 litigium,
521 2393 690 2467 antequam
712 2386 779 2447 eius
802 2393 942 2467 potestas
964 2386 1135 2460 auferatur,
1155 2407 1212 2450 uo·

182 2498 247 2560 nial
266 2498 305 2560 ad
326 2498 461 2561 iudicem
482 2498 698 2570 constitutum,
719 2505 751 2559 et
765 2496 844 2560 sicut
859 2496 998 2560 iudicare
1014 2498 1212 2580 disposuerat

183 2631 253 2672 cum
268 2630 306 2673 eo
322 2611 487 2684 discernat,
502 2620 534 2677 et
548 2610 660 2672 exinde
676 2608 806 2691 recipiat
824 2630 940 2674 nonam
957 2619 1077 2694 partem
1092 2610 1209 2687 iudicii,

183 2722 281 2784 iudex
293 2742 370 2786 nero
386 2723 549 2784 decimam.

269 2832 337 2915 (li)
360 2835 404 2896 Dc
415 2838 500 2915 saltis
514 2837 667 2899 iudicibus.
690 2835 721 2898 Si
736 2837 789 2918 qui
805 2836 874 2898 salsi
898 2836 1017 2900 iudices
1039 2837 1070 2900 in
1089 2836 1212 2902 occulto

184 2945 323 3008 iudicare
335 2946 452 3029 aliquid
460 2955 737 3028 cognoscerentur,
750 2949 1070 3029 presententuriudici
1082 2950 1114 3010 in
1124 2948 1213 3012 ouius

184 3059 318 3119 termino
334 3059 450 3140 reperti
465 3059 590 3134 suerint,
601 3060 812 3143 inquisitaque
827 3062 866 3124 ab
882 3062 927 3125 eis
939 3061 1096 3123 commissi
1108 3079 1214 3134 causa,

185 3171 270 3251 quod
292 3171 532 3235 diiudicauerint
549 3173 677 3254 duplum
699 3173 850 3248 reddant,
870 3175 992 3257 ipsique
1009 3174 1118 3235 decem
1134 3191 1213 3253 pen·

185 3302 235 3344 sas
252 3282 443 3363 persoluant.

268 3392 332 3476 (25)
359 3396 403 3457 De
418 3397 510 3456 iudice
523 3398 650 3474 litigium
664 3398 820 3476 differente.
866 3396 896 3457 Si
912 3396 981 3478 quis
997 3394 1135 3456 iudicum
1151 3392 1214 3455 dis-

185 3505 290 3570 tulerit
302 3509 400 3592 litigia
414 3509 495 3569 ultra
510 3509 635 3589 triginta
651 3509 728 3582 dies,
748 3508 926 3590 uapuletur.

267 3618 331 3702 (26)
357 3623 401 3683 De
415 3623 557 3683 iudicibus
570 3624 696 3702 sigillum
712 3623 897 3684 mittentibus.
943 3619 1044 3683 Possit
1059 3619 1153 3684 iudex
1172 3620 1215 3684 si·

185 3730 291 3812 gilium
315 3754 405 3795 suum
428 3734 551 3796 mittere
574 3754 669 3817 super
684 3753 907 3817 quoscunque,
932 3733 1071 3815 exceptis
1093 3733 1214 3815 presbi-

184 3843 259 3905 teris
275 3853 307 3907 et
321 3843 452 3920 clericis,
477 3865 614 3909 necnon
630 3847 803 3910 comitibus.

266 3957 291 4018 si
308 3957 377 4038 quis
393 3967 496 4021 autem
510 3959 646 4022 iudicem
661 3960 775 4021 iniusto
790 3957 947 4022 iudicasse
961 3958 1213 4041 proclamauerit,

183 4072 214 4130 et
228 4087 291 4130 non
307 4070 500 4151 probauerit,
525 4072 664 4155 quinque
687 4090 802 4152 pensas
825 4072 947 4153 perdat.
978 4072 1005 4134 si
1024 4089 1103 4134 uero
1118 4070 1214 4133 iudex

183 4182 345 4246 conuictus
367 4181 475 4261 suerit,
495 4185 667 4250 iudicatum
687 4184 720 4246 in
740 4183 836 4268 duplo
852 4183 1014 4259 restituat,
1038 4190 1071 4246 et
1084 4183 1213 4264 insuper
