2798 4764
214 335 277 400 tos
382 348 410 397 s.
423 347 579 396 smum
598 344 689 393 asom
710 346 856 394 usuros
875 347 975 395 utros
995 326 1073 415 (to).

216 499 508 588 comprehensibilis
527 499 670 575 bonitas,
690 499 800 582 quanti
821 507 906 566 esset
921 500 1005 583 apud
1020 500 1115 563 deum
1135 503 1253 583 premii

216 615 377 690 rouelsre,
398 612 485 676 dedit
498 610 542 674 illi
556 609 688 694 gloriam
702 612 735 675 in
750 619 922 694 conspectu
936 611 1112 688 bominum,
1134 612 1251 676 clares-

217 734 309 793 cente
323 724 546 789 miraculorum
559 722 742 807 frequencia
758 730 790 786 et
803 722 886 787 sicot
899 722 994 787 laude
1008 731 1040 786 et
1054 725 1177 790 cantico
1191 725 1251 790 sibi

216 839 252 903 in
272 837 348 902 celis
368 835 548 911 assistebat,
577 833 620 898 ita
641 854 713 898 eum
735 834 828 898 laude
850 843 882 898 et
902 835 1024 899 cantico
1047 855 1104 899 sue
1118 836 1253 901 ecclesie
1344 838 1350 847 '

219 949 315 1033 digne
336 947 583 1029 memoriterque
603 946 637 1008 iu
658 946 750 1009 terris
772 946 944 1010 decorauit.
972 966 1046 1010 nam
1069 947 1150 1012 sicut
1164 949 1255 1012 iubar

218 1061 295 1127 noui
316 1058 443 1123 luminis
466 1058 614 1122 sanctitas
636 1057 705 1121 eius
727 1057 760 1119 in
775 1076 902 1120 omnem
924 1057 1009 1121 circa
1023 1059 1189 1141 regionem
1203 1080 1255 1124 re-

221 1171 397 1258 splenduit,
419 1180 451 1234 et
465 1177 626 1252 tamquam
639 1170 778 1233 suauitas
793 1168 944 1232 odoriferi
958 1170 1114 1252 unguenti·
1122 1170 1256 1235 audieu-

221 1284 305 1349 oium
319 1281 417 1348 corda
430 1280 573 1366 repleuit
603 1281 784 1364 presidente
806 1280 839 1342 in
857 1280 946 1362 regni
968 1279 1049 1343 solio
1068 1279 1255 1347 Ladisclauo

221 1395 274 1481 pie
288 1393 440 1459 memorio
460 1413 536 1476 rege
544 1438 554 1470 ‚
579 1382 719 1474 episcopi
735 1400 768 1456 et
780 1391 922 1466 abbates,
941 1399 975 1453 et
988 1392 1043 1474 qui
1056 1400 1208 1475 preerant
1221 1392 1256 1485 ip

222 1505 376 1588 repirmm
389 1512 496 1569 ennete
510 1503 644 1568 ecclesie
658 1502 945 1566 animaduertentes
960 1503 1156 1567 sanctitatem
1176 1505 1256 1580 eius,

141 1660 144 1665 -
224 1616 323 1700 signis
336 1616 520 1680 testantibus
534 1614 691 1678 communi
705 1615 833 1677 decreto
848 1613 985 1677 triduani
1004 1614 1113 1677 ieiunii
1133 1615 1257 1678 indixe-

224 1733 299 1795 runt
311 1727 531 1801 afflictionem,
551 1726 674 1809 ipsique
689 1726 887 1789 oracionibus
903 1733 1070 1800 uacuatos,
1098 1726 1257 1791 uisitscio·

224 1857 299 1903 nem
322 1856 459 1920 superne
484 1834 657 1901 clemencie
683 1837 716 1900 in
741 1834 866 1920 plebem
890 1837 1110 1920 expectabant
1145 1846 1257 1920 postea

225 1948 324 2015 corda
337 1948 483 2013 tollentes
496 1948 538 2012 sd
552 1948 644 2013 deum
657 1966 825 2032 ymnorum
839 1947 971 2012 uocibus
992 1955 1205 2011 resonuerunt
1224 1946 1259 2012 in

226 2060 426 2127 consessione
443 2060 493 2125 sui
510 2060 663 2135 nominis,
691 2060 800 2143 sieque
821 2065 979 2122 uenerunt
1000 2059 1040 2123 ad
1061 2058 1182 2134 iocum,
1203 2060 1258 2125 ubi

225 2172 457 2239 sanctissimum
479 2191 592 2255 corpus
613 2170 826 2235 claudebatur.
862 2189 957 2253 quem
976 2168 1138 2235 soluentes
1161 2189 1259 2255 appe·

227 2290 371 2358 ruerunt,
384 2289 533 2367 tantaque
545 2282 654 2346 odoris
668 2282 794 2346 diffusio
808 2281 959 2356 ascendit,
970 2289 1088 2363 quanta
1099 2301 1259 2366 nunqnam

228 2380 500 2465 circumstantibus
515 2394 670 2479 apparuit,
692 2413 729 2457 ac
743 2394 883 2458 omnium
897 2394 952 2478 qni
967 2391 1042 2456 illuc
1056 2401 1260 2460 occurrerant
1307 2474 1314 2484 ι

228 2508 371 2575 membra
379 2507 600 2592 iungendarum
612 2516 720 2573 curata
733 2513 815 2572 suot
837 2506 905 2570 ceci
919 2505 1044 2582 lumen,
1053 2506 1157 2572 claudi
1169 2508 1260 2591 plan·

229 2626 333 2685 urum
351 2617 556 2694 soliditatem,
575 2617 694 2701 leprosi
715 2618 865 2682 mundam
885 2626 1007 2693 cutem,
1026 2617 1190 2703 paralytici
1207 2639 1260 2683 sa·

229 2727 338 2801 lutem,
352 2746 525 2812 omnesque
539 2748 727 2812 quacunque
743 2727 861 2792 doloris
875 2728 1064 2793 tenebantur
1073 2729 1259 2795 obsessione

230 2855 339 2903 arram
352 2846 546 2902 meruerunt
576 2847 736 2922 assumpto
759 2839 979 2906 inestimabilis
1001 2840 1098 2924 precii
1116 2839 1260 2925 pondere

213 2948 434 3035 ,omnipotenti
456 2948 518 3013 deo
541 2949 665 3034 gracias
685 2960 836 3034 ogerum,
856 2951 1101 3037 deserentesque
1120 2951 1154 3015 ln
1167 2950 1259 3018 tbeoa

231 3069 382 3147 argentea
396 3060 611 3146 rigomerum
