2798 4764
511 320 585 367 rurs
605 319 631 366 s.
648 319 783 367 ormam
809 298 884 387 (lb).
1151 301 1213 387 Ψ

181 475 310 541 missum
324 471 518 557 adimpleuit.
547 481 615 537 erat
629 480 734 536 autem
750 472 946 536 consuetudo
965 472 1024 536 uiri
1039 472 1155 547 sancti,
1175 479 1213 555 ut

179 584 298 650 uallum
313 605 354 649 ex
367 583 526 650 canonicis
547 584 612 647 suis
629 584 661 646 iu
675 583 750 647 uilla
765 583 902 646 dormire
917 585 1132 665 permittebat,
1154 604 1211 660 en-

180 697 279 779 ccptis
304 695 352 758 bis
371 694 425 778 qui
447 695 488 758 ad
511 695 592 757 uiam
615 695 827 758 mittebantur.
861 695 960 757 ceteri
978 696 1012 757 in
1032 715 1095 758 una
1114 696 1213 779 domo·

179 806 363 892 pausabant.
391 806 418 868 si
432 805 503 888 quis
518 814 623 868 autem
637 804 762 868 illorum
776 806 816 867 ad
831 805 998 868 matutinas
1020 826 1084 868 non
1103 806 1211 887 uenis·¹

178 927 241 993 set,
262 917 331 1001 ipsa
353 917 405 981 die
429 917 590 998 prebenda
612 917 641 978 ei
662 936 726 978 non
748 916 890 979 dabatur.
918 914 1038 977 nullum
1053 917 1154 978 eciam
1167 936 1210 980 ex

177 1030 254 1113 ipsis
274 1029 314 1091 ad
336 1029 464 1090 domum
485 1027 691 1108 suspiciosam
712 1027 912 1110 singulariter
932 1027 977 1088 ire
998 1026 1209 1109 permittebat.

178 1140 304 1204 dicebat
322 1139 407 1201 enim
420 1138 483 1211 eis,
505 1137 580 1219 quid
601 1137 732 1202 differtis
747 1157 766 1199 a
779 1137 865 1200 laicis
879 1137 906 1199 si
921 1136 994 1200 talia
1009 1137 1126 1211 facitis,
1147 1135 1209 1200 nisi

178 1251 211 1314 iu
235 1259 375 1315 tonsura.
405 1247 458 1332 qui
484 1249 517 1309 iu
542 1247 639 1310 cboro
664 1248 886 1331 superpellicia
910 1249 1086 1323 habebant,
1118 1257 1209 1313 extra

178 1361 308 1425 chorum
330 1380 408 1422 uero
423 1379 538 1440 cappas
552 1359 701 1421 rotundas
721 1359 873 1423 serebant.
901 1380 1131 1443 quemcumque
1150 1379 1228 1425 aun

177 1481 241 1535 tem
256 1472 396 1554 ipsorum
414 1470 444 1531 in
461 1470 590 1532 crimine
605 1470 776 1551 reperisset
790 1470 971 1545 manifeste,
992 1471 1128 1533 eundem
1143 1471 1206 1551 pri·

177 1583 271 1647 uabat
291 1581 445 1645 beneficio
467 1600 535 1643 suo.
563 1581 630 1664 ipse
650 1602 727 1645 uero
742 1591 852 1646 sancte
866 1583 1027 1666 religionis
1047 1583 1205 1658 habitum,

177 1715 272 1779 quem
293 1695 327 1758 in
343 1693 483 1777 puericia
502 1693 655 1776 suscepit,
677 1715 838 1777 nunquam
852 1696 993 1758 mutauit.
1022 1696 1135 1758 accidit
1148 1712 1211 1782 ang

177 1817 239 1873 tem
254 1827 293 1871 eo
308 1816 450 1889 temporo
464 1806 551 1889 quod
566 1805 765 1871 Chanadinus
780 1827 886 1906 comes
900 1808 1032 1871 baberet
1045 1807 1205 1891 quendam

176 1921 332 1993 uinctum,
355 1918 409 2001 qui
426 1937 485 2000 pro
506 1927 595 1981 reatu
618 1939 675 1980 suo
696 1919 735 1982 ad
754 1919 930 2000 patibulum
951 1920 1128 1982 duceretur.
1148 1917 1204 2003 qui

176 2031 317 2096 suadens
342 2048 453 2092 manus
478 2049 588 2091 eorum
612 2031 665 2112 qui
688 2031 790 2113 ipsum
811 2031 952 2094 uinctum
973 2031 1141 2105 ducebant,
1168 2029 1207 2103 in,

177 2142 401 2205 monasterium
418 2140 510 2203 beate
524 2140 653 2222 uirginis
667 2140 807 2203 insiliens
821 2141 930 2203 euasit.
958 2141 1011 2223 qui
1026 2161 1098 2203 euru
1114 2139 1203 2205 uelo·

177 2254 254 2317 citor
268 2254 515 2336 subsequentes,
537 2273 636 2334 usque
652 2253 692 2314 ad
706 2253 820 2316 ostium
837 2253 1020 2315 monasterii
1034 2259 1202 2328 uenerunt,

177 2365 385 2447 dicebantque
408 2364 452 2427 ei:
474 2363 556 2426 benc
578 2363 632 2426 tibi
655 2362 839 2444 uulpecula,
860 2381 921 2444 que
936 2362 1084 2445 laqueum
1097 2340 1210 2444 perot

177 2477 274 2540 rionis
288 2476 435 2551 suasisti,
455 2483 486 2539 et
500 2495 571 2539 cum
588 2475 668 2558 pelle
684 2493 746 2557 qua
759 2473 943 2555 spoliaberis
957 2475 989 2536 in
1009 2474 1135 2537 foueam
1154 2475 1202 2553 inf

177 2589 288 2652 troisli.
317 2608 356 2651 ex
380 2607 444 2670 quo
465 2587 565 2652 iactus
588 2595 635 2650 est
655 2586 736 2649 risus
758 2605 889 2668 magnus
911 2586 941 2648 in
962 2586 1090 2669 populo.
1118 2587 1204 2673 idem

179 2719 255 2763 uero
277 2699 400 2762 uinctu‘s
424 2700 514 2762 datus
540 2707 587 2762 est
607 2697 800 2762 monasterio
822 2717 879 2780 pro
900 2698 1060 2780 pulsatura
1082 2699 1203 2764 cunctis

179 2810 288 2876 diebus
301 2812 366 2874 uile
380 2831 448 2874 sue.
469 2811 607 2893 quodam
621 2820 725 2873 autem
741 2818 883 2892 tempora
894 2829 965 2874 cum
980 2811 1065 2875 idem
1075 2819 1203 2879 sanctus

177 2930 266 3004 pater
280 2929 365 2986 essct
377 2920 411 2982 in
424 2920 496 2984 loco
510 2939 568 2983 suo
584 2920 772 2996 cathedrali,
786 2928 819 2986 el
831 2921 962 2986 baberet
976 2942 1082 2987 aecum
1098 2923 1204 3007 capel,-

178 3033 282 3107 lauos,
304 3033 359 3117 qui
380 3033 449 3096 eius
470 3032 561 3096 lateri
580 3032 789 3107 adherebant,
812 3035 891 3098 duos
910 3034 1009 3097 eciam
1030 3035 1203 3103 monachos

178 3165 251 3208 suos
272 3144 444 3227 speciales,
465 3145 596 3207 retraxit
616 3164 650 3206 se
671 3145 711 3208 ab
730 3145 776 3208 eis
791 3153 823 3208 et
841 3146 873 3207 iu
889 3146 1032 3208 eubiculo
1046 3167 1103 3210 suo
1118 3145 1204 3213 solus

177 3257 366 3339 permansit,
391 3257 595 3338 precepitque
619 3256 673 3318 uni
699 3234 808 3320 eorum
833 3256 960 3320 dicens:
984 3266 1019 3322 ut
1041 3259 1124 3321 inira
1148 3256 1204 3321 tri·

178 3369 276 3430 duum
291 3368 410 3431 nullum
431 3367 472 3431 ad
491 3386 563 3430 eum
582 3366 697 3430 intrare
724 3369 931 3450 permitteret,
962 3389 1020 3432 nec
1044 3370 1073 3431 ei
1097 3368 1204 3433 cibum

179 3480 293 3543 alierre
308 3480 449 3545 deberet.
471 3481 641 3563 quodcum
652 3479 767 3543 iactum
778 3480 905 3554 fuisset,
926 3489 1039 3563 quarto
1049 3481 1100 3543 die
1108 3478 1205 3545 silen-

179 3600 230 3655 ter
244 3591 341 3658 exiuil
354 3601 388 3659 el
401 3592 441 3656 ad
455 3611 512 3657 sue
527 3590 687 3676 sepulture
702 3593 834 3656 ueniens
847 3591 968 3667 locum,
987 3593 1039 3656 ubi
1054 3601 1212 3679 cooperto¹

178 3704 280 3786 capite
301 3703 422 3768 diucius
442 3703 602 3784 plorauit„
616 3704 743 3767 taudem
765 3704 806 3768 ad
826 3704 996 3789 capitulum
1015 3706 1069 3773 ubi
1089 3706 1204 3775 tratres

177 3822 396 3880 conuenerunt
420 3815 523 3891 uenit,
551 3834 686 3898 cumque
710 3813 898 3892 resedisset,
926 3814 1001 3881 iecit
1025 3837 1207 3883 samonem

147 3991 153 3999 ,
176 3926 216 3990 de
231 3946 325 3992 cursu
340 3927 455 4002 seculi,
475 3934 508 3991 et
525 3927 607 3990 iuter
620 3926 681 3990 bec
703 3927 745 3990 ait
765 3928 944 3992 monacbis:
966 3929 1136 4002 scindetur,
1155 3929 1205 3993 iu·

177 4038 258 4122 quit,
279 4039 431 4122 Ungaria,
452 4046 485 4103 et
505 4039 681 4103 solueturs
700 4038 775 4124 iugo
791 4039 1044 4114 Christianitatis,
1066 4058 1215 4121 asacor·¹

175 4149 301 4218 dotibrrs
315 4171 415 4240 usque
433 4152 476 4219 ad
487 4150 604 4229 laicos,
622 4150 774 4240 laborque
791 4173 880 4220 meus
895 4153 1118 4319 oppredicaciu
1132 4166 1215 4237 mss,
