2798 4764
271 370 360 418 aare
374 370 415 416 rr.
429 370 520 416 mers
534 369 735 416 consrrrnrro
749 369 789 413 na
804 365 939 414 neom.
964 348 1056 414 taos
1118 346 1180 412 iil

150 525 367 590 ducentesimo
393 524 654 607 quinquagesimo
680 531 807 606 quarto,
836 521 927 583 nonis
949 519 1095 602 Augusti,
1123 539 1181 602 per

150 658 261 700 manus
282 635 441 698 Benedicti
465 634 693 716 archiepiscopi
713 633 950 715 strigoniensis,
981 632 1051 694 aule
1072 638 1181 696 nostro

150 746 345 820 cancellarii,
365 745 455 828 regni
473 765 552 808 uero
568 745 667 807 nostri
682 762 764 806 anno
780 744 904 807 decimo
919 763 1014 805 nono.

498 1169 614 1252 uite
633 1170 689 1254 tv.
713 1168 834 1253 lllllllS

316 1357 672 1435 CONSTITUTlO
696 1361 769 1434 lili
793 1358 1020 1437 nucleus.

591 1513 739 1576 MCCLV.

384 1683 568 1735 Etrsnsumto
587 1681 711 1734 lllodislai
730 1685 764 1735 ll.
782 1701 848 1736 enno
870 1685 940 1738 1504.

560 1839 758 1851 —-——.

236 1975 297 2036 Nos
318 1973 393 2034 Bela
412 1971 463 2034 dei
477 1973 583 2054 gracia
596 1992 653 2034 rex
667 1973 826 2055 Hungarie
848 1984 880 2039 et
894 1975 956 2038 dux
971 1977 1073 2059 Styrie
1088 1979 1184 2062 signi·

153 2086 282 2149 ficamus
298 2085 464 2157 uniuersis,
480 2085 678 2166 presencium
694 2093 912 2164 pertenorem.
926 2090 1013 2168 quod
1024 2092 1185 2154 cuminter

154 2197 392 2259 archidiaconos
414 2194 548 2258 ecclesie
568 2195 737 2256 canonicos
759 2196 798 2256 ab
811 2215 875 2257 una
889 2206 978 2277 parte
993 2205 1025 2260 et
1038 2201 1185 2262 sacerdo·

156 2320 201 2373 tes
227 2309 368 2372 eiusdem
390 2308 523 2371 diocesis
551 2327 591 2369 ex
613 2307 712 2370 altera
733 2308 907 2388 questionis
934 2310 1063 2373 materia
1088 2331 1184 2394 super

155 2438 294 2503 congrua
313 2420 462 2501 porcione
490 2419 688 2482 sacerdotum
712 2429 743 2483 et
768 2420 955 2500 quibusdam
980 2422 1048 2485 aliis
1072 2422 1185 2488 luisset

156 2534 297 2606 suborta,
326 2540 357 2595 et
377 2532 445 2613 ipsa
467 2551 562 2593 causa
584 2531 704 2593 diucius
723 2531 889 2613 protelata,
919 2535 1044 2596 tandem
1070 2536 1185 2617 placuit

155 2644 230 2727 ipsis
251 2643 481 2706 archidiaconis
503 2650 536 2705 et
556 2643 726 2714 canonicis,
748 2662 785 2705 ac
807 2645 1025 2708 sacerdotibus
1046 2656 1185 2712 nostram

99 2745 104 2753 ⁴
155 2777 252 2839 super
273 2756 321 2817 his
342 2756 577 2818 ordinacionem
597 2762 770 2835 acceptare.
792 2754 933 2836 partibus
952 2757 1058 2842 itaque
1078 2776 1185 2824 corant

156 2868 246 2930 nobis
267 2865 476 2948 personaliter
495 2866 688 2940 constitutis,
712 2865 821 2929 habito
843 2867 1049 2949 prelatorum,
1072 2872 1187 2953 princi·

156 2998 231 3062 pum
252 2986 284 3040 et
301 2977 537 3040 consiliarorum
553 2986 730 3039 nostrorum
753 2986 884 3042 tractatu
898 2980 1056 3063 diligenti,
1078 3002 1188 3045 econ·

156 3089 225 3151 silio
251 3109 286 3151 ac
311 3108 442 3151 assensu
469 3087 658 3151 uenerabilis
683 3088 801 3150 domini
827 3091 1055 3173 archiepiscopi
1083 3094 1188 3158 taliter

159 3198 392 3274 ordinauimus,
412 3200 494 3263 inter
509 3209 612 3282 partes
627 3200 711 3282 ipsas
726 3203 950 3282 acceptandum
966 3211 998 3265 et
1012 3206 1188 3286 approban-

161 3311 234 3372 dum
245 3332 252 3371 :

242 3423 299 3497 (l)
321 3423 406 3504 quod
428 3431 540 3504 quarta
559 3444 631 3505 pars
654 3433 765 3504 quarte
783 3425 881 3506 pertis
896 3424 1033 3485 omnium
1053 3425 1190 3490 decima·

163 3552 229 3594 rum
252 3533 292 3594 ad
315 3532 493 3595 sacerdotes
508 3534 679 3615 pertineat,
701 3544 765 3596 tres
779 3553 858 3595 uero
873 3542 980 3616 partes
995 3536 1035 3598 ad
1049 3544 1189 3602 rectores

160 3665 216 3708 seu
231 3645 406 3727 magistros,
418 3646 586 3708 canonicos
602 3646 748 3708 uidelicet
762 3645 894 3708 ecclesie
908 3646 1108 3711 cathedralis.

241 3759 298 3833 (ἢ)
321 3758 542 3821 Obuenciones
567 3766 671 3820 autem
697 3757 878 3820 oblaciones
904 3777 940 3818 ac
964 3761 1134 3823 mortuaria
1158 3770 1191 3827 et

161 3879 265 3934 cetera
288 3871 406 3932 minuta
426 3869 527 3932 libere
549 3888 585 3931 ac
599 3868 793 3951 integraliter
808 3869 868 3950 ipsi
887 3872 1069 3936 sacerdotes
1089 3875 1192 3955 peroi-

161 3983 260 4064 piant,
282 3983 421 4065 exceptis
435 3982 640 4064 prouentibus
656 3992 687 4045 et
705 3982 954 4046 obuencionibus
975 3984 1057 4048 illius
1072 3985 1143 4050 festi
1156 3987 1190 4052 in

162 4096 249 4159 cuius
269 4095 391 4158 honore
406 4094 539 4158 ecclesia
561 4101 609 4158 est
627 4103 822 4170 constructa,
843 4115 922 4178 quas
937 4097 1075 4181 magistri
1089 4099 1193 4181 perci-

163 4207 265 4293 piant,
287 4224 351 4269 non
370 4213 475 4269 umen
493 4226 552 4293 per
565 4205 751 4272 submissam
771 4226 939 4294 personam
955 4206 1112 4287 laicalem,
1132 4208 1192 4276 sed
