2798 4764
220 344 284 425 us
324 346 455 425 nima
473 360 621 425 m-rras
637 358 788 423 umarus
801 358 1012 423 resumam
1050 340 1146 421 last

220 546 307 606 rem,
333 530 402 613 ipss
424 526 522 593 laicus
548 548 588 596 eo
608 526 680 612 ipso
703 548 760 594 suc
781 548 892 594 caussa
916 527 1124 611 periodicium
1147 527 1251 591 faciat

222 641 299 729 qnia
310 641 456 706 uolumus
474 648 507 705 st
522 641 697 717 statuimus,
717 649 753 705 ut
771 639 875 704 nullus
889 639 1077 705 clericorum
1091 647 1164 703 aute
1179 658 1252 723 por-

220 762 331 821 sonam
356 754 496 818 trahatur
514 752 703 827 secularem,
731 772 793 817 uec
814 753 961 835 cuiquam
981 752 1152 826 laicorum,
1176 752 1252 815 dum

220 866 369 933 uidelicet
393 867 514 930 alsico
539 866 700 948 impetitur
730 865 764 928 iu
787 864 857 929 loro
882 865 1073 930 secularium
1098 864 1252 940 iudicum,

220 980 417 1063 respondere
439 986 596 1042 teneatur.

232 1090 235 1095 '
303 1087 349 1171 (ἓ)
369 1089 546 1153 sicutenim
568 1088 647 1153 ordo
668 1090 805 1153 racionis
827 1087 938 1173 exigit,
960 1097 995 1153 ut
1008 1088 1034 1152 si
1047 1089 1145 1153 laicus
1160 1087 1252 1153 oleri-

221 1220 296 1267 cnm
319 1201 361 1266 de
380 1219 571 1284 quocunque
595 1200 786 1266 conuiuuers
816 1201 967 1276 uoluerit,
993 1200 1122 1286 prelatis
1148 1203 1252 1267 ordini

221 1312 387 1377 clericatus
402 1313 577 1396 deputatis,-
596 1311 857 1396 archiepiscopis,
877 1313 1051 1396 episcopis,
1072 1311 1252 1396 prepositis,

221 1424 450 1491 archidiaconis
470 1445 528 1490 sou
542 1425 688 1499 decanis,
708 1423 759 1489 uel
773 1424 964 1509 quibuslibet
979 1422 1047 1489 aliis
1061 1425 1252 1488 ecclesiasti-

221 1536 268 1601 c'u
285 1536 442 1601 iudicibus
465 1558 522 1602 sue
544 1556 655 1603 causus
675 1545 833 1620 proponat
852 1537 982 1612 semem,
1004 1536 1146 1601 similiter
1159 1537 1252 1600 uolu-

222 1668 309 1726 ιω,
329 1659 366 1715 ut
386 1650 414 1712 si
434 1650 591 1733 quispiam
611 1647 799 1714 clericorum
822 1667 892 1712 cum
907 1648 1040 1712 seculari
1057 1648 1160 1712 iudice
1175 1668 1252 1711 cou-

222 1761 345 1835 uuuisl,
366 1771 398 1825 at
419 1762 503 1824 sicut
520 1757 700 1824 clericalem
720 1761 813 1825 decet
832 1759 1047 1834 honestatem,
1068 1760 1251 1825 hahitude·

221 1873 287 1937 bits
310 1873 469 1936 cauciouis
489 1873 721 1949 moderamine,
740 1873 791 1937 ius
804 1892 896 1937 suum
909 1873 943 1936 in
957 1872 1025 1936 loro
1039 1871 1179 1935 iudicum
1200 1893 1251 1936 se·

222 1984 378 2049 salarium
394 1993 610 2069 persequatur.
630 1984 655 2048 si
670 1985 754 2049 euim
767 2004 903 2069 persona
917 1984 1071 2049 clericalis
1085 2004 1103 2048 a
1118 1984 1198 2048 laico
1209 1986 1249 2048 ad

222 2096 345 2163 iudices
365 2098 524 2162 seculares
543 2098 738 2174 traheretur,
764 2097 909 2162 conlusio
934 2100 1033 2182 magis
1054 2119 1148 2182 quam
1170 2099 1249 2162 ordo

221 2219 415 2287 seruaretur,
439 2218 475 2274 ut
495 2209 651 2274 uiolsucia
669 2210 731 2274 iuri
751 2210 861 2294 pocius
881 2230 975 2294 quum
992 2211 1114 2275 iusticia
1133 2210 1250 2273 iutere-

221 2328 290 2387 tur:
311 2323 368 2387 ssd
383 2323 531 2406 utrinque
546 2323 761 2407 prouidenter,
781 2322 862 2387 sicut
875 2323 979 2387 ordini
994 2322 1164 2404 spiritualia
1183 2323 1251 2404 api-

222 2434 268 2498 cis
287 2433 367 2497 nihil
387 2433 547 2509 subtrahi,
567 2434 613 2497 sic
624 2432 664 2497 iu
684 2432 773 2497 nollo
792 2433 894 2498 laicali
917 2433 1059 2517 dignitati
1080 2441 1196 2507 tamen,
1217 2434 1249 2497 iu

221 2544 271 2609 bis
292 2567 353 2629 que
369 2546 408 2609 ad
423 2544 525 2609 lorum
540 2544 651 2611 laicale
665 2546 842 2629 pertinent,
862 2546 1009 2610 uolumus
1025 2545 1180 2628 derogari.

304 2657 361 2733 (3)
383 2657 531 2721 Pratarsa
552 2656 622 2739 pari
641 2656 787 2721 firmitate
806 2657 1005 2731 sauciuimus,
1026 2665 1061 2720 ut
1073 2657 1177 2720 nullus
1192 2657 1251 2719 bo·

220 2769 341 2831 minum
362 2777 523 2833 tonsuram
544 2769 665 2834 habeus
686 2767 882 2845 clericalem,
902 2769 1019 2834 liberos
1035 2770 1182 2834 denarius
1198 2769 1250 2832 uel

221 2880 382 2961 pondera,
412 2898 469 2943 scu
491 2898 712 2962 quemcunque
733 2899 863 2944 censum
886 2881 925 2944 ad
950 2881 1062 2945 liscum
1089 2881 1250 2966 pertiuen-

220 2996 286 3057 tam
306 2988 432 3055 soluere
450 2999 606 3055 teneatur.
631 2992 709 3056 etsi
729 2992 880 3056 collector
893 2994 1089 3077 publicorum
1111 2995 1250 3077 uectiga-

219 3100 297 3165 lium
312 3103 370 3165 beo
384 3103 424 3165 ab
439 3102 484 3167 eis
498 3103 626 3186 exigere
647 3102 699 3167 uel
713 3123 809 3187 super
823 3124 879 3168 sos
894 3104 1089 3168 descendere
1103 3104 1249 3178 uoluerit,

221 3232 318 3279 mauu
331 3214 438 3280 ualida
450 3223 609 3298 tamquam
631 3214 683 3280 tur
695 3224 728 3280 el
740 3225 850 3300 raptor
862 3216 996 3300 turpiter
1009 3216 1195 3299 expellatur.
1223 3216 1248 3279 si

221 3328 293 3409 quis
307 3327 407 3389 eciam
424 3335 603 3391 nostrorum
617 3324 857 3411 iobbagionom,
870 3336 1148 3409 quantumcunque
1163 3346 1249 3410 rung·

221 3456 293 3513 nus,
316 3438 427 3503 borum
454 3440 580 3522 aliquod
604 3439 708 3505 iacere
733 3459 905 3524 superous
926 3422 1144 3514 attentauerit,
1164 3440 1249 3503 idom

223 3549 456 3614 elcoulnsiouis
466 3551 672 3635 opprobrium
687 3551 856 3627 inseratur,
871 3560 903 3616 el
917 3553 1006 3636 regie
1021 3551 1248 3634 indignacionis

222 3662 417 3725 aentsnoiam
448 3663 585 3744 grauiter
615 3674 782 3728 mersatur.
822 3664 914 3728 deust
937 3664 1037 3737 enirn,
1065 3670 1099 3724 ut
1126 3663 1248 3725 sicula

221 3768 308 3835 ln‘cis
329 3770 433 3835 clerici
448 3773 620 3838 ministerio
640 3794 701 3839 uec
714 3794 778 3839 uon
792 3773 878 3839 cultu
891 3782 965 3838 suut
978 3774 1135 3855 dispsrcs,
1157 3773 1202 3836 sic
1217 3774 1248 3835 iu

223 3881 321 3948 diuini
335 3883 510 3947 libertatem
524 3883 617 3947 officii
633 3885 766 3950 seculari
779 3886 961 3971 precamine
974 3885 1037 3949 siut
1050 3894 1208 3967 exportes.

304 3992 363 4071 (l)
382 3993 469 4059 lstud
483 4002 588 4059 tamon
603 3997 788 4063 auctoritate
800 3997 888 4082 repis
900 3995 1034 4061 tirmiter
1042 3968 1250 4082 precipimus}

221 4111 378 4189 auulsum
402 4105 506 4173 nullm
531 4116 710 4174 nostrorum
729 4109 981 4175 udrramicorum
1006 4110 1073 4174 siue
1096 4109 1249 4184 ciuilium,

221 4214 1253 4311 huimmqssssrdtulslsgrflbdltorumadtuusuram
