2798 4764
350 1156 353 1163 .
397 1024 449 1114 s,
480 1024 807 1115 sonorosus
837 1024 1033 1118 nncrs

692 1227 733 1270 ota

227 1380 381 1469 sotus
404 1380 790 1600 msmoffitff
815 1379 1033 1469 mutuus
1056 1378 1203 1519 ditm

323 1669 347 1723 n
364 1670 453 1725 oenoe
470 1671 609 1725 onumen
624 1673 715 1725 noun
727 1673 786 1728 xv.
801 1650 1098 1745 struunt-'putus
1217 1742 1221 1757 ἱ

603 1765 822 1822 vindobonensis.

520 2063 667 2129 INCIPIT
687 2063 907 2129 PROLOGUS.

279 2346 374 2433 Cum
395 2377 507 2433 cuncte
528 2368 581 2432 dei
599 2376 677 2432 nutu
691 2367 834 2444 condite,
853 2387 974 2452 suaque
988 2368 1206 2437 euidentisstn

197 2483 460 2566 preordinacione
482 2483 648 2566 disposita,
668 2491 733 2549 tam
751 2484 785 2547 in
806 2484 1011 2567 amplitudioe
1033 2484 1109 2561 celi,
1130 2504 1228 2570 quun

196 2596 230 2659 in
251 2595 318 2660 istis
340 2595 509 2677 aptissimis
530 2603 683 2659 terrorum
703 2594 879 2665 climatibus
897 2595 1025 2661 racione
1039 2596 1228 2682 intediga'n,

197 2726 235 2771 ac
249 2707 390 2771 funditus
404 2707 545 2771 cencium
560 2707 668 2792 uigere
682 2716 779 2791 utque
793 2706 978 2784 subsistere,
998 2728 1135 2793 cumque
1149 2712 1228 2775 ada«

197 2819 252 2883 tim
266 2820 416 2883 uniuersa
429 2818 523 2883 huius
537 2818 601 2883 uite
618 2819 739 2883 utilitati
751 2818 958 2902 dignitatique
971 2820 1078 2903 grecias
1088 2820 1140 2887 dei
1151 2834 1228 2887 cor·

197 2948 298 3005 cessa,
318 2929 435 2995 sciIIcet
448 2948 558 3013 regna,
578 2931 770 3005 consulatus,
791 2931 933 3007 ducetass,
951 2932 1127 3010 comitatus,
1146 2944 1228 3019 pon-

196 3041 345 3117 titicatus,
375 3051 561 3126 ceterasque
589 3043 758 3126 dignitates
786 3044 901 3125 purum
925 3044 1043 3108 diuinis
1071 3046 1229 3130 presept'u

197 3164 291 3238 atque
305 3154 469 3229 institutis,
491 3154 603 3238 purtim
618 3153 757 3239 Iegibus,
778 3154 892 3238 partim
904 3155 1133 3230 iuridicaIiIsus,
1152 3174 1228 3239 par·

197 3265 252 3329 tim
275 3265 419 3331 ciuitihus
446 3285 483 3331 so
504 3266 695 3331 nohiIIorum
720 3273 804 3331 etste
827 3274 1055 3349 prouectoruns
1078 3264 1227 3343 conditis,

198 3377 412 3452 suasionibus,
434 3377 515 3460 regi,
535 3377 681 3454 detondi,
705 3376 821 3452 diuidi,
839 3376 1013 3441 coedunsri
1032 3375 1175 3441 uideam
1193 3382 1229 3443 st

197 3509 270 3553 cum
290 3508 400 3553 omnes
419 3491 546 3555 ordines
570 3491 687 3573 ubique
712 3498 884 3562 terrarum,
912 3487 1141 3572 cuiuscumque
1163 3486 1228 3557 sint

196 3601 366 3685 dignitatis,
386 3622 450 3667 non
463 3602 567 3666 sotum
579 3600 775 3674 sateltitibus,
795 3600 915 3675 suricis,
935 3599 1038 3665 seruis
1051 3601 1227 3685 precipere,

198 3712 372 3788 consiliari,
401 3715 459 3777 sed
482 3713 579 3777 ectum
599 3712 655 3777 titii
675 3733 734 3796 pro
756 3720 843 3776 certo
864 3711 978 3787 sciam,
1000 3720 1077 3777 tune
1096 3730 1157 3778 nec
1172 3730 1227 3783 ns
1295 3742 1299 3747 ·

196 3826 284 3911 piget
305 3825 350 3890 tili
372 3826 612 3901 umabiIIssime,
637 3826 697 3890 Iunc
719 3825 785 3890 uitn
808 3824 922 3889 comite
943 3824 999 3889 tibi
1021 3826 1227 3903 documenta,

196 3947 361 4023 precepta,
382 3939 512 4003 consiliu
524 3939 681 4003 sussionis
695 3957 832 4022 ponere,
851 3938 966 4023 quibus
979 3944 1032 4002 tue
1045 3938 1111 4003 nite
1121 3956 1227 4005 morea

197 4050 317 4134 tiquue
331 4051 545 4116 subiectorum
562 4068 710 4125 exornes,
730 4048 858 4135 quondo
872 4048 1001 4136 quidem
1014 4067 1139 4113 summa
1150 4066 1228 4113 con·

199 4162 332 4229 cedente
347 4163 494 4248 potencia
511 4171 586 4249 post
599 4182 651 4228 nse
663 4162 820 4249 regnabis.
847 4168 879 4227 ts
893 4168 1000 4229 sutem
1012 4160 1155 4225 studiose
1168 4156 1227 4229 ad·
