2798 4764
214 350 277 419 25&
379 357 568 421 rssr'rcs'nnos
588 373 630 419 nn
652 372 787 419 rurum
806 356 946 420 uranu
961 355 1079 421 urere.

298 529 332 590 dn
354 510 519 591 redeundo
544 526 583 589 de
605 525 745 607 predicta
765 525 900 610 Ungaria
924 526 1068 591 transiuit
1090 529 1123 592 in
1146 512 1245 595 dunin

215 659 347 724 regnum
363 638 610 701 Morduanorum
625 638 805 720 quindecim
822 639 943 702 diebus.
966 639 1019 722 qui
1034 650 1107 704 sunt
1120 643 1245 725 pagani,

216 759 248 817 et
263 752 343 817 adeo
356 750 502 813 homines
517 749 673 824 crudeles,
687 750 774 834 quod
789 770 847 832 pro
863 751 960 813 nihilo
975 760 1136 834 reputatur
1147 753 1244 817 homo

216 861 268 925 iiie
282 863 335 944 qni
351 861 464 924 multos
479 861 624 923 homines
647 881 711 923 non
732 861 855 924 occidit
887 870 919 925 et
933 881 1004 925 cum
1019 861 1130 946 aliquis
1144 866 1176 928 in
1192 867 1244 928 uia

213 972 380 1055 procedit,
406 973 545 1034 omnium
569 972 732 1034 hominum
753 972 855 1055 capita
877 992 959 1055 quos
981 974 1112 1048 occidit,
1134 995 1243 1041 coram

213 1084 283 1169 ipso
297 1093 469 1167 portantur.
491 1093 522 1149 et
536 1091 653 1166 quanto
667 1082 759 1165 plura
773 1103 877 1146 coram
893 1105 956 1146 uno
972 1105 1099 1168 quoque
1113 1093 1243 1168 portan-

214 1207 265 1261 tur
279 1197 400 1279 capita,
422 1204 508 1259 tanto
530 1195 640 1258 melior
661 1204 833 1278 reputatur.
862 1196 901 1259 de
917 1195 1070 1278 capitibus
1092 1216 1171 1260 uero
1184 1198 1243 1262 ho·

214 1310 333 1373 minum
354 1308 489 1391 scyphos
510 1307 644 1382 iaciunt,
666 1315 698 1371 et
712 1307 864 1370 libencius
879 1308 952 1371 inde
968 1308 1087 1372 bibunt
1110 1330 1242 1374 uxorem

214 1420 331 1486 ducere
351 1439 414 1483 uon
435 1418 630 1501 permittitur,
657 1419 711 1502 qui
732 1419 893 1482 hominem
913 1439 977 1483 nou
998 1421 1122 1484 occidit
1149 1422 1201 1485 isti
1223 1443 1242 1486 a

212 1532 376 1616 prophetis
398 1532 463 1593 suis
486 1530 675 1612 accipientes
697 1530 781 1614 quod
806 1550 876 1593 csse
899 1531 1035 1609 debeant
1057 1531 1241 1609 Christiani,

212 1642 365 1705 miserunt
378 1641 418 1704 ad
432 1641 545 1704 ducem
560 1660 672 1723 magne
687 1641 901 1715 Sondemerie,
916 1663 978 1725 que
994 1650 1042 1706 est
1058 1652 1141 1707 terra
1154 1645 1241 1707 uhu-

212 1762 357 1819 tenorum
378 1750 438 1814 iilis
462 1752 578 1824 uicina,
609 1752 695 1834 quod
717 1752 763 1814 eis
787 1753 923 1817 mitteret
942 1755 1154 1829 sacerdotem,
1185 1756 1238 1837 qui

211 1864 287 1948 ipsis
309 1864 499 1945 baptismum
518 1863 685 1926 conferret.
714 1863 767 1946 qui
787 1864 969 1947 respondit:
992 1885 1054 1929 non
1070 1886 1176 1929 meum
1191 1875 1238 1930 est

211 1977 273 2040 hoc
289 1975 392 2039 facere
407 1976 463 2038 sed
479 1995 559 2058 pape
574 1974 714 2038 Romani.
737 1995 835 2057 prope
851 1977 934 2039 enim
950 1983 998 2040 est
1012 1984 1151 2060 tempus,
1173 1997 1237 2060 quo

212 2107 320 2150 omnes
336 2088 431 2150 fidem
447 2085 579 2151 ecclesie
594 2088 734 2151 Romane
756 2088 909 2152 debemus
925 2089 1102 2171 suscipere,
1124 2090 1239 2153 eteius

212 2198 397 2263 obediencie
411 2199 584 2283 subiugari.
