2798 4764
192 360 382 414 ssrceurrr
401 365 491 413 neers
513 367 554 411 nn
573 366 682 412 uonna
697 367 911 415 rssrrrnrrors
930 364 1033 417 crece.
1046 348 1119 436 (ur.)
1160 350 1227 418 eod

194 525 253 587 suit
273 531 379 586 sancte
402 522 553 585 ecclesie:
586 531 671 585 tues
693 524 804 585 Petrus
825 531 857 586 et
880 524 1078 606 superbene
1102 535 1224 609 petram

194 636 348 698 edificabo
370 635 553 698 eccclesiam
574 655 686 698 meam.
715 655 749 698 se
771 637 873 717 ipsum
896 637 1024 718 quidem
1047 636 1223 707 nominante

195 756 331 828 petram,
352 766 463 810 uerum
480 767 542 807 non
558 746 693 825 ligneam
709 766 811 828 neque
827 748 983 830 lapideam
997 769 1092 830 super
1106 770 1141 812 se
1155 750 1225 815 edi-

194 858 317 921 licatam
338 857 500 919 ecclesiam
523 857 614 930 dixit,
642 857 761 920 scilicet
780 859 931 939 populum
954 860 1171 942 acquisicionis
1191 870 1224 926 et

194 980 319 1051 gentem
340 969 488 1042 electam,
511 970 703 1030 dominicum
724 991 868 1052 gregem,
895 969 958 1034 fide
982 972 1125 1045 doctum,
1145 970 1224 1055 bap-

194 1085 315 1144 tismate
331 1082 446 1154 lotum,
469 1081 636 1143 chrismale
654 1090 797 1156 unctum,
818 1092 958 1145 sanctam
974 1084 1110 1165 appellat
1127 1102 1224 1166 super-

194 1214 228 1256 se
249 1194 422 1256 edificatam
446 1193 622 1264 ecclesiam,
643 1193 720 1254 dixit
745 1203 776 1255 et
799 1193 944 1275 appellat.
975 1195 1001 1256 si
1023 1196 1093 1277 quis
1113 1194 1224 1259 infelix

194 1306 286 1366 huius
312 1305 445 1367 ecclesie
470 1313 578 1367 sancte
602 1306 742 1366 membra
767 1306 818 1367 uel
845 1305 995 1386 paruulos
1019 1306 1222 1381 scandalizat,

194 1417 280 1478 iuxta
301 1417 501 1498 euangelium
524 1415 653 1497 dignum
673 1423 721 1477 est
739 1424 938 1497 preceptum,
959 1424 992 1477 ut
1013 1417 1223 1497 suspendetur

196 1530 279 1590 mola
291 1529 426 1594 asinaria
437 1529 517 1589 collo
530 1529 609 1602 eius,
620 1536 651 1590 et
662 1529 861 1609 demergatur
872 1530 903 1589 in
916 1528 1106 1609 profundum
1119 1529 1223 1597 marie.

196 1641 226 1700 id
248 1649 296 1701 est
318 1641 468 1702 deiciatur
484 1641 522 1701 de
539 1647 693 1719 potestate
711 1640 867 1720 diguitatis
883 1647 915 1700 et
929 1647 1054 1702 maneat
1068 1647 1156 1703 extra
1170 1657 1224 1702 ec·

196 1751 321 1813 clesiam
343 1752 509 1823 iustorum,
531 1751 563 1812 in
578 1751 629 1813 illa
645 1750 795 1813 mundiali
818 1751 961 1823 miseria,
982 1752 1063 1836 sicut
1077 1746 1222 1814 ethnicus

196 1871 227 1925 et
250 1864 446 1943 publicanus.
469 1882 505 1924 ac
528 1883 585 1943 per
604 1862 664 1924 hcc
683 1862 728 1924 lili
744 1863 784 1923 mi
800 1861 925 1924 florenti
940 1863 1043 1924 studio
1059 1863 1156 1924 debes
1172 1861 1223 1925 iu·

197 1974 328 2055 uigilare
350 1975 382 2034 in
404 1983 512 2036 sancta
533 1973 681 2045 ecclesia,
704 1975 743 2035 de
758 1973 808 2035 die
824 1974 856 2034 in
870 1973 953 2034 diem
971 1981 1004 2034 ut
1018 1971 1130 2053 pocius
1144 1991 1223 2055 aug-

197 2093 333 2146 mentum
346 2084 489 2165 accipiat,
500 2104 594 2165 quum
607 2083 830 2145 detrimentum
841 2084 989 2164 paciatur.
1009 2082 1084 2145 iude
1093 2083 1222 2165 quidem

196 2195 346 2276 imprimis
368 2217 460 2277 reges
485 2195 616 2277 Augusti
641 2195 834 2267 dicebantur,
856 2195 929 2276 quia
949 2192 1222 2275 augebanteccle·

197 2305 283 2367 siam.
313 2306 372 2368 bec
388 2314 419 2367 et
435 2315 466 2367 tu
483 2305 595 2378 facias,
618 2314 650 2367 ut
667 2314 697 2367 et
713 2314 765 2367 tua
781 2324 897 2367 corona
911 2304 1099 2367 laudabilior
1114 2313 1146 2368 et
1158 2304 1224 2367 uita

197 2417 320 2479 beccior
336 2426 368 2480 et
383 2417 531 2498 prolixior
545 2417 709 2479 habeatur.

280 2640 460 2701 Carrrunuu
482 2641 532 2701 lll.
568 2641 611 2700 De
624 2640 814 2720 impendendo
827 2641 937 2701 bonore
949 2642 1129 2721 pontificem.
1162 2640 1225 2703 lle·

197 2773 269 2832 gum
291 2753 403 2815 solium
416 2760 507 2815 ornat
518 2753 596 2814 ordo
610 2752 801 2834 pontificum.
828 2773 886 2833 per
894 2752 955 2814 boc
969 2754 1001 2813 in
1012 2751 1110 2834 regali
1123 2753 1226 2835 digni,

196 2872 258 2926 tate
280 2865 367 2926 tercii
387 2863 551 2944 possident
571 2864 674 2926 locum
698 2863 873 2945 pontifices.
902 2864 1060 2928 carissime
1075 2864 1134 2927 lilil
1162 2865 1225 2928 siut

196 2976 250 3036 tibi
266 2976 416 3037 seniores.
438 2974 507 3036 illos
525 2975 568 3035 ita
583 2975 740 3038 custodias
755 2976 836 3038 sicut
851 2977 1011 3038 oculorum
1027 2975 1172 3057 pupillas.
1196 2975 1225 3040 el

195 3086 320 3147 illorum
343 3085 603 3148 beneuolenciam
622 3087 770 3160 habebis,
791 3088 950 3149 neminem
970 3087 1224 3150 aduersariorum

197 3197 329 3259 timebis.
344 3197 403 3259 illis
415 3197 544 3279 quidem
556 3207 586 3260 te
599 3200 838 3262 obseruantibus
849 3200 911 3262 eris
921 3218 1063 3261 securus.
1082 3199 1114 3259 in
1124 3198 1226 3260 omni·

197 3308 256 3368 bus
270 3308 393 3370 illorum
408 3310 553 3389 procacio
564 3311 796 3371 commendabit
808 3317 839 3370 te
852 3309 1057 3389 omnipotenti
1070 3309 1141 3381 deo,
1154 3305 1224 3373 illoc

198 3439 269 3479 cum
279 3421 356 3481 deus
370 3421 499 3482 humani
514 3421 640 3502 generis
655 3421 730 3483 lecit
742 3421 899 3492 custodes,
913 3419 1051 3499 lecitque
1064 3419 1142 3480 deus
1153 3435 1226 3500 epe·

197 3531 353 3593 culatores
366 3532 552 3604 animarum,
566 3551 602 3592 ac
617 3533 717 3593 tocius
732 3529 942 3593 ecclesiastice
958 3528 1115 3611 dignitatis
1130 3537 1225 3613 atque

197 3643 294 3704 diuini
306 3644 493 3705 sacramenti
505 3644 733 3724 compositores
743 3652 774 3706 et
784 3643 921 3704 datores.
933 3642 1001 3704 sine
1010 3641 1093 3703 euim
1101 3641 1156 3704 illo
1165 3661 1226 3706 nec

197 3756 429 3818 constituuntur
442 3775 533 3835 reges
549 3774 608 3816 nec
624 3753 832 3835 principatus,
854 3773 912 3834 per
925 3752 1051 3814 illorum
1064 3753 1225 3818 interuen-

196 3872 262 3926 tum
283 3865 396 3927 delicta
417 3865 563 3928 delentur
581 3865 755 3926 hominum.
784 3864 811 3926 si
831 3862 901 3926 ibes
915 3863 1055 3944 perfecte
1069 3882 1172 3938 amas,
1190 3872 1224 3929 te

195 3977 299 4057 ipsum
319 3977 387 4039 eine
409 3976 504 4039 dubio
526 3994 637 4049 sanas,
657 3983 808 4059 tuumque
826 3994 960 4057 regnum
979 3973 1153 4038 honorifice
1166 3992 1225 4058 gu·

195 4088 321 4149 bernus.
351 4087 383 4148 in
397 4106 509 4149 manus
523 4087 608 4150 enim
622 4086 746 4148 illorum
768 4087 873 4171 posita
892 4095 942 4151 est
955 4095 1093 4170 potestas
1106 4083 1225 4168 ligandi

195 4219 254 4264 nos
267 4200 300 4261 in
315 4200 470 4283 pcccatis,
490 4207 524 4266 et
536 4219 556 4266 a
567 4200 707 4286 peccatis
719 4198 876 4266 soluendi.
903 4206 1126 4264 tastamentum
1138 4192 1225 4262 euin
