2798 4764
217 348 279 415 380
308 365 415 413 cnm
435 364 526 413 nors
547 364 771 413 cacamnnrna
793 366 854 412 nno
875 366 1129 415 connumerans.
1157 349 1248 415 1111.

301 521 361 595 (8)
382 519 519 583 iudicem
541 519 573 581 in
596 539 653 581 uos
676 528 708 583 et
729 527 893 583 extraneos
915 538 934 581 a
955 540 1005 582 me
1028 520 1248 596 constitutum,

219 631 380 695 uobiscum
405 632 437 693 in
462 631 589 694 ciuitate
618 630 728 693 sedulo
754 631 943 695 commorari
971 630 1056 693 uolo.
1090 651 1151 694 nec
1176 652 1248 696 eum

220 753 309 807 extra
331 744 440 806 urbem
463 743 538 805 alias
562 743 826 827 proficiscentem,
847 743 895 805 sni
910 752 1062 825 precepto
1078 753 1130 806 aut
1144 743 1248 827 sigillo

220 855 343 919 anobis
359 875 453 918 causa
467 855 634 937 placitandi
649 856 845 936 sequendum
860 856 1012 917 concedo.

302 968 361 1043 (9)
383 966 410 1029 si
426 967 495 1048 quis
514 976 691 1029 uestrorum
716 987 772 1048 per
786 986 889 1029 meum
909 988 1043 1049 regnum
1058 976 1140 1031 terra
1156 968 1250 1030 mari-

219 1100 282 1165 que
304 1081 435 1164 negocia
457 1081 651 1155 exercuerit,
672 1080 747 1142 mihi
766 1089 821 1143 aot
841 1080 934 1143 alicui
955 1089 1133 1144 nostrorum
1149 1082 1251 1144 homi·

220 1212 296 1254 nom
312 1212 351 1256 ex
367 1193 494 1274 proprio
509 1190 698 1254 commercio
714 1188 833 1254 nullum
850 1191 1009 1273 persoluat
1023 1191 1173 1256 debitum.

303 1305 387 1382 (10)
408 1305 534 1368 obsides
558 1323 577 1367 a
601 1302 691 1367 uobis
716 1303 802 1366 nullo
826 1305 920 1367 modo
945 1304 1111 1387 recipiam,
1139 1306 1249 1369 sedin

221 1418 309 1481 curia
329 1426 438 1479 nostra
455 1416 542 1499 regia
562 1416 772 1479 seruientibus
791 1436 899 1499 rogam
914 1417 1112 1498 impendam,
1136 1426 1168 1480 et
1182 1438 1250 1480 mo·

220 1530 312 1593 randi
327 1530 394 1594 eine
410 1528 610 1602 discedendi,
624 1529 664 1591 ad
679 1547 770 1590 suum
786 1527 867 1590 uelle
883 1527 1062 1592 facultatem
1078 1529 1250 1605 obtineant,

222 1641 401 1724 nullamque
416 1661 512 1722 super
525 1640 587 1702 hoc
601 1638 775 1702 molestiam
790 1638 933 1702 inferam.

305 1753 386 1827 (ll)
407 1771 442 1813 ac
464 1752 489 1812 si
514 1751 595 1813 forte
617 1751 795 1833 quempiam
819 1750 990 1814 dominium
1012 1772 1118 1815 meum
1141 1772 1250 1835 aggra-

222 1884 299 1929 uare
315 1864 481 1936 uidebitur,
503 1870 534 1926 et
555 1864 664 1926 urbem
686 1872 824 1926 uestram
845 1865 932 1927 exire
948 1863 1099 1939 uoluerit,
1120 1886 1250 1928 securus

223 1996 295 2041 curn
311 1994 408 2040 uxore
428 1983 459 2039 et
473 1974 546 2038 liliis
561 1985 593 2039 et
606 1974 738 2050 familia,
760 1984 790 2040 et
804 1976 949 2039 omnibus
963 1977 1027 2039 suis
1042 1977 1150 2052 bonis,
1172 1998 1252 2060 quo-

222 2108 347 2170 cunque
362 2087 419 2150 sihi
434 2087 601 2170 placuerit,
623 2094 685 2151 eat.

306 2201 389 2276 (12)
412 2199 471 2261 hec
487 2207 592 2262 autem
608 2201 713 2262 omnia
727 2199 847 2283 absque
867 2198 977 2262 fraude
993 2208 1024 2262 et
1039 2198 1183 2284 ingenio,
1210 2200 1251 2263 ad

223 2312 444 2376 detrimentum
468 2312 586 2376 ciuium
609 2321 641 2375 et
661 2312 795 2376 ciuitatis
819 2313 851 2374 in
874 2311 980 2395 aliquo
1002 2311 1170 2387 attinente,
1194 2314 1252 2376 ob·

222 2426 369 2490 aeruaho.

307 2537 543 2601 Sacramentum
567 2538 627 2600 hoc
653 2557 771 2621 aroge
799 2547 831 2602 et
859 2537 1096 2621 archiepiscopo
1125 2538 1252 2601 Muchia

223 2648 440 2712 confirmatum
456 2657 513 2713 est.

306 2782 365 2843 ego
379 2762 563 2823 Bachiensis
579 2761 833 2844 archiepiscopus
849 2761 943 2824 laudo
958 2769 990 2825 et
1004 2761 1165 2824 confirmo.
1191 2781 1251 2845 ego

222 2870 373 2933 Martinus
388 2872 547 2954 agriensis
563 2873 730 2955 episcopus
744 2874 840 2937 laudo
855 2883 887 2937 et
902 2873 1064 2937 confirmo.
1086 2895 1146 2957 ego
1161 2874 1252 2936 Paul·

222 2980 272 3046 los
292 2983 531 3065 l'esprimicnsis
553 2985 719 3067 episcopus
741 2986 837 3048 laudo
862 2992 892 3048 et
914 2985 1074 3048 confirmo.
1101 3005 1160 3068 ego
1176 2986 1252 3048 Uer·

222 3094 518 3179 blenZagrahiensis
530 3097 696 3180 episeopus
707 3098 802 3161 laudo
814 3105 846 3162 et
856 3097 1019 3161 confirmo.
1041 3118 1101 3181 ego
1111 3098 1251 3160 Zacheus

222 3208 314 3271 lauar
329 3209 494 3291 epiecopus
509 3208 602 3270 laudo
626 3217 657 3271 et
679 3209 840 3272 confirmo.
867 3230 925 3292 ego
940 3210 1072 3272 loannes
1088 3209 1252 3291 Quinque-

223 3319 421 3384 ecclesiensis
458 3319 624 3402 episcopus
653 3318 747 3382 laudo
777 3329 808 3385 et
836 3320 998 3384 confirmo.
1040 3340 1099 3403 ego
1123 3319 1250 3384 Paullus

225 3428 429 3495 Canadiensis
451 3429 545 3494 laudo
567 3440 598 3492 et
619 3430 780 3495 confirmo.
