2798 4764
179 347 361 407 amaneu.
382 347 472 397 naurs
499 346 649 396 cronnrns
671 348 973 399 onrnnsnmnonmr.
1016 331 1105 398 1206.
1147 327 1208 398 toa

179 509 261 571 intra
282 527 388 570 muros
410 506 543 569 ciuitatis
566 507 684 568 nullom
709 507 826 585 possint
846 506 1036 586 hospicium,
1067 507 1125 569 nisi
1141 506 1206 570 suis

180 616 316 698 propriis
332 616 478 696 expensis
494 622 609 676 etcum
625 615 740 677 ciuium
755 616 926 678 uoluntate.

263 726 301 787 Ut
324 726 418 806 igitur
440 726 570 806 predicti
592 725 702 789 ciuitas
725 735 756 788 et
776 728 862 789 ciues
883 728 971 789 None
999 728 1154 792 immunes
1175 736 1207 793 et

180 837 283 901 securi
305 846 459 918 perpetuo
479 847 698 918 permaneant,
719 858 778 900 nec
799 838 862 899 ullo
885 858 1035 919 processu
1055 841 1207 920 temporis

180 949 308 1012 ualeant
331 949 473 1029 predicta
502 948 679 1020 retractari,
708 968 837 1029 presens
868 948 1081 1031 priuilegium,
1109 950 1207 1012 nostri

180 1059 272 1140 sigilli
287 1068 445 1121 caractere
462 1060 686 1120 communitum
706 1059 781 1139 ipsis
798 1060 941 1121 duximus
956 1062 1206 1122 concedendum.

181 1172 286 1233 datum
302 1192 359 1252 per
374 1191 483 1232 manus
499 1171 639 1233 Gotsredi
655 1171 836 1234 Orodiensis
853 1173 1014 1253 prepositi,
1036 1172 1105 1234 auie
1122 1173 1205 1254 regie

182 1284 373 1356 cancellarii,
396 1304 477 1344 anno
493 1284 532 1344 ab
548 1285 767 1346 incarnacione
782 1284 900 1345 domini
914 1286 955 1344 M.
967 1284 1025 1346 CC.
1042 1285 1082 1343 t'o
1102 1285 1207 1347 taien-

182 1395 228 1457 dis
254 1396 395 1477 Augusti.
428 1394 598 1457 uenerabiii
623 1396 739 1456 Ioanne
766 1394 940 1457 Colociensi
969 1395 1205 1476 archiepiscopo

183 1508 351 1579 existente,
374 1507 489 1570 Caiano
515 1507 845 1588 Quinqueecciesiensi
871 1507 1020 1588 episcopo
1043 1518 1073 1570 et
1088 1507 1206 1589 Strigo-

181 1620 281 1683 niensi
297 1620 408 1692 electo,
428 1619 571 1682 Boleslao
584 1618 774 1699 Wachpensi
791 1618 957 1699 episcopo,
979 1619 1117 1681 Calanda
1130 1619 1206 1680 We·

181 1731 357 1811 sprimiensi
373 1731 533 1810 episcopo,
554 1729 714 1791 Gothardo
736 1729 936 1811 Zagrabiensi
958 1731 1123 1811 episcopo,
1144 1732 1207 1794 De·

180 1841 294 1903 siderio
321 1841 528 1901 Chanadiensi
551 1841 716 1921 episcopo,
749 1841 873 1902 Simone
896 1840 1096 1903 Waradiensi
1125 1842 1207 1921 epis·

181 1970 279 2031 copo,
303 1950 483 2032 Wylhalmo
504 1949 718 2032 Ultrasyluano
749 1952 913 2032 episcope,
942 1952 1033 2013 Petro
1056 1952 1206 2014 lauriens.

180 2062 291 2134 electo,
313 2061 440 2123 Nicolao
456 2060 591 2141 palatino
607 2082 643 2124 ac
658 2063 768 2126 comite
784 2062 938 2134 Nitriensi,
952 2064 1107 2124 Mercurio
1121 2065 1205 2126 bano

180 2193 217 2235 ac
232 2174 408 2254 Simigiensi
424 2174 556 2247 comite,
578 2174 749 2255 smaragdo
773 2173 882 2236 curiati
898 2175 1010 2235 comite
1027 2194 1062 2237 ac
1078 2175 1206 2237 Szoino·

179 2286 296 2357 iriensi,
318 2285 463 2366 Gyrtone
479 2286 662 2366 Bykoriensi
679 2284 806 2357 comite,
828 2286 978 2364 Chepano
994 2285 1157 2347 Baclriensi
1173 2292 1205 2348 et
1310 2333 1316 2343 ,

180 2397 350 2459 Benedicto
366 2399 573 2478 Budrngiensi
589 2398 712 2458 comite.

571 2637 819 2646 ———--—-——-.-

571 2651 804 2659 ...——-...--—

500 2844 676 2929 trenta
702 2846 742 2929 11.
769 2846 890 2929 ntets

535 3036 851 3124 LIBERTAS

217 3215 421 3277 tlosrtttttt
443 3217 494 3276 DE
517 3217 645 3276 t'tttts
667 3214 972 3277 ULTRtsttUartls
997 3212 1172 3285 Kanate,

442 3327 732 3389 cflttat‘t'xuottt'
758 3328 810 3387 ΕΤ
831 3326 947 3386 mtttS.

643 3485 744 3528 ΜΕΝ.

333 3611 372 3660 Ex
388 3609 535 3674 apographo
553 3607 656 3673 capituli
676 3605 797 3657 Aliensis
815 3605 840 3655 in
858 3602 1050 3654 Transiironio.

597 3744 793 3754 ---...---

264 3855 405 3918 Andreas
435 3855 485 3917 dei
513 3854 618 3936 gracia
646 3853 822 3934 Hungarie,
854 3850 1027 3925 Dalmacie,
1060 3850 1207 3928 Croacie,

181 3968 296 4040 Rome,
318 3967 445 4040 Seruio,
466 3967 592 4028 Gallicie
607 3964 857 4047 Lodomerieque
876 3984 933 4026 rex
954 3965 986 4025 in
1010 3973 1206 4046 perpetuum.

264 4080 341 4141 Cum
364 4080 449 4159 regie
470 4079 646 4142 serenitatis
667 4077 1031 4160 intersit-uniuersorum
1050 4076 1139 4158 regui
1158 4073 1208 4137 sui

181 4190 357 4275 hospitum,
378 4209 441 4275 qua
462 4191 598 4279 benigna
617 4188 687 4254 illos
709 4195 821 4254 nature
836 4207 947 4253 manus
961 4185 1086 4261 beauit,
1107 4182 1208 4250 illibe-
