2798 4764
511 376 586 424 rura
606 375 631 423 a
646 375 783 423 amans
808 354 883 442 (lt).
1149 356 1214 425 all

183 551 261 598 uero
282 530 467 596 interfectus
488 533 588 597 estin
611 533 682 596 loco
700 533 789 615 prelii
810 533 849 595 ab
873 531 1014 596 exercitu
1028 528 1214 595 Cbanarlirl.

182 644 271 707 cuius
293 651 387 725 caput
411 643 607 718 auferentes,
634 644 787 706 miserunt
809 643 894 725 regi,
915 650 947 705 et
967 650 1158 724 acceperunt
1177 641 1214 707 in

184 757 234 820 die
257 755 310 818 illa
328 754 429 836 spolia
450 755 562 829 multa,
588 755 764 839 repletique
783 763 856 818 sunt
877 755 992 838 gaudio
1013 774 1143 838 magno,
1172 774 1214 820 co

47 880 55 886 ·
184 869 271 950 quod
294 867 439 931 inimicus
462 869 529 949 regi
554 867 729 931 cecidisset.
761 887 895 951 corpora
919 886 997 931 uero
1023 867 1216 932 Christiano·

184 1000 253 1043 rurn
278 978 332 1062 qui
353 978 535 1041 ceciderunt
554 979 587 1040 in
608 979 726 1060 prelio,
747 977 894 1042 tollentes
914 979 1073 1042 (luxerunt
1093 978 1126 1040 iu
1146 977 1216 1042 llo·

183 1109 321 1164 rosnar,
352 1096 384 1151 et
411 1087 604 1171 sepelierunt
631 1088 664 1151 in
691 1089 844 1151 cimiterio
871 1111 898 1153 s.
924 1089 1048 1152 loannis
1076 1089 1216 1171 Baptista

185 1202 218 1264 in
239 1200 430 1264 monasterio
452 1200 639 1275 Grecorum,
667 1201 742 1282 quia
761 1201 793 1263 in
813 1200 923 1264 eadem
945 1201 1106 1283 prouincia
1129 1199 1215 1265 abaci

186 1313 412 1378 monasterium
436 1310 496 1375 illis
518 1313 712 1395 temporibus
732 1331 797 1375 non
820 1322 896 1378 erat.
924 1313 1086 1377 monacbis
1110 1321 1216 1378 autem

187 1423 286 1505 ipsius
308 1423 370 1486 loci
394 1424 537 1486 eiusdem
560 1424 647 1486 urbis
673 1425 772 1488 tercia
794 1443 866 1507 pars
891 1424 1103 1498 deseruiebat,
1134 1440 1216 1508 quoa

190 1534 389 1598 Cbanaalinus
415 1554 479 1598 non
503 1535 634 1618 repulit,
660 1536 770 1601 sedin
791 1537 904 1601 eodem
925 1543 1008 1601 statu
1028 1537 1144 1619 inquo
1165 1535 1216 1600 in·

188 1646 376 1720 nauticum,
397 1666 525 1710 manere
548 1649 699 1728 permisit
724 1668 788 1732 quo
808 1649 889 1728 lacto
904 1647 1105 1711 Clranadinus
1126 1667 1217 1713 mu*

188 1776 277 1820 mens
304 1758 449 1821 abbatem
474 1759 550 1821 dicti
576 1760 757 1824 monasterii
782 1778 854 1822 cum
878 1759 1034 1842 aliquibus
1057 1767 1217 1824 monaste*

187 1869 226 1932 rii
255 1868 419 1943 iratribus,
452 1871 539 1934 uenit
559 1871 598 1932 ad
618 1869 723 1934 locum
750 1871 783 1933 in
805 1891 868 1954 quo
889 1871 920 1934 ei
938 1871 989 1934 leo
1010 1878 1216 1954 apparuerata

188 1981 243 2045 ubi
264 1982 342 2052 iecit
361 1982 503 2064 signum,
531 1991 685 2064 quatenus
707 1991 817 2046 uotum
838 1983 924 2066 quod
947 1991 1055 2047 sancto
1077 1983 1214 2067 Georgio

191 2101 339 2168 uouerat,
360 2092 556 2175 adimpleret
577 2095 608 2155 in
623 2094 691 2176 ipso
706 2113 834 2176 quoque
850 2095 900 2157 die
914 2094 1056 2158 societati
1068 2113 1126 2157 sue
1141 2112 1217 2158 con·

187 2206 307 2269 uiuium
332 2224 480 2287 magnum
500 2207 691 2287 preparauit·
728 2204 843 2269 deinde
864 2212 1063 2268 transcuntes
1081 2205 1217 2281 Ticiam‚

189 2325 347 2381 uenerunt
370 2318 410 2380 ad
433 2335 553 2400 regem.
586 2317 649 2379 iam
671 2337 747 2380 uero
770 2324 863 2397 caput
884 2314 1018 2379 Acbtum
1043 2323 1217 2398 appensum

190 2436 256 2493 erat
267 2448 363 2512 super
376 2430 485 2492 turrim
501 2439 589 2513 porte
605 2429 751 2492 ciuitatis.
779 2428 891 2492 uidens
905 2434 1010 2490 autern
1024 2448 1082 2490 rex
1096 2425 1220 2492 Chana-

190 2539 315 2615 (linum,
345 2540 471 2623 gauisus
494 2550 544 2605 est
567 2541 682 2623 gaudio
703 2558 835 2622 magno,
862 2540 919 2602 sed
940 2537 1073 2621 Gyulam
1098 2538 1218 2603 socium

192 2652 258 2715 eius
278 2672 375 2734 super
390 2672 499 2716 omnes
514 2651 692 2716 extollebat.
720 2670 783 2733 quo
799 2653 905 2715 auditu
921 2652 1123 2716 Cbanadinus
1144 2651 1219 2716 aba

190 2765 296 2829 ridens
319 2765 380 2828 aits
401 2765 428 2828 si
448 2774 541 2846 caput
562 2765 631 2846 regi
652 2764 766 2839 attulit,
795 2783 850 2826 cur
873 2765 974 2828 eciam
994 2765 1131 2848 linguam
1153 2784 1219 2829 non

191 2876 379 2960 apportauit,
393 2877 447 2960 qui
462 2877 546 2959 regis
560 2876 718 2939 inimicum
730 2876 895 2939 interfecit.
916 2877 1063 2941 mentitus
1074 2885 1122 2941 est
1134 2874 1219 2940 enirn

192 2986 290 3070 Gyula
312 2994 494 3069 presentato
517 2987 635 3069 capite,
667 3006 811 3051 asserens
836 3008 872 3052 sc
895 2987 979 3070 regis
1003 2987 1219 3052 aduersarium

192 3098 355 3161 occidisse.
376 3117 511 3180 cumque
522 3097 562 3160 ad
577 3099 679 3160 uisum
693 3098 776 3181 regis
787 3105 883 3180 caput
896 3097 1007 3162 luisset
1020 3098 1220 3172 submissun,

193 3215 225 3272 ct
244 3228 300 3272 ore
320 3217 430 3292 aperto
450 3208 558 3292 lingua
579 3230 643 3272 nou
662 3210 773 3274 luisset
794 3218 936 3292 reperta,
966 3209 1067 3290 Gyula
1090 3214 1221 3290 proptor

194 3320 393 3384 mendacium
410 3320 450 3383 (le
464 3320 552 3386 curia
566 3321 686 3383 domini
699 3321 782 3404 regis
798 3321 916 3383 eiectus
930 3326 989 3382 est.
1017 3317 1220 3381 Cbanadinu

196 3449 274 3493 uero
289 3431 426 3513 linguam
441 3433 481 3495 de
495 3432 588 3496 bursa
603 3451 776 3514 exponens,
796 3452 903 3515 aroge
918 3431 1220 3512 sublimatumque·

195 3543 355 3609 constituit
377 3545 553 3627 principem
577 3545 689 3606 domus
711 3545 795 3626 regis
820 3551 852 3605 et
873 3541 985 3605 domus
1003 3539 1147 3604 Acbtum.
1176 3539 1223 3607 all

195 3654 279 3717 enim
292 3674 349 3717 rex
363 3654 404 3718 ab
419 3654 478 3717 bac
493 3655 543 3717 clia
558 3655 631 3717 urbs
645 3652 699 3717 illa
711 3673 775 3716 non
791 3653 953 3717 uocabitur
966 3652 1140 3728 blorisena,
1163 3652 1222 3718 acl

195 3766 271 3828 nrbs
285 3765 483 3841 Chanadina,
504 3786 562 3849 pro
584 3786 623 3830 eo
643 3766 729 3850 quod
748 3766 907 3830 inimicum
920 3784 1024 3830 meum
1038 3763 1224 3831 interfecisti

196 3877 236 3941 dc
254 3879 358 3942 medio
373 3879 459 3954 eius,
485 3898 592 3942 comes
606 3879 688 3942 illius
701 3877 866 3962 prouincia
880 3878 960 3953 eris,
979 3878 1145 3962 ipsamque
1162 3877 1223 3942 snb

194 3990 283 4054 titulo
303 3990 439 4053 nominis
460 3990 506 4054 tui
525 3990 679 4064 titulabis‚
700 3990 864 4073 prouincia
878 3989 1106 4055 Cbanadiensis
1126 4006 1224 4054 uoce*

194 4109 246 4166 tur
259 4122 361 4185 usque
381 4103 413 4165 in
429 4103 681 4185 generacionem.
708 4111 782 4185 post
800 4102 860 4169 bec
872 4104 1005 4168 ueniens
1020 4101 1225 4166 Cbauadinus

195 4213 355 4282 stlocum
367 4214 424 4285 ubi
435 4213 563 4285 leonem
574 4215 610 4282 iu
623 4215 762 4302 sompnia
770 4216 910 4295 uidero,
926 4215 960 4282 in
971 4213 1127 4282 bcncrcrn
1138 4206 1224 4279 boat
