2798 4764
342 320 444 367 naono
459 321 490 366 m
504 319 592 366 sura
607 318 708 366 nunna
723 320 915 365 rnnsrrruu.
952 299 1042 366 1232
1146 300 1205 365 ill

177 483 224 538 tra
239 494 349 536 eorum
364 474 531 557 priuilegia
545 477 571 536 si
587 496 649 558 que
664 475 792 548 habent,
807 475 942 536 scienter
953 495 1016 535 non
1031 475 1206 537 neniemus.

176 608 272 668 super
287 586 425 648 collectis
441 608 517 648 uero
534 608 591 667 per
606 608 736 668 regnum
753 596 893 648 nostrum
914 586 981 647 aliis
998 586 1205 668 imponendis,

176 720 233 781 per
247 720 304 760 nos
327 708 356 760 et
381 699 516 780 legatum
540 700 720 761 consulatur
744 698 888 760 dominus
913 719 1008 778 papa,
1030 699 1110 760 sicut
1130 716 1206 760 con-

176 812 320 873 uenimus
351 831 421 871 cum
447 811 557 871 tetidem
586 813 624 871 do
651 811 884 871 consultarionc
912 810 1053 870 sortienda
1077 811 1203 871 domino

175 942 256 1003 pape
273 942 368 1002 super
383 922 504 983 iudiciis
524 931 686 984 terrarum.

257 1034 335 1107 (17)
365 1034 439 1094 ltem
463 1034 592 1113 singulis
617 1032 773 1117 ecclesiis,
806 1034 885 1094 sales
911 1031 1098 1093 habentibus
1123 1029 1203 1093 inira

175 1143 283 1225 uiginti
299 1145 438 1225 quinque
455 1144 539 1216 dies,
562 1152 724 1224 postquam
741 1144 925 1205 redierimus
943 1144 980 1204 de
996 1141 1126 1215 ltuscia,
1148 1160 1202 1202 co·

174 1274 239 1315 ram
261 1254 381 1335 prelato
405 1255 576 1315 uenerabili
598 1253 701 1333 legato
717 1273 787 1313 cum
803 1252 874 1314 filiis
890 1253 1004 1313 nostris
1019 1271 1202 1333 comparen-

174 1375 232 1438 tes,
252 1365 313 1429 lroc
336 1386 418 1427 auno
441 1367 583 1426 dabimus
605 1375 746 1446 patentes
768 1365 884 1426 litteras
907 1384 1002 1446 super
1017 1363 1096 1425 sales
1116 1384 1201 1437 suos,

174 1479 346 1538 secundum
368 1479 501 1538 sormam
523 1479 610 1538 istius
634 1477 892 1558 composicionis,
914 1487 945 1539 et
967 1496 1071 1537 coram
1088 1477 1200 1538 eodem

173 1587 275 1669 legato
298 1597 328 1650 et
350 1590 505 1669 episeopis
526 1589 639 1651 nostris
656 1597 727 1649 tnnc
743 1588 868 1669 publice
889 1590 979 1649 istam
995 1587 1200 1669 composicio·

174 1718 244 1758 nem
268 1706 298 1759 et
317 1700 450 1779 primum
476 1709 506 1761 et
531 1700 703 1760 secundum
725 1700 786 1759 lroc
807 1699 968 1779 solempne
990 1699 1199 1760 iuramentum

173 1827 432 1888 recognoscemus
462 1810 591 1871 secisse:
628 1810 781 1891 dictisque
813 1812 925 1871 nostris
953 1810 1134 1872 iuramentis
1161 1828 1199 1871 ac

173 1917 256 1979 bulla
270 1929 376 1979 nostra
392 1939 500 1992 aurea,
523 1921 582 1984 ista
600 1921 737 2002 quelibet
753 1921 972 1993 confirmasse,
987 1922 1090 1982 dando
1105 1939 1199 2000 super

171 2030 236 2090 istis
253 2039 324 2090 tunc
340 2032 470 2091 tercium
489 2052 544 2112 par
559 2033 747 2104 litterarum,
771 2043 877 2094 nostra
897 2033 980 2093 bulla
995 2053 1091 2093 aurea
1105 2032 1198 2092 roho-

171 2149 326 2213 ratarum,
356 2151 386 2203 et
408 2142 559 2203 facientes
585 2145 688 2204 iurare
714 2143 899 2223 palatinum,
926 2144 983 2204 nisi
1005 2144 1090 2224 prius
1115 2144 1198 2204 iura-

172 2254 262 2313 uerit.

253 2365 321 2438 Quo
338 2366 442 2427 omnia
465 2365 586 2447 singula
607 2368 817 2447 suprascripta
842 2377 970 2447 sponte,
993 2367 1111 2445 absque
1135 2364 1197 2426 ulla

173 2476 356 2539 condicione
379 2478 522 2559 implere,
545 2498 581 2538 ac
601 2477 690 2538 firma
711 2486 743 2539 et
761 2478 877 2539 illibata
894 2498 949 2558 per
967 2496 1035 2550 neS,
1057 2485 1198 2539 nostros-

172 2607 233 2667 que
257 2607 455 2650 successores
481 2588 725 2668 omnitempore
750 2589 932 2661 obseruare,
954 2608 1011 2649 nec
1036 2589 1068 2649 in
1092 2589 1197 2670 aliquo

174 2702 391 2762 contrauenire
413 2722 468 2763 seu
485 2702 584 2763 ueniri
605 2700 804 2781 permittere,
826 2723 897 2762 rien.
918 2710 1005 2783 patre
1026 2703 1059 2761 B.
1075 2700 1199 2782 Uespri-
1233 2750 1237 2759 .

173 2811 282 2872 miensi
309 2813 476 2893 episeopo,
498 2822 530 2874 et
548 2815 696 2895 magistro
711 2813 935 2894 Cognoscenti,
957 2815 1108 2876 canonico
1123 2814 1200 2877 sni-

173 2921 330 3000 goniensi,
353 2923 466 2982 nuncio
489 2932 519 2984 et
538 2924 699 3004 capellano
715 2945 790 3005 sepe
813 2925 884 2986 dicti
907 2923 1000 3007 legati
1023 2925 1201 3007 recipienti-

173 3031 229 3092 bus
245 3034 370 3093 nomine
387 3041 418 3094 et
433 3036 578 3096 mandato
594 3037 690 3116 ipsius
710 3034 802 3117 legati
820 3046 849 3098 et
863 3039 931 3098 uiro
948 3047 977 3099 et
996 3039 1120 3098 nomine
1136 3039 1198 3099 Ro-

173 3162 263 3201 mane
280 3144 422 3214 ecclesie,
438 3153 468 3204 et
483 3146 621 3205 omnium
638 3146 841 3208 ecclesiarum
855 3148 996 3228 l'ngarie,
1012 3150 1051 3208 de
1067 3147 1197 3208 consilio

173 3252 258 3312 curie
274 3262 394 3325 nostre,
417 3255 504 3315 tactis
519 3256 726 3316 sacrosanctis
742 3257 922 3337 euangeliis,
943 3256 1150 3337 promittimus
1165 3263 1198 3318 et

172 3362 325 3423 iuramus:
358 3365 499 3425 iubentes
526 3365 704 3425 carissimos
728 3365 808 3426 lilios
833 3376 966 3437 nostros,
992 3374 1022 3426 et
1046 3365 1197 3428 facientes

172 3474 385 3557 infrascriptos
402 3476 582 3557 iobagiones
598 3485 722 3537 nostros
745 3478 803 3537 snb
819 3476 870 3538 tali
884 3477 984 3536 forma
1000 3478 1117 3538 iurare:
1138 3497 1196 3539 nos

173 3602 277 3645 comes
299 3585 461 3657 Nicolaus,
483 3585 564 3645 lilius
585 3586 704 3658 Borcli,
727 3588 813 3668 lloys
834 3607 953 3660 comes,
974 3587 1115 3649 Nicolaus
1135 3587 1197 3650 lra-

173 3702 219 3754 ter
235 3696 338 3775 llop's,
361 3716 466 3756 comes
481 3697 684 3769 Benedictus,
707 3698 884 3759 Alexander
899 3719 1014 3772 comes,
1034 3699 1197 3762 fraterSe-

172 3804 246 3877 bus,
267 3806 343 3886 Fpla
357 3825 479 3879 comes,
503 3807 611 3868 Petrus
626 3826 749 3881 comes,
764 3808 858 3870 frater
872 3810 1028 3883 Marcelli,
1043 3810 1197 3885 Nicolaus,

171 3916 320 3996 magister
332 3917 591 3990 Tauarnicorum,
605 3916 737 3978 ltlichael
754 3919 899 4001 magister
910 3941 1095 4002 agazonnm,
1109 3921 1198 3984 lllau·

171 4026 265 4088 ricius
288 4028 438 4109 magister
459 4028 687 4109 dapiserorum,
717 4030 824 4111 Bagou
855 4033 1001 4116 magister
1032 4034 1197 4114 pincerna·

171 4157 260 4206 sirm:
283 4139 372 4204 uobis
393 4139 558 4229 predictis,
581 4160 688 4205 uener.
703 4142 736 4206 P.
752 4142 785 4206 B.
802 4143 1023 4229 Uesprimiensi
1038 4142 1195 4230 episcopo,

908 4243 950 4315 rt
