2798 4764
228 356 295 424 ibt·
379 356 639 423 commoneres
658 368 795 423 txroncs
816 370 971 422 rnnsssu.
1013 352 1103 421 1279.

230 548 271 593 ne
286 532 326 594 de
342 540 445 594 cetero
459 528 599 592 ecclesiis
623 537 654 592 et
675 528 893 592 ecclesiasticis
915 528 1057 611 personis
1073 528 1144 591 talia
1158 528 1262 611 impo‹

230 648 344 705 untur
366 650 419 705 aut
439 642 613 724 exigantur,
635 662 692 704 seu
716 650 963 724 extorqueantur
983 642 1022 703 ab
1044 641 1101 713 eis,
1122 640 1174 704 uel
1191 642 1260 723 ipse

230 755 364 818 ecclesie
385 762 438 816 aut
460 773 596 834 persone
616 773 712 835 super
725 753 840 817 talibus
862 752 1111 835 prestacionibns
1127 771 1261 836 quomo·

230 865 349 929 dolibet
370 865 584 929 molestentur.
613 865 699 947 quod
720 865 746 927 si
764 873 872 926 contra
886 863 1135 946 prohibicionem
1150 864 1260 927 bnius·

222 976 315 1055 ‚modi
335 977 506 1059 quidquem
526 976 565 1038 ab
586 975 726 1039 ecclesiis
748 976 801 1038 uel
814 976 957 1057 personis
977 973 1125 1056 predictis
1140 974 1260 1057 aliquid

231 1089 397 1153 occasione
422 1087 562 1170 predicta
582 1098 771 1171 extorquere
792 1086 1042 1169 presumpserint
1057 1088 1107 1151 uel
1124 1087 1261 1162 auterre,

230 1216 288 1263 seu
301 1220 397 1282 super
408 1201 554 1282 predictis
569 1199 620 1263 uel
635 1219 745 1263 eorum
761 1200 866 1282 aliquo
879 1199 1029 1262 ecclesias
1042 1199 1092 1262 uel
1109 1219 1261 1280 personas

232 1331 405 1396 aggrauare
421 1311 594 1393 predictas,
615 1311 674 1375 nisi
690 1311 771 1375 iufra
786 1312 922 1374 triduum
938 1311 1042 1372 omnia
1056 1311 1261 1384 restituerint,

231 1442 294 1506 quo
313 1424 352 1485 ab
366 1422 545 1486 huiusmodi
566 1421 711 1504 personis
726 1423 891 1485 occasione
907 1422 1047 1503 predicta
1063 1422 1262 1496 extorserint,

230 1533 407 1617 ingressum
432 1533 564 1597 ecclesie
589 1541 621 1596 et
645 1533 884 1615 percepcionem
909 1542 1174 1596 sacramentorum
1198 1531 1259 1593 sibi

231 1644 378 1707 nouerint
397 1644 591 1708 interdictos.
627 1646 712 1728 quod
733 1645 933 1709 interdictum
956 1644 1165 1710 satisfactione
1188 1664 1262 1726 pre·

231 1756 326 1819 missa
340 1777 398 1838 per
411 1757 613 1819 diecesanum
629 1757 732 1820 inoleat
745 1757 900 1820 reuocari.

315 1865 380 1948 (til)
401 1868 440 1929 Et
462 1867 536 1950 quio
554 1867 754 1932 inhonestum
777 1868 881 1932 existit
895 1869 982 1951 quod
1004 1866 1145 1931 canonici
1166 1888 1262 1950 regu·

231 1976 315 2040 lares
330 1977 382 2041 uel
396 1977 541 2042 monacbi
556 1979 689 2042 diuersis
704 1979 844 2043 uestibus
860 1979 1042 2054 uestiantur,
1058 1999 1127 2042 curn
1144 2000 1183 2043 ex
1197 1979 1261 2042 boc

231 2089 397 2172 proueniat
413 2088 549 2164 inuidia,
570 2111 710 2153 murmur
733 2099 764 2155 et
783 2091 965 2154 scandalum
986 2092 1068 2154 inter
1082 2092 1177 2173 ipsos,
1198 2099 1264 2154 sta·

233 2199 358 2274 luimus,
374 2201 459 2283 quod
473 2220 582 2263 ornnes
597 2201 628 2262 in
645 2203 757 2273 eodem
771 2201 963 2265 monasterio
976 2199 1028 2264 uel
1043 2201 1150 2283 regulo
1166 2220 1265 2263 cano·

231 2312 317 2386 nica,
351 2321 382 2375 et
407 2313 465 2376 sub
491 2314 601 2376 cadem
626 2313 825 2395 professione
849 2319 1016 2385 morantes,
1047 2311 1263 2375 indifferenter

232 2444 296 2486 nno
320 2425 485 2488 eteoclem
507 2425 654 2488 bestiario
677 2424 857 2498 induantur,
877 2423 1081 2506 prohibentes
1096 2443 1263 2506 expresse,

232 2536 358 2617 nequis
374 2556 483 2598 eorum
505 2547 609 2599 uestes
630 2535 749 2618 aliquas
764 2535 893 2597 alicuius
909 2535 1038 2609 coloris,
1059 2536 1118 2598 uisi
1140 2542 1261 2598 tanturn

232 2648 327 2710 modo
341 2648 402 2709 albi
419 2648 470 2709 uel
486 2648 583 2730 nigri,
598 2667 653 2710 seu
670 2647 762 2729 grisei
778 2647 894 2709 habere
909 2655 1085 2728 presumat,
1100 2648 1130 2707 in
1146 2647 1261 2729 quibus

232 2759 396 2821 brunetam
417 2761 555 2841 nigram,
577 2768 751 2839 pareatum,
774 2768 805 2821 et
827 2757 922 2820 alium
938 2778 1158 2840 quemcunque
1181 2778 1261 2840 pau-

231 2889 306 2932 num
327 2871 505 2933 notabiliter
527 2870 693 2932 delicatum
718 2870 931 2933 interdicimus
956 2868 1122 2931 uniuersis.
1153 2877 1260 2931 uestes

231 3001 295 3045 uon
320 2982 457 3044 babeant
486 2981 640 3044 breuitate
665 2982 717 3044 uel
744 2979 937 3063 longitudine
966 2979 1165 3043 deformatas.
1205 2981 1261 3062 qui

232 3111 310 3156 uero
324 3094 356 3155 io
371 3093 519 3175 predictis
535 3092 745 3166 excesserint,
767 3111 824 3173 per
838 3111 911 3154 suos
927 3092 1112 3155 diocesanos
1133 3091 1184 3154 uel
1207 3113 1262 3154 su·

231 3205 373 3287 periotes
396 3205 473 3268 alios
494 3204 702 3287 castigentur,
728 3203 816 3267 salua
839 3203 1054 3276 distinctione,
1081 3223 1118 3264 ac
1142 3204 1263 3266 discre-

231 3315 321 3378 cione
342 3305 539 3378 diuersorum
560 3317 702 3377 ordinum
726 3324 870 3388 seruata,
896 3314 976 3379 inter
998 3316 1168 3377 monacbos
1189 3316 1261 3377 siue

232 3427 411 3499 canonicos,
433 3436 464 3489 et
479 3446 660 3489 conuersos.

313 3539 378 3620 (ὃὲ)
400 3539 482 3613 Quia
503 3539 582 3601 sicut
603 3539 779 3602 audiuimus
802 3540 929 3623 quidam
952 3540 1097 3602 monachi
1118 3547 1149 3602 et
1163 3559 1261 3602 cauo-

231 3649 291 3712 nici
310 3651 487 3732 regulares,
509 3651 588 3713 sicut
602 3650 671 3712 laici
686 3660 717 3713 et
730 3651 836 3713 clerici
851 3650 1008 3714 seculares
1024 3661 1261 3714 consueuerant

231 3758 396 3831 incedere,
427 3760 458 3819 in
480 3760 653 3821 animarum
674 3781 799 3823 sisarum
826 3762 998 3844 periculum
1023 3770 1054 3824 et
1076 3761 1260 3824 scandalum

231 3867 454 3950 plurimorum,
475 3869 667 3951 precipimus
682 3879 716 3932 ut
730 3872 873 3934 canonici
888 3871 1050 3954 regulares
1065 3872 1133 3934 sine
1148 3890 1262 3952 super·

230 3977 370 4060 pelliceis
385 3977 436 4040 uel
451 3979 563 4041 tunicis
579 3981 668 4044 lineis
683 4002 740 4044 seu
753 3982 860 4064 cappis
876 3982 999 4056 clausis,
1020 3984 1165 4045 monachi
1180 4003 1262 4046 uero

230 4088 298 4153 sine
314 4089 421 4171 cappis
436 4098 490 4152 aut
503 4091 641 4154 cocculis
658 4111 713 4154 son
728 4093 942 4174 scapularibus
958 4103 1046 4156 extra
1061 4095 1170 4157 domos
1185 4114 1264 4160 suas

231 4200 272 4267 dc
292 4208 399 4266 cetero
418 4220 484 4264 non
501 4201 663 4274 incedant,
683 4220 745 4268 nec
757 4204 859 4268 scians
871 4203 955 4269 intra
968 4204 1109 4269 domum.
1136 4203 1164 4269 si
1179 4225 1262 4270 uero
