2798 4764
373 363 498 418 -atsnrcr
519 366 685 416 oscnsrou
706 366 883 417 concussor
903 364 1004 418 asam.
1144 346 1207 417 atr

261 528 338 603 (51)
360 527 422 589 Fur
437 535 544 608 captus
559 525 763 609 pertriduum
780 525 892 610 ligatus
904 527 971 589 sine
987 547 1135 589 manuum
1146 526 1207 589 sic·

180 642 309 703 cacione
326 651 356 704 et
370 640 450 722 ignis
467 641 723 703 concremacione
739 650 892 714 teneatur,
911 649 1020 722 quarta
1035 649 1140 703 autem
1155 639 1205 702 die

179 755 218 819 ad
233 753 368 816 iudicem
384 755 525 816 ducatur.

260 867 323 928 Fur
335 867 460 947 quando
477 866 599 928 ducitur
614 886 632 928 a
646 867 804 948 prestatdo
821 866 938 929 domiui
954 864 1021 939 sui,
1043 866 1069 928 si
1084 885 1147 928 una
1161 865 1205 928 ibi

178 987 298 1043 tautum
316 979 431 1041 familia
446 979 501 1052 sit,
523 980 596 1041 inde
613 1000 693 1040 unus
709 999 778 1040 cunr
794 980 862 1041 sure
878 986 945 1052 eat,
968 978 1022 1060 qui
1044 979 1069 1041 si
1088 978 1134 1039 ire
1150 997 1208 1039 no·

179 1091 287 1166 luerit,
309 1092 404 1153 iudex
419 1092 558 1154 iudicare
576 1112 637 1152 non
655 1091 811 1154 formidet.
833 1094 857 1153 si
874 1112 951 1154 uero
963 1091 1006 1152 ihi
1022 1090 1105 1154 nulia
1118 1091 1208 1152 sami-

180 1204 220 1266 lia
235 1204 346 1277 suerit,
362 1204 402 1265 ad
418 1203 605 1266 uiciniorem
621 1203 739 1265 domini
753 1204 834 1266 iltius
849 1203 953 1265 locum
967 1204 1065 1266 iudex
1079 1201 1208 1286 ligatum

181 1316 303 1398 dirigat.
326 1316 396 1398 lege
412 1323 515 1377 autem
532 1315 582 1376 [υτ
597 1316 762 1377 iudicetur.

264 1431 343 1503 (52)
366 1429 396 1489 Si
412 1428 462 1489 [υτ
478 1430 588 1490 ductus
608 1427 713 1489 saluus
736 1427 765 1487 in
789 1427 903 1489 iudicio
920 1428 1114 1510 apparuerit,
1135 1447 1209 1511 cap·

180 1549 229 1604 tor
243 1540 310 1603 eius
326 1540 480 1602 iudicetur
494 1540 672 1612 sentencia,
693 1540 750 1602 sed
766 1561 829 1601 non
845 1540 1038 1604 aboculetur.

263 1654 341 1727 (53)
364 1652 394 1713 Si
417 1652 476 1713 suri
497 1660 586 1734 capto
602 1652 718 1714 furtum
741 1652 875 1735 proponi
898 1672 961 1714 non
983 1653 1096 1735 possit,
1118 1654 1209 1717 detur

180 1765 340 1828 iudicium.
373 1765 402 1825 in
419 1785 481 1846 quo
497 1765 521 1825 si
538 1764 642 1827 saluus
658 1774 824 1847 appareat,
849 1773 956 1847 captor
970 1765 1053 1829 iltius
1069 1767 1209 1848 priuetur

181 1878 379 1949 substancia,
409 1886 557 1958 quantam
586 1878 654 1959 ipse
680 1878 730 1939 [υτ
751 1877 850 1940 dictus
880 1877 998 1940 habere
1028 1877 1209 1952 dinoscitur,

181 2011 244 2053 non
265 1999 368 2053 autem
393 1989 586 2052 aboculetur.
616 1989 665 2052 [υτ
686 1990 832 2052 inuentus
854 1989 885 2050 in
910 1987 1024 2051 iudicio
1047 1989 1210 2071 culpabitis

182 2102 375 2167 aboeuletur.

264 2215 343 2293 (5¹⁴)
366 2217 396 2277 Si
420 2216 488 2297 quis
512 2215 631 2278 iuratus
653 2216 834 2298 quadrupes
858 2214 972 2276 animal
995 2213 1046 2276 uel
1069 2214 1209 2295 precium

182 2327 266 2401 eius,
290 2335 341 2389 aut
363 2329 586 2390 uestimentum
611 2327 709 2409 precii
730 2327 838 2408 uiginti
860 2326 1058 2388 denariorum
1079 2325 1211 2398 furetur,

183 2451 216 2504 ut
231 2440 280 2501 [υτ
295 2440 461 2502 iudicetur.

265 2554 343 2627 (55)
366 2552 397 2613 Si
420 2552 490 2634 quis
515 2551 581 2613 sota
607 2550 786 2632 suspicione
811 2550 914 2613 iurem
938 2550 1074 2631 ceperit,
1104 2555 1138 2611 ut
1163 2545 1213 2611 [υτ

184 2665 347 2746 culpabitis
364 2665 394 2725 in
410 2664 526 2727 iudicio
543 2664 710 2725 iudicetur.

267 2780 345 2850 (56)
366 2777 448 2838 Uxor
464 2777 550 2850 suris,
566 2796 626 2859 que
644 2776 798 2859 particeps
814 2783 862 2839 est
876 2774 1003 2838 sceleris
1019 2774 1131 2849 mariti,
1147 2794 1214 2836 rne-

185 2891 244 2952 rito
268 2889 464 2970 mancipetur
489 2890 640 2952 seruituti.
672 2890 726 2952 titii
751 2910 878 2973 quoque
903 2910 1012 2952 eorum
1035 2889 1213 2972 quindecim

187 3022 340 3065 annorum
356 3010 387 3063 et
402 3001 496 3074 ultra,
512 3001 619 3064 matris
632 3023 746 3084 penam
763 3003 948 3066 sorciuntur.
971 3002 1024 3085 qui
1040 3022 1118 3064 uero
1133 2998 1215 3062 intra

188 3115 365 3196 quindecim
382 3133 481 3175 annos
497 3113 628 3188 suerint,
649 3115 777 3197 impune
793 3115 994 3177 dimittantur.

270 3228 349 3300 (57)
371 3227 415 3286 De
427 3225 531 3306 strigis
544 3246 693 3307 ueroque
706 3246 768 3287 non
780 3233 867 3297 sunt,
885 3245 925 3286 nc
938 3223 1000 3285 ulta
1012 3223 1135 3304 questio
1152 3221 1215 3282 fiat.

270 3339 348 3412 (58)
370 3337 517 3399 Mulieres
539 3347 661 3419 partum
685 3357 776 3399 suum
798 3344 964 3408 necantes,
991 3332 1215 3396 archidiacono

189 3446 291 3509 oblate
306 3449 515 3529 penitenciam
534 3456 637 3530 agant.

272 3563 346 3635 (59)
369 3562 484 3641 Raptus
512 3561 677 3622 mulierum
703 3560 869 3641 episcopus
896 3577 951 3620 seu
978 3554 1216 3619 archidiaconus

191 3671 349 3734 diiudicet.

272 3784 352 3858 (60)
374 3781 505 3844 Matetici
522 3802 578 3863 per
594 3782 741 3845 nuncium
764 3779 975 3845 archidiaconi
991 3787 1022 3845 et
1036 3779 1156 3844 comitis
1170 3779 1218 3843 in·

190 3894 278 3957 uenti
291 3895 479 3957 iudicentur.

274 4009 356 4082 (61)
378 4006 519 4070 Adulteri
535 4007 683 4090 episcopo
699 4006 750 4070 uel
767 4006 990 4070 archidiacono
1005 4003 1147 4079 adducti,
1163 4003 1219 4067 de·

189 4118 262 4185 bitis
277 4138 429 4200 penarum
443 4118 565 4183 iudiciis
581 4120 780 4201 deputentur.

274 4232 354 4312 (62)
378 4231 412 4296 Si
425 4233 458 4297 in
471 4233 592 4298 utlaio
602 4251 666 4320 qua
678 4251 736 4298 rex
749 4230 846 4299 tuerit
859 4249 960 4318 equus
973 4230 1134 4318 perdatur,
1147 4224 1219 4295 uol-
