2798 4764
436 1099 665 1188 GEYZAE
703 1099 898 1187 REGIS

177 1284 487 1371 tramittunt
511 1286 591 1370 PRO
617 1286 782 1370 omnus
808 1287 1149 1373 trutinamus,

586 1476 737 1540 alexin.

403 1647 541 1699 EFariati
562 1647 669 1714 illyrico
689 1661 765 1698 sacro
787 1648 834 1699 tii.
866 1647 920 1700 17⁴.

229 1927 320 1989 Arrun
341 1926 495 1989 dominice
516 1926 743 1989 incarnacionis
766 1925 918 1988 ttcxtll.
949 1926 1118 1989 indictione
1136 1925 1175 1988 V.

149 2047 257 2119 epacta
273 2039 370 2098 xxtt.
402 2039 657 2100 concurrentibus
679 2038 729 2099 111.
830 2038 945 2099 mensis
970 2039 1061 2112 Maii,
1090 2058 1174 2101 anno

148 2149 288 2213 secundo
302 2150 392 2232 regui
406 2151 478 2213 mei.

228 2262 295 2340 Ego
310 2260 428 2343 Gepza,
451 2282 505 2323 rer
528 2261 704 2344 Hungarie,
728 2259 879 2325 Chroacie
900 2269 994 2342 atque
1014 2260 1173 2326 Dalmacie

229 2374 285 2447 (1)
306 2374 376 2435 iuro
392 2393 488 2453 super
499 2381 636 2434 sanctam
648 2390 773 2433 crucem
788 2370 874 2433 urbis
886 2371 1077 2452 spalatensis
1087 2371 1175 2453 prin-

147 2484 268 2566 cipibus
282 2485 402 2548 firmam
418 2506 529 2567 pacem
545 2493 575 2546 et
589 2484 774 2546 libertatem.

229 2598 292 2671 (ἓ)
314 2598 388 2657 mihi
404 2615 530 2679 quoquc
546 2605 577 2658 et
591 2596 825 2659 successorihus
845 2596 922 2658 meis
946 2596 1100 2660 tributarii
1120 2603 1174 2662 aut

147 2709 313 2790 angariarii
329 2729 367 2770 ue
382 2710 457 2772 sitis.

228 2822 285 2897 (3)
309 2822 492 2904 episcopum
512 2843 589 2885 uero
604 2829 635 2886 et
649 2820 810 2897 comitem,
832 2843 927 2906 quem
947 2823 1049 2888 clerus
1071 2832 1102 2888 et
1117 2846 1175 2907 po·

146 2933 238 3015 putus
256 2936 387 3017 elegerit
402 2934 604 2997 confirmabo.

228 3045 288 3120 (t)
311 3053 343 3108 et
362 3043 433 3127 lege
454 3047 621 3128 antiquitus
644 3049 830 3122 constituta,
851 3068 922 3110 cum
944 3059 1051 3112 uestro
1067 3050 1173 3112 iudice

146 3157 191 3221 uti
205 3158 382 3239 permittam
398 3176 465 3219 uos.

229 3271 289 3343 (5)
313 3278 417 3350 preter
431 3269 516 3351 quod
530 3269 672 3332 introitus
687 3278 795 3352 portus
811 3270 944 3334 ciuitatis
959 3272 998 3334 de
1014 3270 1171 3334 extraneis

146 3380 223 3442 duas
238 3389 343 3461 partes
359 3401 414 3441 rex
428 3380 557 3453 habeat,
579 3381 704 3444 terciam
723 3403 829 3445 comes
844 3383 988 3445 ciuitatis.

229 3495 287 3567 (6)
308 3493 340 3553 in
357 3491 481 3553 ciuitate
496 3501 601 3554 uestra
615 3495 772 3554 neminem
788 3493 1008 3574 Hungarorum
1030 3492 1081 3555 uel
1096 3491 1173 3556 alie·

144 3603 329 3686 nigenarum
351 3604 490 3666 habitare
507 3603 699 3685 permittam,
720 3604 779 3667 nisi
795 3624 889 3686 quem
905 3604 1050 3667 uoluntas
1065 3614 1171 3669 uestra

146 3718 325 3799 expecierit.

227 3833 286 3907 (7)
309 3850 405 3913 quum
429 3837 531 3894 autem
554 3831 593 3894 ad
615 3850 673 3895 uos
695 3831 910 3906 coronandus,
932 3840 985 3897 aut
1006 3834 1172 3897 uobiscum

144 3943 233 4025 regui
251 3943 382 4005 comicia
403 3949 589 4006 tractaturus
610 3962 742 4017 uenero,
763 3943 880 4006 nemini
895 3944 1010 4007 ciuium
1027 3944 1074 4008 uis
1092 3945 1173 4009 infe·

145 4062 231 4116 ratur
250 4056 414 4117 domorum
433 4074 580 4130 suarum,
601 4055 661 4117 nisi
683 4073 775 4138 quem
796 4054 920 4119 dilectio
939 4066 1046 4120 uestra
1065 4076 1172 4120 susce·

144 4165 234 4248 perit.
