<?xml version="1.0" encoding="UTF-8"?>
<!DOCTYPE html PUBLIC "-//W3C//DTD XHTML 1.0 Transitional//EN"
    "http://www.w3.org/TR/xhtml1/DTD/xhtml1-transitional.dtd">
<html xmlns="http://www.w3.org/1999/xhtml" xml:lang="en" lang="en">
 <head>
  <title>
</title>
<meta http-equiv="Content-Type" content="text/html;charset=utf-8" />
  <meta name='ocr-system' content='tesseract 3.04.00' />
  <meta name='ocr-capabilities' content='ocr_page ocr_carea ocr_par ocr_line ocrx_word'/>
</head>
<body>
  <div class='ocr_page' id='page_1' title='image "./rerumhungaricar00endlgoog/rerumhungaricar00endlgoog_0165.png"; bbox 0 0 2798 4764; ppageno 0'>
   <div class='ocr_carea' id='block_1_1' title="bbox 203 316 1064 405">
    <p class='ocr_par' dir='ltr' id='par_1_1' title="bbox 203 316 1064 405">
     <span class='ocr_line' id='line_1_1' title="bbox 203 316 1064 405; baseline 0.002 -20"><span class='ocrx_word' id='word_1_1' title='bbox 203 321 264 385; x_wconf 65' lang='lat' dir='ltr'><strong>lt!</strong></span> <span class='ocrx_word' id='word_1_2' title='bbox 372 334 518 385; x_wconf 72' lang='lat' dir='ltr'><strong>omma</strong></span> <span class='ocrx_word' id='word_1_3' title='bbox 535 337 564 384; x_wconf 87' lang='lat' dir='ltr'><strong>s.</strong></span> <span class='ocrx_word' id='word_1_4' title='bbox 577 336 731 384; x_wconf 74' lang='lat' dir='ltr'><strong>starum</strong></span> <span class='ocrx_word' id='word_1_5' title='bbox 751 338 845 386; x_wconf 77' lang='lat' dir='ltr'><strong>auam</strong></span> <span class='ocrx_word' id='word_1_6' title='bbox 863 340 964 386; x_wconf 73' lang='lat' dir='ltr'><strong>saroa</strong></span> <span class='ocrx_word' id='word_1_7' title='bbox 984 316 1064 405; x_wconf 68' lang='lat' dir='ltr'><strong>(ti).</strong></span> 
     </span>
    </p>
   </div>
   <div class='ocr_carea' id='block_1_2' title="bbox 201 494 1241 2369">
    <p class='ocr_par' dir='ltr' id='par_1_2' title="bbox 201 494 1241 2369">
     <span class='ocr_line' id='line_1_2' title="bbox 201 494 1235 576; baseline 0 -17"><span class='ocrx_word' id='word_1_8' title='bbox 201 512 272 569; x_wconf 83' lang='lat' dir='ltr'><strong>ras,</strong></span> <span class='ocrx_word' id='word_1_9' title='bbox 294 494 497 576; x_wconf 83' lang='lat' dir='ltr'><strong>disposicioni</strong></span> <span class='ocrx_word' id='word_1_10' title='bbox 519 502 646 568; x_wconf 81' lang='lat' dir='ltr'><strong>eterne,</strong></span> <span class='ocrx_word' id='word_1_11' title='bbox 665 495 716 556; x_wconf 89' lang='lat' dir='ltr'><strong>coi</strong></span> <span class='ocrx_word' id='word_1_12' title='bbox 732 503 845 558; x_wconf 84' lang='lat' dir='ltr'><strong>coacta</strong></span> <span class='ocrx_word' id='word_1_13' title='bbox 868 494 1235 570; x_wconf 79' lang='lat' dir='ltr'><strong>suhiacentohcrlieado,</strong></span> 
     </span>
     <span class='ocr_line' id='line_1_3' title="bbox 204 600 1235 671; baseline 0.001 0"><span class='ocrx_word' id='word_1_14' title='bbox 204 605 353 671; x_wconf 84' lang='lat' dir='ltr'><strong>ttxxxl.</strong></span> <span class='ocrx_word' id='word_1_15' title='bbox 366 600 522 668; x_wconf 75' lang='lat' dir='ltr'><strong>uhminice</strong></span> <span class='ocrx_word' id='word_1_16' title='bbox 533 606 761 668; x_wconf 69' lang='lat' dir='ltr'><strong>incarnacionis</strong></span> <span class='ocrx_word' id='word_1_17' title='bbox 773 625 857 669; x_wconf 83' lang='lat' dir='ltr'><strong>anno</strong></span> <span class='ocrx_word' id='word_1_18' title='bbox 867 609 965 670; x_wconf 77' lang='lat' dir='ltr'><strong>uitam</strong></span> <span class='ocrx_word' id='word_1_19' title='bbox 975 607 1058 671; x_wconf 82' lang='lat' dir='ltr'><strong>hauc</strong></span> <span class='ocrx_word' id='word_1_20' title='bbox 1070 607 1235 671; x_wconf 78' lang='lat' dir='ltr'><strong>exicialeaa</strong></span> 
     </span>
     <span class='ocr_line' id='line_1_4' title="bbox 202 718 1236 800; baseline 0.001 -19"><span class='ocrx_word' id='word_1_21' title='bbox 202 719 407 781; x_wconf 85' lang='lat' dir='ltr'><strong>commutauit</strong></span> <span class='ocrx_word' id='word_1_22' title='bbox 418 718 619 800; x_wconf 85' lang='lat' dir='ltr'><strong>sempiterna,</strong></span> <span class='ocrx_word' id='word_1_23' title='bbox 633 737 843 800; x_wconf 86' lang='lat' dir='ltr'><strong>supernorum</strong></span> <span class='ocrx_word' id='word_1_24' title='bbox 854 719 971 782; x_wconf 89' lang='lat' dir='ltr'><strong>ciuium</strong></span> <span class='ocrx_word' id='word_1_25' title='bbox 982 719 1236 782; x_wconf 81' lang='lat' dir='ltr'><strong>adiunctuscon·</strong></span> 
     </span>
     <span class='ocr_line' id='line_1_5' title="bbox 202 828 1237 914; baseline 0 -20"><span class='ocrx_word' id='word_1_26' title='bbox 202 829 357 894; x_wconf 82' lang='lat' dir='ltr'><strong>taberolo.</strong></span> <span class='ocrx_word' id='word_1_27' title='bbox 383 848 405 891; x_wconf 97' lang='lat' dir='ltr'><strong>o</strong></span> <span class='ocrx_word' id='word_1_28' title='bbox 424 838 560 912; x_wconf 84' lang='lat' dir='ltr'><strong>quantos</strong></span> <span class='ocrx_word' id='word_1_29' title='bbox 580 830 684 893; x_wconf 82' lang='lat' dir='ltr'><strong>luctus</strong></span> <span class='ocrx_word' id='word_1_30' title='bbox 704 831 861 905; x_wconf 81' lang='lat' dir='ltr'><strong>omnium,</strong></span> <span class='ocrx_word' id='word_1_31' title='bbox 880 830 940 893; x_wconf 83' lang='lat' dir='ltr'><strong>aed</strong></span> <span class='ocrx_word' id='word_1_32' title='bbox 959 830 1095 894; x_wconf 72' lang='lat' dir='ltr'><strong>maximo</strong></span> <span class='ocrx_word' id='word_1_33' title='bbox 1119 828 1237 914; x_wconf 68' lang='lat' dir='ltr'><strong>princi</strong></span> 
     </span>
     <span class='ocr_line' id='line_1_6' title="bbox 203 941 1237 1024; baseline 0.002 -19"><span class='ocrx_word' id='word_1_34' title='bbox 203 961 296 1024; x_wconf 90' lang='lat' dir='ltr'><strong>pum,</strong></span> <span class='ocrx_word' id='word_1_35' title='bbox 324 942 405 1004; x_wconf 88' lang='lat' dir='ltr'><strong>inter</strong></span> <span class='ocrx_word' id='word_1_36' title='bbox 425 961 506 1023; x_wconf 90' lang='lat' dir='ltr'><strong>quos</strong></span> <span class='ocrx_word' id='word_1_37' title='bbox 528 949 617 1022; x_wconf 85' lang='lat' dir='ltr'><strong>pater</strong></span> <span class='ocrx_word' id='word_1_38' title='bbox 640 941 800 1006; x_wconf 89' lang='lat' dir='ltr'><strong>desolatus</strong></span> <span class='ocrx_word' id='word_1_39' title='bbox 820 961 918 1024; x_wconf 72' lang='lat' dir='ltr'><strong>graue</strong></span> <span class='ocrx_word' id='word_1_40' title='bbox 942 943 1037 1005; x_wconf 79' lang='lat' dir='ltr'><strong>traxit</strong></span> <span class='ocrx_word' id='word_1_41' title='bbox 1056 942 1237 1024; x_wconf 72' lang='lat' dir='ltr'><strong>suspirium.</strong></span> 
     </span>
     <span class='ocr_line' id='line_1_7' title="bbox 203 1053 1236 1136; baseline 0 -19"><span class='ocrx_word' id='word_1_42' title='bbox 203 1054 315 1117; x_wconf 81' lang='lat' dir='ltr'><strong>uidens</strong></span> <span class='ocrx_word' id='word_1_43' title='bbox 331 1053 414 1116; x_wconf 89' lang='lat' dir='ltr'><strong>euim</strong></span> <span class='ocrx_word' id='word_1_44' title='bbox 429 1073 463 1115; x_wconf 88' lang='lat' dir='ltr'><strong>se</strong></span> <span class='ocrx_word' id='word_1_45' title='bbox 478 1053 579 1115; x_wconf 90' lang='lat' dir='ltr'><strong>solum</strong></span> <span class='ocrx_word' id='word_1_46' title='bbox 593 1053 662 1118; x_wconf 88' lang='lat' dir='ltr'><strong>sine</strong></span> <span class='ocrx_word' id='word_1_47' title='bbox 675 1074 732 1135; x_wconf 87' lang='lat' dir='ltr'><strong>spe</strong></span> <span class='ocrx_word' id='word_1_48' title='bbox 747 1053 939 1135; x_wconf 70' lang='lat' dir='ltr'><strong>posteritatis</strong></span> <span class='ocrx_word' id='word_1_49' title='bbox 953 1053 1148 1128; x_wconf 82' lang='lat' dir='ltr'><strong>derelictum,</strong></span> <span class='ocrx_word' id='word_1_50' title='bbox 1169 1053 1236 1136; x_wconf 87' lang='lat' dir='ltr'><strong>pie·</strong></span> 
     </span>
     <span class='ocr_line' id='line_1_8' title="bbox 204 1164 1237 1252; baseline -0.001 -23"><span class='ocrx_word' id='word_1_51' title='bbox 204 1165 276 1229; x_wconf 83' lang='lat' dir='ltr'><strong>tatia</strong></span> <span class='ocrx_word' id='word_1_52' title='bbox 290 1167 407 1229; x_wconf 85' lang='lat' dir='ltr'><strong>allecto</strong></span> <span class='ocrx_word' id='word_1_53' title='bbox 420 1165 531 1228; x_wconf 88' lang='lat' dir='ltr'><strong>doluit.</strong></span> <span class='ocrx_word' id='word_1_54' title='bbox 553 1165 657 1229; x_wconf 85' lang='lat' dir='ltr'><strong>sciens</strong></span> <span class='ocrx_word' id='word_1_55' title='bbox 671 1184 750 1228; x_wconf 90' lang='lat' dir='ltr'><strong>uero</strong></span> <span class='ocrx_word' id='word_1_56' title='bbox 765 1164 934 1252; x_wconf 85' lang='lat' dir='ltr'><strong>scriptum:</strong></span> <span class='ocrx_word' id='word_1_57' title='bbox 955 1184 1021 1226; x_wconf 94' lang='lat' dir='ltr'><strong>non</strong></span> <span class='ocrx_word' id='word_1_58' title='bbox 1034 1172 1084 1228; x_wconf 87' lang='lat' dir='ltr'><strong>cat</strong></span> <span class='ocrx_word' id='word_1_59' title='bbox 1097 1165 1237 1247; x_wconf 79' lang='lat' dir='ltr'><strong>pruden-</strong></span> 
     </span>
     <span class='ocr_line' id='line_1_9' title="bbox 204 1275 1239 1358; baseline -0.002 -16"><span class='ocrx_word' id='word_1_60' title='bbox 204 1277 271 1353; x_wconf 87' lang='lat' dir='ltr'><strong>cia,</strong></span> <span class='ocrx_word' id='word_1_61' title='bbox 299 1296 363 1339; x_wconf 91' lang='lat' dir='ltr'><strong>non</strong></span> <span class='ocrx_word' id='word_1_62' title='bbox 388 1276 563 1358; x_wconf 79' lang='lat' dir='ltr'><strong>sapiencia,</strong></span> <span class='ocrx_word' id='word_1_63' title='bbox 592 1296 656 1338; x_wconf 86' lang='lat' dir='ltr'><strong>non</strong></span> <span class='ocrx_word' id='word_1_64' title='bbox 680 1275 845 1341; x_wconf 89' lang='lat' dir='ltr'><strong>consilium</strong></span> <span class='ocrx_word' id='word_1_65' title='bbox 866 1282 976 1339; x_wconf 88' lang='lat' dir='ltr'><strong>eontra</strong></span> <span class='ocrx_word' id='word_1_66' title='bbox 997 1276 1177 1352; x_wconf 78' lang='lat' dir='ltr'><strong>dominum,</strong></span> <span class='ocrx_word' id='word_1_67' title='bbox 1205 1283 1239 1340; x_wconf 86' lang='lat' dir='ltr'><strong>et</strong></span> 
     </span>
     <span class='ocr_line' id='line_1_10' title="bbox 204 1386 1239 1472; baseline 0 -20"><span class='ocrx_word' id='word_1_68' title='bbox 204 1388 329 1453; x_wconf 84' lang='lat' dir='ltr'><strong>illudio</strong></span> <span class='ocrx_word' id='word_1_69' title='bbox 343 1389 533 1453; x_wconf 83' lang='lat' dir='ltr'><strong>canonibus:</strong></span> <span class='ocrx_word' id='word_1_70' title='bbox 554 1390 713 1452; x_wconf 88' lang='lat' dir='ltr'><strong>neminem</strong></span> <span class='ocrx_word' id='word_1_71' title='bbox 727 1386 991 1472; x_wconf 85' lang='lat' dir='ltr'><strong>propter&#39;obitum</strong></span> <span class='ocrx_word' id='word_1_72' title='bbox 1004 1408 1149 1451; x_wconf 81' lang='lat' dir='ltr'><strong>carorum</strong></span> <span class='ocrx_word' id='word_1_73' title='bbox 1163 1407 1239 1453; x_wconf 63' lang='lat' dir='ltr'><strong>ano</strong></span> 
     </span>
     <span class='ocr_line' id='line_1_11' title="bbox 203 1501 1239 1583; baseline -0.001 -18"><span class='ocrx_word' id='word_1_74' title='bbox 203 1521 274 1565; x_wconf 86' lang='lat' dir='ltr'><strong>rom</strong></span> <span class='ocrx_word' id='word_1_75' title='bbox 295 1503 387 1565; x_wconf 83' lang='lat' dir='ltr'><strong>nimia</strong></span> <span class='ocrx_word' id='word_1_76' title='bbox 409 1503 527 1565; x_wconf 88' lang='lat' dir='ltr'><strong>dehere</strong></span> <span class='ocrx_word' id='word_1_77' title='bbox 549 1502 743 1575; x_wconf 88' lang='lat' dir='ltr'><strong>contristari,</strong></span> <span class='ocrx_word' id='word_1_78' title='bbox 765 1501 910 1583; x_wconf 84' lang='lat' dir='ltr'><strong>deposito</strong></span> <span class='ocrx_word' id='word_1_79' title='bbox 932 1520 1058 1564; x_wconf 88' lang='lat' dir='ltr'><strong>merore</strong></span> <span class='ocrx_word' id='word_1_80' title='bbox 1079 1520 1116 1564; x_wconf 84' lang='lat' dir='ltr'><strong>aa</strong></span> <span class='ocrx_word' id='word_1_81' title='bbox 1137 1507 1239 1564; x_wconf 71' lang='lat' dir='ltr'><strong>totum</strong></span> 
     </span>
     <span class='ocr_line' id='line_1_12' title="bbox 206 1610 1239 1695; baseline -0.002 -20"><span class='ocrx_word' id='word_1_82' title='bbox 206 1611 338 1675; x_wconf 88' lang='lat' dir='ltr'><strong>eontulit</strong></span> <span class='ocrx_word' id='word_1_83' title='bbox 352 1614 392 1675; x_wconf 87' lang='lat' dir='ltr'><strong>ad</strong></span> <span class='ocrx_word' id='word_1_84' title='bbox 407 1614 603 1695; x_wconf 80' lang='lat' dir='ltr'><strong>querendam</strong></span> <span class='ocrx_word' id='word_1_85' title='bbox 618 1610 793 1694; x_wconf 78' lang='lat' dir='ltr'><strong>largitatem</strong></span> <span class='ocrx_word' id='word_1_86' title='bbox 808 1611 1023 1674; x_wconf 74' lang='lat' dir='ltr'><strong>misericordie</strong></span> <span class='ocrx_word' id='word_1_87' title='bbox 1038 1611 1164 1685; x_wconf 84' lang='lat' dir='ltr'><strong>diuino,</strong></span> <span class='ocrx_word' id='word_1_88' title='bbox 1184 1629 1239 1673; x_wconf 84' lang='lat' dir='ltr'><strong>cc-</strong></span> 
     </span>
     <span class='ocr_line' id='line_1_13' title="bbox 206 1721 1238 1797; baseline 0 -11"><span class='ocrx_word' id='word_1_89' title='bbox 206 1724 373 1787; x_wconf 90' lang='lat' dir='ltr'><strong>nobiorum</strong></span> <span class='ocrx_word' id='word_1_90' title='bbox 395 1734 425 1787; x_wconf 89' lang='lat' dir='ltr'><strong>et</strong></span> <span class='ocrx_word' id='word_1_91' title='bbox 447 1722 652 1786; x_wconf 85' lang='lat' dir='ltr'><strong>ecclesiarum</strong></span> <span class='ocrx_word' id='word_1_92' title='bbox 671 1722 845 1797; x_wconf 84' lang='lat' dir='ltr'><strong>ministros,</strong></span> <span class='ocrx_word' id='word_1_93' title='bbox 866 1722 1038 1785; x_wconf 82' lang='lat' dir='ltr'><strong>monachos</strong></span> <span class='ocrx_word' id='word_1_94' title='bbox 1056 1731 1089 1786; x_wconf 84' lang='lat' dir='ltr'><strong>et</strong></span> <span class='ocrx_word' id='word_1_95' title='bbox 1107 1721 1238 1786; x_wconf 83' lang='lat' dir='ltr'><strong>clericos</strong></span> 
     </span>
     <span class='ocr_line' id='line_1_14' title="bbox 204 1833 1240 1916; baseline -0.001 -17"><span class='ocrx_word' id='word_1_96' title='bbox 204 1835 339 1899; x_wconf 83' lang='lat' dir='ltr'><strong>diuersis</strong></span> <span class='ocrx_word' id='word_1_97' title='bbox 361 1834 604 1898; x_wconf 87' lang='lat' dir='ltr'><strong>elemosinarum</strong></span> <span class='ocrx_word' id='word_1_98' title='bbox 624 1834 715 1896; x_wconf 89' lang='lat' dir='ltr'><strong>donis</strong></span> <span class='ocrx_word' id='word_1_99' title='bbox 737 1833 933 1909; x_wconf 85' lang='lat' dir='ltr'><strong>consolatur,</strong></span> <span class='ocrx_word' id='word_1_100' title='bbox 960 1853 1117 1916; x_wconf 79' lang='lat' dir='ltr'><strong>expensas</strong></span> <span class='ocrx_word' id='word_1_101' title='bbox 1137 1835 1240 1898; x_wconf 68' lang='lat' dir='ltr'><strong>moire</strong></span> 
     </span>
     <span class='ocr_line' id='line_1_15' title="bbox 207 1946 1240 2030; baseline -0.002 -19"><span class='ocrx_word' id='word_1_102' title='bbox 207 1957 361 2030; x_wconf 80' lang='lat' dir='ltr'><strong>sumptus,</strong></span> <span class='ocrx_word' id='word_1_103' title='bbox 374 1967 437 2030; x_wconf 91' lang='lat' dir='ltr'><strong>que</strong></span> <span class='ocrx_word' id='word_1_104' title='bbox 448 1947 489 2009; x_wconf 80' lang='lat' dir='ltr'><strong>atl</strong></span> <span class='ocrx_word' id='word_1_105' title='bbox 503 1967 635 2029; x_wconf 88' lang='lat' dir='ltr'><strong>presens</strong></span> <span class='ocrx_word' id='word_1_106' title='bbox 647 1946 767 2010; x_wconf 87' lang='lat' dir='ltr'><strong>hahere</strong></span> <span class='ocrx_word' id='word_1_107' title='bbox 783 1954 924 2030; x_wconf 90' lang='lat' dir='ltr'><strong>poterat,</strong></span> <span class='ocrx_word' id='word_1_108' title='bbox 938 1946 1112 2030; x_wconf 75' lang='lat' dir='ltr'><strong>peregrinis</strong></span> <span class='ocrx_word' id='word_1_109' title='bbox 1123 1946 1240 2020; x_wconf 74' lang='lat' dir='ltr'><strong>aiduh,</strong></span> 
     </span>
     <span class='ocr_line' id='line_1_16' title="bbox 208 2058 1240 2143; baseline 0.002 -21"><span class='ocrx_word' id='word_1_110' title='bbox 208 2058 357 2141; x_wconf 87' lang='lat' dir='ltr'><strong>orphanis</strong></span> <span class='ocrx_word' id='word_1_111' title='bbox 387 2060 540 2143; x_wconf 79' lang='lat' dir='ltr'><strong>erogauit.</strong></span> <span class='ocrx_word' id='word_1_112' title='bbox 582 2068 761 2123; x_wconf 86' lang='lat' dir='ltr'><strong>exterorum</strong></span> <span class='ocrx_word' id='word_1_113' title='bbox 787 2060 885 2123; x_wconf 83' lang='lat' dir='ltr'><strong>eciam</strong></span> <span class='ocrx_word' id='word_1_114' title='bbox 912 2059 1175 2124; x_wconf 77' lang='lat' dir='ltr'><strong>monasteriorum</strong></span> <span class='ocrx_word' id='word_1_115' title='bbox 1200 2079 1240 2125; x_wconf 90' lang='lat' dir='ltr'><strong>ac</strong></span> 
     </span>
     <span class='ocr_line' id='line_1_17' title="bbox 203 2171 1240 2254; baseline 0 -19"><span class='ocrx_word' id='word_1_116' title='bbox 203 2171 440 2254; x_wconf 85' lang='lat' dir='ltr'><strong>prouinciarum</strong></span> <span class='ocrx_word' id='word_1_117' title='bbox 454 2173 540 2235; x_wconf 88' lang='lat' dir='ltr'><strong>uiros</strong></span> <span class='ocrx_word' id='word_1_118' title='bbox 556 2171 777 2235; x_wconf 85' lang='lat' dir='ltr'><strong>muuillcencie</strong></span> <span class='ocrx_word' id='word_1_119' title='bbox 790 2172 877 2254; x_wconf 75' lang='lat' dir='ltr'><strong>regie</strong></span> <span class='ocrx_word' id='word_1_120' title='bbox 888 2172 979 2235; x_wconf 84' lang='lat' dir='ltr'><strong>donis</strong></span> <span class='ocrx_word' id='word_1_121' title='bbox 995 2171 1168 2235; x_wconf 83' lang='lat' dir='ltr'><strong>innumeris</strong></span> <span class='ocrx_word' id='word_1_122' title='bbox 1182 2190 1240 2254; x_wconf 82' lang='lat' dir='ltr'><strong>per</strong></span> 
     </span>
     <span class='ocr_line' id='line_1_18' title="bbox 208 2284 1241 2369; baseline -0.001 -20"><span class='ocrx_word' id='word_1_123' title='bbox 208 2285 342 2349; x_wconf 84' lang='lat' dir='ltr'><strong>nuncios</strong></span> <span class='ocrx_word' id='word_1_124' title='bbox 356 2305 430 2348; x_wconf 90' lang='lat' dir='ltr'><strong>suos</strong></span> <span class='ocrx_word' id='word_1_125' title='bbox 445 2305 522 2368; x_wconf 88' lang='lat' dir='ltr'><strong>sepe</strong></span> <span class='ocrx_word' id='word_1_126' title='bbox 538 2285 692 2359; x_wconf 89' lang='lat' dir='ltr'><strong>uisitauit,</strong></span> <span class='ocrx_word' id='word_1_127' title='bbox 713 2285 918 2369; x_wconf 74' lang='lat' dir='ltr'><strong>grauedinem</strong></span> <span class='ocrx_word' id='word_1_128' title='bbox 938 2303 1077 2360; x_wconf 86' lang='lat' dir='ltr'><strong>morum,</strong></span> <span class='ocrx_word' id='word_1_129' title='bbox 1097 2305 1193 2369; x_wconf 85' lang='lat' dir='ltr'><strong>quam</strong></span> <span class='ocrx_word' id='word_1_130' title='bbox 1207 2284 1241 2348; x_wconf 87' lang='lat' dir='ltr'><strong>iu</strong></span> 
     </span>
    </p>
   </div>
   <div class='ocr_carea' id='block_1_3' title="bbox 206 2396 1242 2703">
    <p class='ocr_par' dir='ltr' id='par_1_3' title="bbox 206 2396 1242 2703">
     <span class='ocr_line' id='line_1_19' title="bbox 208 2396 1241 2485; baseline 0.001 -26"><span class='ocrx_word' id='word_1_131' title='bbox 208 2397 375 2462; x_wconf 87' lang='lat' dir='ltr'><strong>iuuentute</strong></span> <span class='ocrx_word' id='word_1_132' title='bbox 391 2406 593 2480; x_wconf 77' lang='lat' dir='ltr'><strong>perceperat,</strong></span> <span class='ocrx_word' id='word_1_133' title='bbox 613 2417 714 2480; x_wconf 88' lang='lat' dir='ltr'><strong>usquc</strong></span> <span class='ocrx_word' id='word_1_134' title='bbox 728 2397 769 2461; x_wconf 83' lang='lat' dir='ltr'><strong>ad</strong></span> <span class='ocrx_word' id='word_1_135' title='bbox 782 2397 878 2459; x_wconf 88' lang='lat' dir='ltr'><strong>linem</strong></span> <span class='ocrx_word' id='word_1_136' title='bbox 897 2396 961 2460; x_wconf 90' lang='lat' dir='ltr'><strong>nite</strong></span> <span class='ocrx_word' id='word_1_137' title='bbox 975 2397 1092 2485; x_wconf 82' lang='lat' dir='ltr'><strong>tenuit,</strong></span> <span class='ocrx_word' id='word_1_138' title='bbox 1112 2397 1168 2460; x_wconf 82' lang='lat' dir='ltr'><strong>nix</strong></span> <span class='ocrx_word' id='word_1_139' title='bbox 1182 2416 1241 2460; x_wconf 86' lang='lat' dir='ltr'><strong>un·</strong></span> 
     </span>
     <span class='ocr_line' id='line_1_20' title="bbox 206 2509 1242 2592; baseline 0 -20"><span class='ocrx_word' id='word_1_140' title='bbox 206 2530 301 2591; x_wconf 83' lang='lat' dir='ltr'><strong>qnam</strong></span> <span class='ocrx_word' id='word_1_141' title='bbox 323 2512 362 2572; x_wconf 86' lang='lat' dir='ltr'><strong>ad</strong></span> <span class='ocrx_word' id='word_1_142' title='bbox 386 2512 483 2574; x_wconf 91' lang='lat' dir='ltr'><strong>risum</strong></span> <span class='ocrx_word' id='word_1_143' title='bbox 499 2510 580 2574; x_wconf 85' lang='lat' dir='ltr'><strong>lohic</strong></span> <span class='ocrx_word' id='word_1_144' title='bbox 597 2510 712 2585; x_wconf 88' lang='lat' dir='ltr'><strong>mouit,</strong></span> <span class='ocrx_word' id='word_1_145' title='bbox 737 2509 882 2572; x_wconf 80' lang='lat' dir='ltr'><strong>recolens</strong></span> <span class='ocrx_word' id='word_1_146' title='bbox 896 2509 1064 2592; x_wconf 84' lang='lat' dir='ltr'><strong>scripturn:</strong></span> <span class='ocrx_word' id='word_1_147' title='bbox 1085 2509 1168 2573; x_wconf 87' lang='lat' dir='ltr'><strong>risus</strong></span> <span class='ocrx_word' id='word_1_148' title='bbox 1182 2509 1242 2572; x_wconf 79' lang='lat' dir='ltr'><strong>‹lo-</strong></span> 
     </span>
     <span class='ocr_line' id='line_1_21' title="bbox 210 2618 1241 2703; baseline -0.001 -21"><span class='ocrx_word' id='word_1_149' title='bbox 210 2619 277 2684; x_wconf 90' lang='lat' dir='ltr'><strong>lore</strong></span> <span class='ocrx_word' id='word_1_150' title='bbox 293 2621 482 2695; x_wconf 83' lang='lat' dir='ltr'><strong>miscebitur,</strong></span> <span class='ocrx_word' id='word_1_151' title='bbox 505 2630 537 2685; x_wconf 87' lang='lat' dir='ltr'><strong>et</strong></span> <span class='ocrx_word' id='word_1_152' title='bbox 551 2630 693 2684; x_wconf 82' lang='lat' dir='ltr'><strong>extrema</strong></span> <span class='ocrx_word' id='word_1_153' title='bbox 706 2621 814 2703; x_wconf 79' lang='lat' dir='ltr'><strong>gaudii</strong></span> <span class='ocrx_word' id='word_1_154' title='bbox 827 2618 930 2683; x_wconf 91' lang='lat' dir='ltr'><strong>luctus</strong></span> <span class='ocrx_word' id='word_1_155' title='bbox 944 2628 1095 2703; x_wconf 88' lang='lat' dir='ltr'><strong>occupat,</strong></span> <span class='ocrx_word' id='word_1_156' title='bbox 1114 2640 1241 2701; x_wconf 85' lang='lat' dir='ltr'><strong>semper</strong></span> 
     </span>
    </p>
   </div>
   <div class='ocr_carea' id='block_1_4' title="bbox 209 2731 1248 4036">
    <p class='ocr_par' dir='ltr' id='par_1_4' title="bbox 209 2731 1242 2927">
     <span class='ocr_line' id='line_1_22' title="bbox 210 2731 1242 2813; baseline -0.001 -19"><span class='ocrx_word' id='word_1_157' title='bbox 210 2732 255 2794; x_wconf 87' lang='lat' dir='ltr'><strong>sic</strong></span> <span class='ocrx_word' id='word_1_158' title='bbox 269 2751 435 2813; x_wconf 86' lang='lat' dir='ltr'><strong>apparens,</strong></span> <span class='ocrx_word' id='word_1_159' title='bbox 457 2752 494 2794; x_wconf 86' lang='lat' dir='ltr'><strong>ac</strong></span> <span class='ocrx_word' id='word_1_160' title='bbox 516 2734 543 2795; x_wconf 91' lang='lat' dir='ltr'><strong>si</strong></span> <span class='ocrx_word' id='word_1_161' title='bbox 564 2742 638 2795; x_wconf 90' lang='lat' dir='ltr'><strong>ante</strong></span> <span class='ocrx_word' id='word_1_162' title='bbox 661 2731 797 2797; x_wconf 85' lang='lat' dir='ltr'><strong>tribunal</strong></span> <span class='ocrx_word' id='word_1_163' title='bbox 813 2732 928 2797; x_wconf 81' lang='lat' dir='ltr'><strong>Christi</strong></span> <span class='ocrx_word' id='word_1_164' title='bbox 949 2740 1062 2806; x_wconf 83' lang='lat' dir='ltr'><strong>atarat,</strong></span> <span class='ocrx_word' id='word_1_165' title='bbox 1082 2731 1242 2794; x_wconf 83' lang='lat' dir='ltr'><strong>interiori·</strong></span> 
     </span>
     <span class='ocr_line' id='line_1_23' title="bbox 209 2843 1240 2927; baseline 0 -21"><span class='ocrx_word' id='word_1_166' title='bbox 209 2844 267 2906; x_wconf 85' lang='lat' dir='ltr'><strong>hus</strong></span> <span class='ocrx_word' id='word_1_167' title='bbox 293 2844 391 2906; x_wconf 86' lang='lat' dir='ltr'><strong>oculis</strong></span> <span class='ocrx_word' id='word_1_168' title='bbox 417 2845 485 2906; x_wconf 89' lang='lat' dir='ltr'><strong>eius</strong></span> <span class='ocrx_word' id='word_1_169' title='bbox 511 2847 706 2927; x_wconf 86' lang='lat' dir='ltr'><strong>presenciam</strong></span> <span class='ocrx_word' id='word_1_170' title='bbox 738 2845 828 2908; x_wconf 94' lang='lat' dir='ltr'><strong>uultu</strong></span> <span class='ocrx_word' id='word_1_171' title='bbox 856 2847 999 2909; x_wconf 89' lang='lat' dir='ltr'><strong>uerendo</strong></span> <span class='ocrx_word' id='word_1_172' title='bbox 1024 2843 1240 2927; x_wconf 83' lang='lat' dir='ltr'><strong>conspiciens,</strong></span> 
     </span>
    </p>

    <p class='ocr_par' dir='ltr' id='par_1_5' title="bbox 210 2953 1248 4036">
     <span class='ocr_line' id='line_1_24' title="bbox 235 2953 1242 3031; baseline 0.001 -14"><span class='ocrx_word' id='word_1_173' title='bbox 235 2953 367 3017; x_wconf 82' lang='lat' dir='ltr'><strong>hristum</strong></span> <span class='ocrx_word' id='word_1_174' title='bbox 389 2956 421 3017; x_wconf 93' lang='lat' dir='ltr'><strong>in</strong></span> <span class='ocrx_word' id='word_1_175' title='bbox 442 2976 516 3030; x_wconf 91' lang='lat' dir='ltr'><strong>ore,</strong></span> <span class='ocrx_word' id='word_1_176' title='bbox 538 2957 695 3019; x_wconf 83' lang='lat' dir='ltr'><strong>Christum</strong></span> <span class='ocrx_word' id='word_1_177' title='bbox 710 2957 743 3019; x_wconf 91' lang='lat' dir='ltr'><strong>in</strong></span> <span class='ocrx_word' id='word_1_178' title='bbox 758 2958 872 3031; x_wconf 88' lang='lat' dir='ltr'><strong>corde,</strong></span> <span class='ocrx_word' id='word_1_179' title='bbox 893 2956 1054 3019; x_wconf 85' lang='lat' dir='ltr'><strong>Christum</strong></span> <span class='ocrx_word' id='word_1_180' title='bbox 1075 2956 1107 3019; x_wconf 92' lang='lat' dir='ltr'><strong>in</strong></span> <span class='ocrx_word' id='word_1_181' title='bbox 1122 2954 1242 3018; x_wconf 89' lang='lat' dir='ltr'><strong>cunctis</strong></span> 
     </span>
     <span class='ocr_line' id='line_1_25' title="bbox 211 3067 1244 3149; baseline 0.001 -21"><span class='ocrx_word' id='word_1_182' title='bbox 211 3067 332 3129; x_wconf 87' lang='lat' dir='ltr'><strong>actibus</strong></span> <span class='ocrx_word' id='word_1_183' title='bbox 359 3087 394 3130; x_wconf 87' lang='lat' dir='ltr'><strong>se</strong></span> <span class='ocrx_word' id='word_1_184' title='bbox 420 3074 542 3148; x_wconf 75' lang='lat' dir='ltr'><strong>gestare</strong></span> <span class='ocrx_word' id='word_1_185' title='bbox 566 3069 800 3132; x_wconf 82' lang='lat' dir='ltr'><strong>demonstrauit</strong></span> <span class='ocrx_word' id='word_1_186' title='bbox 838 3069 924 3131; x_wconf 84' lang='lat' dir='ltr'><strong>diem</strong></span> <span class='ocrx_word' id='word_1_187' title='bbox 949 3067 1092 3131; x_wconf 89' lang='lat' dir='ltr'><strong>ultimum</strong></span> <span class='ocrx_word' id='word_1_188' title='bbox 1116 3085 1244 3149; x_wconf 86' lang='lat' dir='ltr'><strong>semper</strong></span> 
     </span>
     <span class='ocr_line' id='line_1_26' title="bbox 210 3178 1245 3252; baseline 0.003 -12"><span class='ocrx_word' id='word_1_189' title='bbox 210 3187 283 3241; x_wconf 89' lang='lat' dir='ltr'><strong>ante</strong></span> <span class='ocrx_word' id='word_1_190' title='bbox 305 3198 340 3242; x_wconf 88' lang='lat' dir='ltr'><strong>se</strong></span> <span class='ocrx_word' id='word_1_191' title='bbox 364 3180 469 3244; x_wconf 84' lang='lat' dir='ltr'><strong>cordis</strong></span> <span class='ocrx_word' id='word_1_192' title='bbox 491 3180 650 3244; x_wconf 87' lang='lat' dir='ltr'><strong>desiderio</strong></span> <span class='ocrx_word' id='word_1_193' title='bbox 671 3189 738 3244; x_wconf 89' lang='lat' dir='ltr'><strong>toto</strong></span> <span class='ocrx_word' id='word_1_194' title='bbox 757 3182 870 3244; x_wconf 88' lang='lat' dir='ltr'><strong>mentis</strong></span> <span class='ocrx_word' id='word_1_195' title='bbox 892 3189 1049 3252; x_wconf 86' lang='lat' dir='ltr'><strong>statuens,</strong></span> <span class='ocrx_word' id='word_1_196' title='bbox 1078 3178 1140 3242; x_wconf 85' lang='lat' dir='ltr'><strong>iam</strong></span> <span class='ocrx_word' id='word_1_197' title='bbox 1160 3179 1245 3243; x_wconf 89' lang='lat' dir='ltr'><strong>inter</strong></span> 
     </span>
     <span class='ocr_line' id='line_1_27' title="bbox 215 3291 1243 3376; baseline -0.002 -23"><span class='ocrx_word' id='word_1_198' title='bbox 215 3292 314 3374; x_wconf 88' lang='lat' dir='ltr'><strong>patrie</strong></span> <span class='ocrx_word' id='word_1_199' title='bbox 336 3292 461 3355; x_wconf 87' lang='lat' dir='ltr'><strong>celestis</strong></span> <span class='ocrx_word' id='word_1_200' title='bbox 483 3292 588 3367; x_wconf 90' lang='lat' dir='ltr'><strong>ciues,</strong></span> <span class='ocrx_word' id='word_1_201' title='bbox 608 3294 697 3376; x_wconf 89' lang='lat' dir='ltr'><strong>quasi</strong></span> <span class='ocrx_word' id='word_1_202' title='bbox 713 3294 850 3376; x_wconf 84' lang='lat' dir='ltr'><strong>quodam</strong></span> <span class='ocrx_word' id='word_1_203' title='bbox 865 3292 1006 3375; x_wconf 76' lang='lat' dir='ltr'><strong>supellec</strong></span> <span class='ocrx_word' id='word_1_204' title='bbox 1021 3291 1243 3354; x_wconf 85' lang='lat' dir='ltr'><strong>conuersacio·</strong></span> 
     </span>
     <span class='ocr_line' id='line_1_28' title="bbox 213 3401 1244 3486; baseline -0.003 -19"><span class='ocrx_word' id='word_1_205' title='bbox 213 3404 262 3467; x_wconf 86' lang='lat' dir='ltr'><strong>ois</strong></span> <span class='ocrx_word' id='word_1_206' title='bbox 277 3403 384 3468; x_wconf 88' lang='lat' dir='ltr'><strong>habitu</strong></span> <span class='ocrx_word' id='word_1_207' title='bbox 399 3404 545 3486; x_wconf 84' lang='lat' dir='ltr'><strong>cupiebat</strong></span> <span class='ocrx_word' id='word_1_208' title='bbox 559 3405 710 3468; x_wconf 77' lang='lat' dir='ltr'><strong>hahitare.</strong></span> <span class='ocrx_word' id='word_1_209' title='bbox 735 3405 855 3468; x_wconf 86' lang='lat' dir='ltr'><strong>conctis</strong></span> <span class='ocrx_word' id='word_1_210' title='bbox 869 3404 931 3466; x_wconf 78' lang='lat' dir='ltr'><strong>cleo</strong></span> <span class='ocrx_word' id='word_1_211' title='bbox 946 3401 1131 3486; x_wconf 85' lang='lat' dir='ltr'><strong>placitarum</strong></span> <span class='ocrx_word' id='word_1_212' title='bbox 1144 3402 1244 3465; x_wconf 87' lang='lat' dir='ltr'><strong>uirtu-</strong></span> 
     </span>
     <span class='ocr_line' id='line_1_29' title="bbox 213 3515 1244 3599; baseline -0.003 -20"><span class='ocrx_word' id='word_1_213' title='bbox 213 3525 279 3579; x_wconf 88' lang='lat' dir='ltr'><strong>tom</strong></span> <span class='ocrx_word' id='word_1_214' title='bbox 297 3517 465 3599; x_wconf 76' lang='lat' dir='ltr'><strong>generibus</strong></span> <span class='ocrx_word' id='word_1_215' title='bbox 486 3520 674 3592; x_wconf 81' lang='lat' dir='ltr'><strong>adornatus,</strong></span> <span class='ocrx_word' id='word_1_216' title='bbox 698 3525 729 3578; x_wconf 90' lang='lat' dir='ltr'><strong>et</strong></span> <span class='ocrx_word' id='word_1_217' title='bbox 750 3516 782 3579; x_wconf 91' lang='lat' dir='ltr'><strong>in</strong></span> <span class='ocrx_word' id='word_1_218' title='bbox 803 3515 926 3580; x_wconf 81' lang='lat' dir='ltr'><strong>iusticia</strong></span> <span class='ocrx_word' id='word_1_219' title='bbox 945 3515 1118 3580; x_wconf 88' lang='lat' dir='ltr'><strong>sanctitatis</strong></span> <span class='ocrx_word' id='word_1_220' title='bbox 1138 3533 1244 3577; x_wconf 90' lang='lat' dir='ltr'><strong>coram</strong></span> 
     </span>
     <span class='ocr_line' id='line_1_30' title="bbox 213 3626 1243 3709; baseline -0.002 -19"><span class='ocrx_word' id='word_1_221' title='bbox 213 3626 283 3709; x_wconf 91' lang='lat' dir='ltr'><strong>ipso</strong></span> <span class='ocrx_word' id='word_1_222' title='bbox 298 3630 442 3692; x_wconf 87' lang='lat' dir='ltr'><strong>omnibus</strong></span> <span class='ocrx_word' id='word_1_223' title='bbox 455 3630 566 3693; x_wconf 87' lang='lat' dir='ltr'><strong>diebus</strong></span> <span class='ocrx_word' id='word_1_224' title='bbox 580 3631 647 3692; x_wconf 88' lang='lat' dir='ltr'><strong>uite</strong></span> <span class='ocrx_word' id='word_1_225' title='bbox 660 3648 716 3692; x_wconf 86' lang='lat' dir='ltr'><strong>sue</strong></span> <span class='ocrx_word' id='word_1_226' title='bbox 732 3629 915 3691; x_wconf 87' lang='lat' dir='ltr'><strong>conuersari</strong></span> <span class='ocrx_word' id='word_1_227' title='bbox 930 3629 1089 3701; x_wconf 88' lang='lat' dir='ltr'><strong>decreuit,</strong></span> <span class='ocrx_word' id='word_1_228' title='bbox 1110 3627 1243 3691; x_wconf 88' lang='lat' dir='ltr'><strong>utinen</strong></span> 
     </span>
     <span class='ocr_line' id='line_1_31' title="bbox 213 3736 1248 3822; baseline 0 -21"><span class='ocrx_word' id='word_1_229' title='bbox 213 3737 275 3801; x_wconf 92' lang='lat' dir='ltr'><strong>iam</strong></span> <span class='ocrx_word' id='word_1_230' title='bbox 299 3740 435 3819; x_wconf 86' lang='lat' dir='ltr'><strong>quedam</strong></span> <span class='ocrx_word' id='word_1_231' title='bbox 455 3739 558 3802; x_wconf 84' lang='lat' dir='ltr'><strong>loturo</strong></span> <span class='ocrx_word' id='word_1_232' title='bbox 579 3739 821 3822; x_wconf 73' lang='lat' dir='ltr'><strong>glorificacionia</strong></span> <span class='ocrx_word' id='word_1_233' title='bbox 841 3758 915 3820; x_wconf 86' lang='lat' dir='ltr'><strong>apes</strong></span> <span class='ocrx_word' id='word_1_234' title='bbox 929 3736 1106 3802; x_wconf 81' lang='lat' dir='ltr'><strong>clarescere</strong></span> <span class='ocrx_word' id='word_1_235' title='bbox 1121 3738 1248 3801; x_wconf 81' lang='lat' dir='ltr'><strong>uidere·</strong></span> 
     </span>
     <span class='ocr_line' id='line_1_32' title="bbox 214 3847 1247 3932; baseline 0.001 -22"><span class='ocrx_word' id='word_1_236' title='bbox 214 3855 275 3910; x_wconf 91' lang='lat' dir='ltr'><strong>tor.</strong></span> <span class='ocrx_word' id='word_1_237' title='bbox 297 3850 425 3912; x_wconf 87' lang='lat' dir='ltr'><strong>tandem</strong></span> <span class='ocrx_word' id='word_1_238' title='bbox 440 3850 684 3914; x_wconf 86' lang='lat' dir='ltr'><strong>misericordiam</strong></span> <span class='ocrx_word' id='word_1_239' title='bbox 706 3851 757 3914; x_wconf 80' lang='lat' dir='ltr'><strong>dei</strong></span> <span class='ocrx_word' id='word_1_240' title='bbox 780 3847 1139 3932; x_wconf 74' lang='lat' dir='ltr'><strong>dignoscentoplicltate</strong></span> <span class='ocrx_word' id='word_1_241' title='bbox 1153 3848 1247 3911; x_wconf 88' lang='lat' dir='ltr'><strong>retri-</strong></span> 
     </span>
     <span class='ocr_line' id='line_1_33' title="bbox 214 3958 1248 4036; baseline 0.004 -15"><span class='ocrx_word' id='word_1_242' title='bbox 214 3958 359 4022; x_wconf 84' lang='lat' dir='ltr'><strong>bucionis</strong></span> <span class='ocrx_word' id='word_1_243' title='bbox 382 3961 510 4036; x_wconf 89' lang='lat' dir='ltr'><strong>brauio,</strong></span> <span class='ocrx_word' id='word_1_244' title='bbox 530 3968 631 4024; x_wconf 88' lang='lat' dir='ltr'><strong>tactus</strong></span> <span class='ocrx_word' id='word_1_245' title='bbox 654 3963 808 4026; x_wconf 78' lang='lat' dir='ltr'><strong>febricum</strong></span> <span class='ocrx_word' id='word_1_246' title='bbox 828 3961 888 4025; x_wconf 84' lang='lat' dir='ltr'><strong>sihi</strong></span> <span class='ocrx_word' id='word_1_247' title='bbox 902 3959 1068 4025; x_wconf 83' lang='lat' dir='ltr'><strong>transitum</strong></span> <span class='ocrx_word' id='word_1_248' title='bbox 1082 3958 1248 4025; x_wconf 82' lang='lat' dir='ltr'><strong>imminere</strong></span> 
     </span>
    </p>
   </div>
   <div class='ocr_carea' id='block_1_5' title="bbox 216 4070 1249 4163">
    <p class='ocr_par' dir='ltr' id='par_1_6' title="bbox 216 4070 1249 4163">
     <span class='ocr_line' id='line_1_34' title="bbox 216 4070 1249 4163; baseline 0.006 -25"><span class='ocrx_word' id='word_1_249' title='bbox 216 4087 281 4138; x_wconf 87' lang='lat' dir='ltr'><strong>non</strong></span> <span class='ocrx_word' id='word_1_250' title='bbox 301 4071 490 4159; x_wconf 70' lang='lat' dir='ltr'><strong>ambigeret,</strong></span> <span class='ocrx_word' id='word_1_251' title='bbox 517 4073 678 4140; x_wconf 84' lang='lat' dir='ltr'><strong>accersitis</strong></span> <span class='ocrx_word' id='word_1_252' title='bbox 701 4074 857 4163; x_wconf 80' lang='lat' dir='ltr'><strong>eptacopla</strong></span> <span class='ocrx_word' id='word_1_253' title='bbox 877 4080 910 4140; x_wconf 88' lang='lat' dir='ltr'><strong>at</strong></span> <span class='ocrx_word' id='word_1_254' title='bbox 930 4071 1039 4163; x_wconf 77' lang='lat' dir='ltr'><strong>prisma</strong></span> <span class='ocrx_word' id='word_1_255' title='bbox 1066 4070 1178 4158; x_wconf 81' lang='lat' dir='ltr'><strong>palacii</strong></span> <span class='ocrx_word' id='word_1_256' title='bbox 1208 4071 1249 4144; x_wconf 71' lang='lat' dir='ltr'><strong>nt</strong></span> 
     </span>
    </p>
   </div>
   <div class='ocr_carea' id='block_1_6' title="bbox 0 0 1412 4764">
    <p class='ocr_par' dir='ltr' id='par_1_7' title="bbox 0 0 1412 4764">
     <span class='ocr_line' id='line_1_35' title="bbox 0 0 1412 4764; baseline 0 0"><span class='ocrx_word' id='word_1_257' title='bbox 0 0 1412 4764; x_wconf 95' lang='lat' dir='ltr'><strong> </strong></span> 
     </span>
    </p>
   </div>
  </div>
 </body>
</html>
