2798 4764
318 369 467 417 marum
488 372 557 417 aaut
579 372 650 418 run
672 372 858 419 scurronum
901 353 990 418 lura
1106 352 1165 418 ill

141 525 192 586 uel
213 525 433 607 iobbogionum
455 527 563 598 castri,
585 528 696 588 domus
716 528 837 609 aliquas
858 537 911 590 aut
926 527 1053 590 domum
1072 526 1168 591 uillici

141 645 194 699 atrt
209 637 375 717 preconis‚'
391 638 569 699 molendina
588 647 618 701 et
632 640 738 702 stobas
754 640 859 702 dicare
874 659 936 702 nou
952 639 1089 703 debeant
1103 640 1168 705 ullo

141 748 245 809 modo.

175 909 180 921 .
223 861 300 933 (23)
323 860 429 921 Uillico
452 861 550 923 eciam
574 863 685 924 domus
707 881 769 923 una
791 862 910 925 acturie
933 882 989 924 sue
1012 883 1069 943 pro
1087 860 1168 925 reci-

141 970 262 1052 piendis
276 971 453 1051 hospitibus
467 970 565 1034 libera
581 972 783 1054 relinquatur.
810 981 843 1035 et
857 973 926 1036 talis
941 974 1036 1035 debet
1049 972 1167 1036 babere

139 1081 277 1143 uillicum
293 1081 342 1143 uel
359 1101 543 1164 preconem,
566 1083 617 1165 qui
636 1084 745 1146 decem
762 1084 965 1167 iobbagiones
980 1083 1122 1166 possidet
1136 1091 1168 1148 et

141 1214 204 1256 non
218 1194 309 1255 inira.

223 1305 304 1381 (2l)
325 1308 401 1369 ltem
424 1307 517 1389 aliqui
538 1316 769 1373 commorantes
792 1328 887 1390 super
904 1309 996 1372 terris
1015 1308 1167 1371 nobilium

142 1418 192 1482 uel
211 1419 444 1501 iobbagioninm
465 1422 557 1482 rastri
580 1419 676 1482 dicari
699 1440 761 1482 non
783 1420 915 1496 debent,
936 1422 992 1485 sed
1006 1421 1169 1503 iobbagio·

143 1549 336 1604 noseorum,
358 1531 478 1613 siquos
494 1532 620 1595 habent.

224 1645 303 1717 (25)
326 1645 362 1705 Et
387 1645 472 1724 quod
497 1645 601 1707 omnia
627 1646 779 1726 premissa
802 1647 907 1708 debito
929 1647 1040 1709 ordine
1060 1647 1169 1709 obser-

143 1762 269 1826 ueutm,
291 1776 362 1816 cum
387 1755 498 1816 comite
517 1757 716 1837 Zagrabiensi
737 1758 886 1818 contiuuo
908 1758 1029 1820 nobiles
1052 1766 1084 1820 et
1104 1758 1168 1821 duo

142 1866 346 1947 iobbagiones
366 1867 472 1939 castri,
495 1876 527 1929 et
548 1867 676 1930 totidem
692 1888 761 1930 cum
778 1869 889 1931 comite
905 1869 1068 1941 crotensi,
1089 1889 1168 1952 quoe

142 1996 273 2058 regnum
285 1977 446 2058 eligendos
457 1978 591 2051 duxerit,
602 1979 792 2040 iudicabunt.
814 1978 905 2060 quisi
918 1979 1045 2041 omniuo
1056 1980 1169 2043 adesso

143 2108 204 2149 non
222 2097 362 2167 possent,
385 2097 448 2150 tres
463 2089 513 2151 uel
530 2090 593 2151 duo
608 2090 728 2151 iudices
744 2111 782 2152 eo
797 2090 847 2152 die
862 2089 1019 2152 sufficient
1033 2090 1073 2152 ad
1088 2090 1170 2152 iudi·

143 2199 224 2260 cium
239 2199 416 2261 laciendum

226 2311 262 2374 Ut
283 2318 386 2373 autem
407 2310 466 2373 hec
490 2320 603 2375 statuta
622 2313 832 2394 suprascripta
853 2330 909 2373 seu
925 2310 1169 2375 constitucioues

143 2425 237 2484 robur
262 2415 414 2504 p'erpetue
441 2423 601 2486 obtineant
626 2423 794 2496 firmitatis,
826 2430 989 2504 presentes
1013 2421 1171 2483 concessi·

143 2553 212 2595 mus
233 2534 337 2596 literas
356 2533 447 2611 sigilli
463 2534 560 2594 nostri
585 2534 756 2595 munimine
775 2534 951 2596 roboratas.
983 2533 1089 2595 datum
1112 2535 1170 2595 Za·

143 2644 266 2726 grabie,
294 2645 402 2726 quinta
416 2644 496 2706 feria
510 2646 650 2726 proxima
666 2652 737 2726 post
752 2652 879 2706 octauas
893 2663 998 2726 pasce.
1031 2663 1115 2707 auno
1129 2643 1170 2706 ab

146 2754 365 2817 incarnacione
400 2757 518 2818 domini
551 2756 717 2818 millesimo
752 2755 966 2819 ducentesimo
1004 2763 1172 2838 septuage-

147 2887 226 2930 simo
242 2910 344 2929 .....
