<?xml version="1.0" encoding="UTF-8"?>
<!DOCTYPE html PUBLIC "-//W3C//DTD XHTML 1.0 Transitional//EN"
    "http://www.w3.org/TR/xhtml1/DTD/xhtml1-transitional.dtd">
<html xmlns="http://www.w3.org/1999/xhtml" xml:lang="en" lang="en">
 <head>
  <title>
</title>
<meta http-equiv="Content-Type" content="text/html;charset=utf-8" />
  <meta name='ocr-system' content='tesseract 3.04.00' />
  <meta name='ocr-capabilities' content='ocr_page ocr_carea ocr_par ocr_line ocrx_word'/>
</head>
<body>
  <div class='ocr_page' id='page_1' title='image "./rerumhungaricar00endlgoog/rerumhungaricar00endlgoog_0696.png"; bbox 0 0 2798 4764; ppageno 0'>
   <div class='ocr_carea' id='block_1_1' title="bbox 468 310 1181 381">
    <p class='ocr_par' dir='ltr' id='par_1_1' title="bbox 468 310 1181 381">
     <span class='ocr_line' id='line_1_1' title="bbox 468 310 1181 381; baseline 0.006 -4"><span class='ocrx_word' id='word_1_1' title='bbox 468 326 654 377; x_wconf 81' lang='lat' dir='ltr'><strong>rnsesrnrnr</strong></span> <span class='ocrx_word' id='word_1_2' title='bbox 680 331 721 376; x_wconf 81' lang='lat' dir='ltr'><strong>on</strong></span> <span class='ocrx_word' id='word_1_3' title='bbox 744 320 857 381; x_wconf 73' lang='lat' dir='ltr'><strong>rann.</strong></span> <span class='ocrx_word' id='word_1_4' title='bbox 1118 310 1181 380; x_wconf 70' lang='grc'><strong>687</strong></span> 
     </span>
    </p>
   </div>
   <div class='ocr_carea' id='block_1_2' title="bbox 115 474 1184 3656">
    <p class='ocr_par' dir='ltr' id='par_1_2' title="bbox 149 474 1181 1324">
     <span class='ocr_line' id='line_1_2' title="bbox 231 474 1181 565; baseline 0.005 -22"><span class='ocrx_word' id='word_1_5' title='bbox 231 479 317 563; x_wconf 79' lang='lat' dir='ltr'><strong>(tte)</strong></span> <span class='ocrx_word' id='word_1_6' title='bbox 339 482 447 564; x_wconf 74' lang='lat' dir='ltr'><strong>Ogyuz</strong></span> <span class='ocrx_word' id='word_1_7' title='bbox 461 492 494 545; x_wconf 92' lang='lat' dir='ltr'><strong>et</strong></span> <span class='ocrx_word' id='word_1_8' title='bbox 507 474 656 546; x_wconf 77' lang='lat' dir='ltr'><strong>Tumuiot</strong></span> <span class='ocrx_word' id='word_1_9' title='bbox 673 482 857 565; x_wconf 81' lang='lat' dir='ltr'><strong>i&#39;obagiones</strong></span> <span class='ocrx_word' id='word_1_10' title='bbox 871 483 963 546; x_wconf 82' lang='lat' dir='ltr'><strong>castri</strong></span> <span class='ocrx_word' id='word_1_11' title='bbox 976 485 1106 548; x_wconf 88' lang='lat' dir='ltr'><strong>Zounuc</strong></span> <span class='ocrx_word' id='word_1_12' title='bbox 1120 484 1181 548; x_wconf 77' lang='lat' dir='ltr'><strong>in·</strong></span> 
     </span>
     <span class='ocr_line' id='line_1_3' title="bbox 150 592 1179 678; baseline 0.001 -19"><span class='ocrx_word' id='word_1_13' title='bbox 150 592 315 678; x_wconf 81' lang='lat' dir='ltr'><strong>pecierunt</strong></span> <span class='ocrx_word' id='word_1_14' title='bbox 329 597 481 676; x_wconf 84' lang='lat' dir='ltr'><strong>quosdam</strong></span> <span class='ocrx_word' id='word_1_15' title='bbox 502 597 542 657; x_wconf 86' lang='lat' dir='ltr'><strong>de</strong></span> <span class='ocrx_word' id='word_1_16' title='bbox 558 595 632 657; x_wconf 82' lang='lat' dir='ltr'><strong>uitia</strong></span> <span class='ocrx_word' id='word_1_17' title='bbox 647 596 791 677; x_wconf 78' lang='lat' dir='ltr'><strong>Keauga,</strong></span> <span class='ocrx_word' id='word_1_18' title='bbox 812 596 896 670; x_wconf 87' lang='lat' dir='ltr'><strong>loab,</strong></span> <span class='ocrx_word' id='word_1_19' title='bbox 918 596 1021 668; x_wconf 81' lang='lat' dir='ltr'><strong>Mocz,</strong></span> <span class='ocrx_word' id='word_1_20' title='bbox 1041 596 1179 660; x_wconf 81' lang='lat' dir='ltr'><strong>Medoen</strong></span> 
     </span>
     <span class='ocr_line' id='line_1_4' title="bbox 150 706 1180 780; baseline 0.003 -10"><span class='ocrx_word' id='word_1_21' title='bbox 150 718 180 771; x_wconf 90' lang='lat' dir='ltr'><strong>et</strong></span> <span class='ocrx_word' id='word_1_22' title='bbox 200 709 328 780; x_wconf 88' lang='lat' dir='ltr'><strong>F0rcos,</strong></span> <span class='ocrx_word' id='word_1_23' title='bbox 349 707 442 769; x_wconf 87' lang='lat' dir='ltr'><strong>etde</strong></span> <span class='ocrx_word' id='word_1_24' title='bbox 464 706 537 769; x_wconf 83' lang='lat' dir='ltr'><strong>uitta</strong></span> <span class='ocrx_word' id='word_1_25' title='bbox 554 706 728 780; x_wconf 83' lang='lat' dir='ltr'><strong>i‘ereznek,</strong></span> <span class='ocrx_word' id='word_1_26' title='bbox 750 707 879 780; x_wconf 86' lang='lat' dir='ltr'><strong>Tibam,</strong></span> <span class='ocrx_word' id='word_1_27' title='bbox 911 715 943 770; x_wconf 85' lang='lat' dir='ltr'><strong>et</strong></span> <span class='ocrx_word' id='word_1_28' title='bbox 962 707 1047 770; x_wconf 88' lang='lat' dir='ltr'><strong>idem</strong></span> <span class='ocrx_word' id='word_1_29' title='bbox 1069 707 1180 773; x_wconf 66' lang='lat' dir='ltr'><strong>iouh&amp;-</strong></span> 
     </span>
     <span class='ocr_line' id='line_1_5' title="bbox 149 816 1180 902; baseline 0 -22"><span class='ocrx_word' id='word_1_30' title='bbox 149 820 259 902; x_wconf 71' lang='lat' dir='ltr'><strong>gionm</strong></span> <span class='ocrx_word' id='word_1_31' title='bbox 273 816 373 891; x_wconf 85' lang='lat' dir='ltr'><strong>Petri,</strong></span> <span class='ocrx_word' id='word_1_32' title='bbox 395 817 532 879; x_wconf 75' lang='lat' dir='ltr'><strong>seilicet:</strong></span> <span class='ocrx_word' id='word_1_33' title='bbox 556 819 671 880; x_wconf 86' lang='lat' dir='ltr'><strong>Kesam</strong></span> <span class='ocrx_word' id='word_1_34' title='bbox 693 825 725 880; x_wconf 88' lang='lat' dir='ltr'><strong>et</strong></span> <span class='ocrx_word' id='word_1_35' title='bbox 739 817 862 890; x_wconf 80' lang='lat' dir='ltr'>Micon,</span> <span class='ocrx_word' id='word_1_36' title='bbox 884 818 922 880; x_wconf 85' lang='lat' dir='ltr'><strong>de</strong></span> <span class='ocrx_word' id='word_1_37' title='bbox 939 817 1053 880; x_wconf 88' lang='lat' dir='ltr'><strong>damno</strong></span> <span class='ocrx_word' id='word_1_38' title='bbox 1068 818 1180 881; x_wconf 84' lang='lat' dir='ltr'><strong>decem</strong></span> 
     </span>
     <span class='ocr_line' id='line_1_6' title="bbox 150 925 1180 1009; baseline -0.001 -18"><span class='ocrx_word' id='word_1_39' title='bbox 150 947 325 991; x_wconf 80' lang='lat' dir='ltr'><strong>marcarum</strong></span> <span class='ocrx_word' id='word_1_40' title='bbox 344 927 427 990; x_wconf 85' lang='lat' dir='ltr'><strong>sacto</strong></span> <span class='ocrx_word' id='word_1_41' title='bbox 443 947 501 1009; x_wconf 82' lang='lat' dir='ltr'><strong>per</strong></span> <span class='ocrx_word' id='word_1_42' title='bbox 516 925 720 1001; x_wconf 86' lang='lat' dir='ltr'><strong>uiolenciam,</strong></span> <span class='ocrx_word' id='word_1_43' title='bbox 742 925 846 990; x_wconf 87' lang='lat' dir='ltr'><strong>iudice</strong></span> <span class='ocrx_word' id='word_1_44' title='bbox 861 929 941 990; x_wconf 83' lang='lat' dir='ltr'><strong>Mica</strong></span> <span class='ocrx_word' id='word_1_45' title='bbox 962 928 1075 991; x_wconf 81' lang='lat' dir='ltr'>comite</span> <span class='ocrx_word' id='word_1_46' title='bbox 1088 926 1180 990; x_wconf 89' lang='lat' dir='ltr'><strong>Bico-</strong></span> 
     </span>
     <span class='ocr_line' id='line_1_7' title="bbox 150 1038 1180 1121; baseline -0.002 -19"><span class='ocrx_word' id='word_1_47' title='bbox 150 1038 246 1103; x_wconf 87' lang='lat' dir='ltr'><strong>riensi</strong></span> <span class='ocrx_word' id='word_1_48' title='bbox 268 1061 285 1102; x_wconf 89' lang='lat' dir='ltr'><strong>n</strong></span> <span class='ocrx_word' id='word_1_49' title='bbox 307 1058 382 1121; x_wconf 87' lang='lat' dir='ltr'><strong>rege</strong></span> <span class='ocrx_word' id='word_1_50' title='bbox 404 1039 826 1120; x_wconf 78' lang='lat' dir='ltr'><strong>detegat0,pristatd01ono</strong></span> <span class='ocrx_word' id='word_1_51' title='bbox 849 1039 889 1103; x_wconf 89' lang='lat' dir='ltr'><strong>de</strong></span> <span class='ocrx_word' id='word_1_52' title='bbox 914 1039 988 1102; x_wconf 87' lang='lat' dir='ltr'><strong>uilla</strong></span> <span class='ocrx_word' id='word_1_53' title='bbox 1004 1038 1180 1120; x_wconf 81' lang='lat' dir='ltr'><strong>Cheydreb.</strong></span> 
     </span>
     <span class='ocr_line' id='line_1_8' title="bbox 150 1149 1179 1234; baseline 0 -21"><span class='ocrx_word' id='word_1_54' title='bbox 150 1153 246 1214; x_wconf 90' lang='lat' dir='ltr'><strong>homo</strong></span> <span class='ocrx_word' id='word_1_55' title='bbox 269 1151 390 1233; x_wconf 77' lang='lat' dir='ltr'><strong>Ogyuz,</strong></span> <span class='ocrx_word' id='word_1_56' title='bbox 413 1159 443 1213; x_wconf 91' lang='lat' dir='ltr'><strong>et</strong></span> <span class='ocrx_word' id='word_1_57' title='bbox 458 1151 607 1213; x_wconf 87' lang='lat' dir='ltr'><strong>Tumutot</strong></span> <span class='ocrx_word' id='word_1_58' title='bbox 628 1151 755 1213; x_wconf 92' lang='lat' dir='ltr'><strong>nomine</strong></span> <span class='ocrx_word' id='word_1_59' title='bbox 771 1150 932 1234; x_wconf 84' lang='lat' dir='ltr'><strong>Cherpha,</strong></span> <span class='ocrx_word' id='word_1_60' title='bbox 953 1157 1078 1234; x_wconf 84' lang='lat' dir='ltr'><strong>portato</strong></span> <span class='ocrx_word' id='word_1_61' title='bbox 1095 1149 1179 1213; x_wconf 78' lang='lat' dir='ltr'><strong>ferro</strong></span> 
     </span>
     <span class='ocr_line' id='line_1_9' title="bbox 150 1261 408 1324; baseline -0.008 -1"><span class='ocrx_word' id='word_1_62' title='bbox 150 1261 332 1324; x_wconf 87' lang='lat' dir='ltr'><strong>combustus</strong></span> <span class='ocrx_word' id='word_1_63' title='bbox 351 1269 408 1322; x_wconf 87' lang='lat' dir='ltr'><strong>est.</strong></span> 
     </span>
    </p>

    <p class='ocr_par' dir='ltr' id='par_1_3' title="bbox 148 1369 1182 2897">
     <span class='ocr_line' id='line_1_10' title="bbox 234 1369 1181 1454; baseline 0.005 -20"><span class='ocrx_word' id='word_1_64' title='bbox 234 1369 323 1453; x_wconf 76' lang='lat'><strong>(183)</strong></span> <span class='ocrx_word' id='word_1_65' title='bbox 344 1372 449 1434; x_wconf 83' lang='lat' dir='ltr'><strong>Enduc</strong></span> <span class='ocrx_word' id='word_1_66' title='bbox 470 1372 642 1454; x_wconf 81' lang='lat' dir='ltr'><strong>hodnogio,</strong></span> <span class='ocrx_word' id='word_1_67' title='bbox 663 1373 773 1436; x_wconf 86' lang='lat' dir='ltr'><strong>Petrus</strong></span> <span class='ocrx_word' id='word_1_68' title='bbox 792 1381 823 1436; x_wconf 90' lang='lat' dir='ltr'><strong>et</strong></span> <span class='ocrx_word' id='word_1_69' title='bbox 836 1373 952 1436; x_wconf 90' lang='lat' dir='ltr'><strong>Sebrec</strong></span> <span class='ocrx_word' id='word_1_70' title='bbox 970 1373 1181 1449; x_wconf 70' lang='lat' dir='ltr'><strong>centuriones,</strong></span> 
     </span>
     <span class='ocr_line' id='line_1_11' title="bbox 150 1483 1181 1568; baseline 0.002 -21"><span class='ocrx_word' id='word_1_71' title='bbox 150 1485 225 1547; x_wconf 84' lang='lat' dir='ltr'><strong>item</strong></span> <span class='ocrx_word' id='word_1_72' title='bbox 240 1483 368 1566; x_wconf 78' lang='lat' dir='ltr'><strong>Uendeg</strong></span> <span class='ocrx_word' id='word_1_73' title='bbox 383 1492 414 1546; x_wconf 84' lang='lat' dir='ltr'><strong>ct</strong></span> <span class='ocrx_word' id='word_1_74' title='bbox 427 1486 542 1546; x_wconf 82' lang='lat' dir='ltr'><strong>Zenast</strong></span> <span class='ocrx_word' id='word_1_75' title='bbox 563 1485 745 1568; x_wconf 79' lang='lat' dir='ltr'><strong>iobagioncs</strong></span> <span class='ocrx_word' id='word_1_76' title='bbox 761 1485 851 1549; x_wconf 83' lang='lat' dir='ltr'><strong>castri</strong></span> <span class='ocrx_word' id='word_1_77' title='bbox 867 1486 906 1547; x_wconf 93' lang='lat' dir='ltr'><strong>de</strong></span> <span class='ocrx_word' id='word_1_78' title='bbox 920 1488 1055 1558; x_wconf 89' lang='lat' dir='ltr'><strong>Zotmar,</strong></span> <span class='ocrx_word' id='word_1_79' title='bbox 1080 1487 1181 1568; x_wconf 81' lang='lat' dir='ltr'><strong>impe·</strong></span> 
     </span>
     <span class='ocr_line' id='line_1_12' title="bbox 152 1593 1180 1676; baseline 0.001 -19"><span class='ocrx_word' id='word_1_80' title='bbox 152 1595 275 1658; x_wconf 85' lang='lat' dir='ltr'><strong>cierunt</strong></span> <span class='ocrx_word' id='word_1_81' title='bbox 290 1593 476 1676; x_wconf 84' lang='lat' dir='ltr'><strong>onzloum,</strong></span> <span class='ocrx_word' id='word_1_82' title='bbox 496 1595 622 1668; x_wconf 88' lang='lat' dir='ltr'><strong>Ionbot,</strong></span> <span class='ocrx_word' id='word_1_83' title='bbox 644 1596 812 1670; x_wconf 87' lang='lat' dir='ltr'><strong>Potonam,</strong></span> <span class='ocrx_word' id='word_1_84' title='bbox 833 1596 969 1669; x_wconf 88' lang='lat' dir='ltr'><strong>Bodam,</strong></span> <span class='ocrx_word' id='word_1_85' title='bbox 990 1594 1180 1670; x_wconf 84' lang='lat' dir='ltr'><strong>Bartoieum,</strong></span> 
     </span>
     <span class='ocr_line' id='line_1_13' title="bbox 151 1705 1180 1789; baseline 0.002 -20"><span class='ocrx_word' id='word_1_86' title='bbox 151 1708 261 1769; x_wconf 84' lang='lat' dir='ltr'><strong>Latum</strong></span> <span class='ocrx_word' id='word_1_87' title='bbox 276 1707 315 1768; x_wconf 85' lang='lat' dir='ltr'><strong>de</strong></span> <span class='ocrx_word' id='word_1_88' title='bbox 331 1705 404 1768; x_wconf 85' lang='lat' dir='ltr'><strong>uitia</strong></span> <span class='ocrx_word' id='word_1_89' title='bbox 416 1706 588 1779; x_wconf 86' lang='lat' dir='ltr'><strong>Guernezt,</strong></span> <span class='ocrx_word' id='word_1_90' title='bbox 603 1706 743 1769; x_wconf 89' lang='lat' dir='ltr'><strong>dicentes</strong></span> <span class='ocrx_word' id='word_1_91' title='bbox 754 1707 839 1789; x_wconf 83' lang='lat' dir='ltr'><strong>quod</strong></span> <span class='ocrx_word' id='word_1_92' title='bbox 854 1706 1059 1788; x_wconf 78' lang='lat' dir='ltr'><strong>ionbagiones</strong></span> <span class='ocrx_word' id='word_1_93' title='bbox 1073 1716 1180 1771; x_wconf 88' lang='lat' dir='ltr'><strong>essent</strong></span> 
     </span>
     <span class='ocr_line' id='line_1_14' title="bbox 150 1817 1180 1900; baseline -0.001 -18"><span class='ocrx_word' id='word_1_94' title='bbox 150 1820 190 1883; x_wconf 89' lang='lat' dir='ltr'><strong>de</strong></span> <span class='ocrx_word' id='word_1_95' title='bbox 210 1819 419 1882; x_wconf 75' lang='lat' dir='ltr'><strong>castrensibus</strong></span> <span class='ocrx_word' id='word_1_96' title='bbox 440 1818 564 1882; x_wconf 82' lang='lat' dir='ltr'><strong>exemti.</strong></span> <span class='ocrx_word' id='word_1_97' title='bbox 595 1817 655 1900; x_wconf 86' lang='lat' dir='ltr'><strong>ipsi</strong></span> <span class='ocrx_word' id='word_1_98' title='bbox 673 1837 751 1880; x_wconf 87' lang='lat' dir='ltr'><strong>uero</strong></span> <span class='ocrx_word' id='word_1_99' title='bbox 766 1819 914 1880; x_wconf 85' lang='lat' dir='ltr'><strong>dixerunt</strong></span> <span class='ocrx_word' id='word_1_100' title='bbox 937 1837 972 1896; x_wconf 93' lang='lat' dir='ltr'><strong>se</strong></span> <span class='ocrx_word' id='word_1_101' title='bbox 986 1837 1056 1881; x_wconf 86' lang='lat' dir='ltr'><strong>esse</strong></span> <span class='ocrx_word' id='word_1_102' title='bbox 1070 1817 1180 1881; x_wconf 74' lang='lat' dir='ltr'><strong>inube-</strong></span> 
     </span>
     <span class='ocr_line' id='line_1_15' title="bbox 150 1927 1179 2012; baseline -0.002 -20"><span class='ocrx_word' id='word_1_103' title='bbox 150 1931 260 2012; x_wconf 76' lang='lat' dir='ltr'><strong>gioues</strong></span> <span class='ocrx_word' id='word_1_104' title='bbox 275 1929 444 2003; x_wconf 79' lang='lat' dir='ltr'><strong>naturales,</strong></span> <span class='ocrx_word' id='word_1_105' title='bbox 458 1929 512 2011; x_wconf 90' lang='lat' dir='ltr'><strong>qui</strong></span> <span class='ocrx_word' id='word_1_106' title='bbox 525 1928 644 1991; x_wconf 85' lang='lat' dir='ltr'><strong>scilicet</strong></span> <span class='ocrx_word' id='word_1_107' title='bbox 658 1929 841 2011; x_wconf 77' lang='lat' dir='ltr'><strong>iobngiones</strong></span> <span class='ocrx_word' id='word_1_108' title='bbox 863 1949 888 1992; x_wconf 87' lang='lat' dir='ltr'><strong>s.</strong></span> <span class='ocrx_word' id='word_1_109' title='bbox 899 1929 981 2010; x_wconf 75' lang='lat' dir='ltr'><strong>regis</strong></span> <span class='ocrx_word' id='word_1_110' title='bbox 994 1929 1053 1991; x_wconf 89' lang='lat' dir='ltr'><strong>dici</strong></span> <span class='ocrx_word' id='word_1_111' title='bbox 1067 1927 1179 1993; x_wconf 79' lang='lat' dir='ltr'><strong>soient.</strong></span> 
     </span>
     <span class='ocr_line' id='line_1_16' title="bbox 148 2035 1178 2128; baseline 0.002 -30"><span class='ocrx_word' id='word_1_112' title='bbox 148 2059 229 2122; x_wconf 91' lang='lat' dir='ltr'><strong>qnos</strong></span> <span class='ocrx_word' id='word_1_113' title='bbox 243 2039 425 2120; x_wconf 76' lang='lat' dir='ltr'><strong>Uingiozlou</strong></span> <span class='ocrx_word' id='word_1_114' title='bbox 440 2057 547 2101; x_wconf 87' lang='lat' dir='ltr'><strong>eomes</strong></span> <span class='ocrx_word' id='word_1_115' title='bbox 562 2040 602 2101; x_wconf 88' lang='lat' dir='ltr'><strong>de</strong></span> <span class='ocrx_word' id='word_1_116' title='bbox 616 2039 762 2101; x_wconf 84' lang='lat' dir='ltr'><strong>Zotbmar</strong></span> <span class='ocrx_word' id='word_1_117' title='bbox 777 2039 964 2112; x_wconf 84' lang='lat' dir='ltr'><strong>discuciens,</strong></span> <span class='ocrx_word' id='word_1_118' title='bbox 984 2059 1042 2121; x_wconf 86' lang='lat' dir='ltr'><strong>per</strong></span> <span class='ocrx_word' id='word_1_119' title='bbox 1052 2035 1178 2128; x_wconf 75' lang='lat' dir='ltr'><strong>pristal-</strong></span> 
     </span>
     <span class='ocr_line' id='line_1_17' title="bbox 149 2149 1178 2213; baseline 0 0"><span class='ocrx_word' id='word_1_120' title='bbox 149 2150 223 2213; x_wconf 90' lang='lat' dir='ltr'><strong>dum</strong></span> <span class='ocrx_word' id='word_1_121' title='bbox 248 2150 373 2212; x_wconf 89' lang='lat' dir='ltr'><strong>nomine</strong></span> <span class='ocrx_word' id='word_1_122' title='bbox 396 2151 529 2212; x_wconf 82' lang='lat' dir='ltr'><strong>Kazmer</strong></span> <span class='ocrx_word' id='word_1_123' title='bbox 551 2152 591 2212; x_wconf 91' lang='lat' dir='ltr'><strong>de</strong></span> <span class='ocrx_word' id='word_1_124' title='bbox 614 2149 687 2213; x_wconf 84' lang='lat' dir='ltr'><strong>uitia</strong></span> <span class='ocrx_word' id='word_1_125' title='bbox 711 2152 803 2213; x_wconf 83' lang='lat' dir='ltr'><strong>Peius</strong></span> <span class='ocrx_word' id='word_1_126' title='bbox 826 2151 908 2213; x_wconf 88' lang='lat' dir='ltr'><strong>misit</strong></span> <span class='ocrx_word' id='word_1_127' title='bbox 922 2149 1113 2213; x_wconf 85' lang='lat' dir='ltr'><strong>Uaradinum</strong></span> <span class='ocrx_word' id='word_1_128' title='bbox 1137 2149 1178 2213; x_wconf 72' lang='lat' dir='ltr'><strong>nd</strong></span> 
     </span>
     <span class='ocr_line' id='line_1_18' title="bbox 150 2259 1179 2345; baseline 0 -21"><span class='ocrx_word' id='word_1_129' title='bbox 150 2261 312 2325; x_wconf 86' lang='lat' dir='ltr'><strong>candentis</strong></span> <span class='ocrx_word' id='word_1_130' title='bbox 331 2260 405 2322; x_wconf 86' lang='lat' dir='ltr'><strong>terri</strong></span> <span class='ocrx_word' id='word_1_131' title='bbox 426 2259 586 2322; x_wconf 87' lang='lat' dir='ltr'><strong>iudicium.</strong></span> <span class='ocrx_word' id='word_1_132' title='bbox 614 2280 678 2343; x_wconf 89' lang='lat' dir='ltr'><strong>quo</strong></span> <span class='ocrx_word' id='word_1_133' title='bbox 698 2280 769 2323; x_wconf 88' lang='lat' dir='ltr'><strong>cum</strong></span> <span class='ocrx_word' id='word_1_134' title='bbox 790 2262 951 2324; x_wconf 88' lang='lat' dir='ltr'><strong>uenissent</strong></span> <span class='ocrx_word' id='word_1_135' title='bbox 965 2262 1110 2345; x_wconf 78' lang='lat' dir='ltr'><strong>Uendeg,</strong></span> <span class='ocrx_word' id='word_1_136' title='bbox 1137 2278 1179 2324; x_wconf 80' lang='lat' dir='ltr'><strong>ex</strong></span> 
     </span>
     <span class='ocr_line' id='line_1_19' title="bbox 151 2370 1180 2454; baseline 0.002 -21"><span class='ocrx_word' id='word_1_137' title='bbox 151 2380 240 2454; x_wconf 78' lang='lat' dir='ltr'><strong>parte</strong></span> <span class='ocrx_word' id='word_1_138' title='bbox 261 2370 553 2432; x_wconf 82' lang='lat' dir='ltr'><strong>coeducrsariorum</strong></span> <span class='ocrx_word' id='word_1_139' title='bbox 576 2390 706 2433; x_wconf 89' lang='lat' dir='ltr'><strong>suorum</strong></span> <span class='ocrx_word' id='word_1_140' title='bbox 727 2392 761 2435; x_wconf 84' lang='lat' dir='ltr'><strong>sc</strong></span> <span class='ocrx_word' id='word_1_141' title='bbox 783 2371 912 2434; x_wconf 87' lang='lat' dir='ltr'><strong>missum</strong></span> <span class='ocrx_word' id='word_1_142' title='bbox 933 2390 1003 2435; x_wconf 91' lang='lat' dir='ltr'><strong>esse</strong></span> <span class='ocrx_word' id='word_1_143' title='bbox 1025 2390 1180 2446; x_wconf 79' lang='lat' dir='ltr'><strong>assereus,</strong></span> 
     </span>
     <span class='ocr_line' id='line_1_20' title="bbox 152 2481 1180 2565; baseline 0 -19"><span class='ocrx_word' id='word_1_144' title='bbox 152 2503 192 2546; x_wconf 86' lang='lat' dir='ltr'><strong>ex</strong></span> <span class='ocrx_word' id='word_1_145' title='bbox 206 2492 295 2565; x_wconf 75' lang='lat' dir='ltr'><strong>parte</strong></span> <span class='ocrx_word' id='word_1_146' title='bbox 310 2481 435 2544; x_wconf 82' lang='lat' dir='ltr'><strong>iliorum</strong></span> <span class='ocrx_word' id='word_1_147' title='bbox 447 2492 479 2546; x_wconf 92' lang='lat' dir='ltr'><strong>et</strong></span> <span class='ocrx_word' id='word_1_148' title='bbox 492 2500 550 2544; x_wconf 87' lang='lat' dir='ltr'><strong>sna</strong></span> <span class='ocrx_word' id='word_1_149' title='bbox 560 2483 749 2565; x_wconf 78' lang='lat' dir='ltr'><strong>subterfugit</strong></span> <span class='ocrx_word' id='word_1_150' title='bbox 758 2484 920 2548; x_wconf 85' lang='lat' dir='ltr'><strong>candentis</strong></span> <span class='ocrx_word' id='word_1_151' title='bbox 934 2483 1011 2547; x_wconf 84' lang='lat' dir='ltr'><strong>terri</strong></span> <span class='ocrx_word' id='word_1_152' title='bbox 1021 2484 1180 2557; x_wconf 85' lang='lat' dir='ltr'><strong>iudicium,</strong></span> 
     </span>
     <span class='ocr_line' id='line_1_21' title="bbox 153 2589 1182 2678; baseline 0.002 -22"><span class='ocrx_word' id='word_1_153' title='bbox 153 2594 261 2656; x_wconf 88' lang='lat' dir='ltr'><strong>dicens</strong></span> <span class='ocrx_word' id='word_1_154' title='bbox 275 2589 474 2656; x_wconf 77' lang='lat' dir='ltr'><strong>aduersarios</strong></span> <span class='ocrx_word' id='word_1_155' title='bbox 486 2594 720 2675; x_wconf 85' lang='lat' dir='ltr'><strong>prenominatos</strong></span> <span class='ocrx_word' id='word_1_156' title='bbox 732 2595 888 2658; x_wconf 83' lang='lat' dir='ltr'><strong>naturales</strong></span> <span class='ocrx_word' id='word_1_157' title='bbox 902 2596 1085 2678; x_wconf 80' lang='lat' dir='ltr'><strong>iobagiones</strong></span> <span class='ocrx_word' id='word_1_158' title='bbox 1099 2613 1182 2670; x_wconf 81' lang='lat' dir='ltr'><strong>esse,</strong></span> 
     </span>
     <span class='ocr_line' id='line_1_22' title="bbox 154 2703 1181 2786; baseline 0.002 -19"><span class='ocrx_word' id='word_1_159' title='bbox 154 2703 273 2767; x_wconf 81' lang='lat' dir='ltr'><strong>scilicet</strong></span> <span class='ocrx_word' id='word_1_160' title='bbox 295 2704 480 2786; x_wconf 78' lang='lat' dir='ltr'><strong>iohagiones</strong></span> <span class='ocrx_word' id='word_1_161' title='bbox 504 2723 530 2766; x_wconf 85' lang='lat' dir='ltr'><strong>s.</strong></span> <span class='ocrx_word' id='word_1_162' title='bbox 553 2704 652 2785; x_wconf 82' lang='lat' dir='ltr'><strong>regis,</strong></span> <span class='ocrx_word' id='word_1_163' title='bbox 680 2711 712 2767; x_wconf 90' lang='lat' dir='ltr'><strong>et</strong></span> <span class='ocrx_word' id='word_1_164' title='bbox 734 2724 768 2767; x_wconf 90' lang='lat' dir='ltr'><strong>se</strong></span> <span class='ocrx_word' id='word_1_165' title='bbox 791 2724 860 2768; x_wconf 90' lang='lat' dir='ltr'><strong>cum</strong></span> <span class='ocrx_word' id='word_1_166' title='bbox 875 2707 967 2769; x_wconf 86' lang='lat' dir='ltr'><strong>sociis</strong></span> <span class='ocrx_word' id='word_1_167' title='bbox 987 2707 1052 2769; x_wconf 88' lang='lat' dir='ltr'><strong>suis</strong></span> <span class='ocrx_word' id='word_1_168' title='bbox 1066 2706 1181 2769; x_wconf 85' lang='lat' dir='ltr'><strong>iniuste</strong></span> 
     </span>
     <span class='ocr_line' id='line_1_23' title="bbox 155 2815 432 2897; baseline -0.011 -20"><span class='ocrx_word' id='word_1_169' title='bbox 155 2816 225 2878; x_wconf 89' lang='lat' dir='ltr'><strong>iiios</strong></span> <span class='ocrx_word' id='word_1_170' title='bbox 240 2815 432 2897; x_wconf 86' lang='lat' dir='ltr'><strong>impeciisse.</strong></span> 
     </span>
    </p>

    <p class='ocr_par' dir='ltr' id='par_1_4' title="bbox 115 2924 1184 3656">
     <span class='ocr_line' id='line_1_24' title="bbox 237 2924 1183 3011; baseline 0.004 -24"><span class='ocrx_word' id='word_1_171' title='bbox 237 2924 325 3006; x_wconf 75' lang='lat' dir='ltr'><strong>(tet)</strong></span> <span class='ocrx_word' id='word_1_172' title='bbox 348 2925 463 2988; x_wconf 87' lang='lat' dir='ltr'><strong>Bacina</strong></span> <span class='ocrx_word' id='word_1_173' title='bbox 484 2926 524 2989; x_wconf 91' lang='lat' dir='ltr'><strong>de</strong></span> <span class='ocrx_word' id='word_1_174' title='bbox 545 2925 621 2990; x_wconf 87' lang='lat' dir='ltr'><strong>uitia</strong></span> <span class='ocrx_word' id='word_1_175' title='bbox 640 2928 751 3010; x_wconf 73' lang='lat' dir='ltr'><strong>Mogos</strong></span> <span class='ocrx_word' id='word_1_176' title='bbox 772 2928 875 2991; x_wconf 81' lang='lat' dir='ltr'><strong>Mortu</strong></span> <span class='ocrx_word' id='word_1_177' title='bbox 895 2927 1034 3011; x_wconf 76' lang='lat' dir='ltr'><strong>imperiii</strong></span> <span class='ocrx_word' id='word_1_178' title='bbox 1052 2946 1183 2993; x_wconf 82' lang='lat' dir='ltr'><strong>uxorem</strong></span> 
     </span>
     <span class='ocr_line' id='line_1_25' title="bbox 155 3037 1184 3122; baseline 0.001 -21"><span class='ocrx_word' id='word_1_179' title='bbox 155 3038 291 3101; x_wconf 85' lang='lat' dir='ltr'><strong>Simonis</strong></span> <span class='ocrx_word' id='word_1_180' title='bbox 312 3039 352 3100; x_wconf 87' lang='lat' dir='ltr'><strong>de</strong></span> <span class='ocrx_word' id='word_1_181' title='bbox 373 3037 447 3100; x_wconf 83' lang='lat' dir='ltr'><strong>uitia</strong></span> <span class='ocrx_word' id='word_1_182' title='bbox 462 3039 544 3119; x_wconf 81' lang='lat' dir='ltr'><strong>Apa,</strong></span> <span class='ocrx_word' id='word_1_183' title='bbox 565 3039 673 3102; x_wconf 90' lang='lat' dir='ltr'><strong>dicens</strong></span> <span class='ocrx_word' id='word_1_184' title='bbox 688 3039 916 3122; x_wconf 83' lang='lat' dir='ltr'><strong>quodquidam</strong></span> <span class='ocrx_word' id='word_1_185' title='bbox 935 3059 1045 3102; x_wconf 87' lang='lat' dir='ltr'><strong>seruus</strong></span> <span class='ocrx_word' id='word_1_186' title='bbox 1059 3039 1184 3103; x_wconf 81' lang='lat' dir='ltr'><strong>Martini</strong></span> 
     </span>
     <span class='ocr_line' id='line_1_26' title="bbox 155 3149 1184 3232; baseline 0.002 -21"><span class='ocrx_word' id='word_1_187' title='bbox 155 3152 293 3224; x_wconf 83' lang='lat' dir='ltr'><strong>comitio,</strong></span> <span class='ocrx_word' id='word_1_188' title='bbox 322 3151 449 3213; x_wconf 91' lang='lat' dir='ltr'><strong>nomine</strong></span> <span class='ocrx_word' id='word_1_189' title='bbox 464 3151 558 3224; x_wconf 88' lang='lat' dir='ltr'><strong>Uota,</strong></span> <span class='ocrx_word' id='word_1_190' title='bbox 585 3151 684 3214; x_wconf 89' lang='lat' dir='ltr'><strong>titium</strong></span> <span class='ocrx_word' id='word_1_191' title='bbox 705 3171 797 3213; x_wconf 90' lang='lat' dir='ltr'><strong>suum</strong></span> <span class='ocrx_word' id='word_1_192' title='bbox 819 3149 998 3223; x_wconf 88' lang='lat' dir='ltr'><strong>occidisset,</strong></span> <span class='ocrx_word' id='word_1_193' title='bbox 1021 3151 1088 3232; x_wconf 81' lang='lat' dir='ltr'><strong>ipsa</strong></span> <span class='ocrx_word' id='word_1_194' title='bbox 1110 3170 1184 3231; x_wconf 79' lang='lat' dir='ltr'><strong>pre·</strong></span> 
     </span>
     <span class='ocr_line' id='line_1_27' title="bbox 154 3258 1183 3323; baseline 0.003 -3"><span class='ocrx_word' id='word_1_195' title='bbox 154 3268 244 3323; x_wconf 87' lang='lat' dir='ltr'><strong>sente</strong></span> <span class='ocrx_word' id='word_1_196' title='bbox 266 3267 299 3323; x_wconf 88' lang='lat' dir='ltr'><strong>et</strong></span> <span class='ocrx_word' id='word_1_197' title='bbox 320 3258 544 3322; x_wconf 84' lang='lat' dir='ltr'><strong>consenciente</strong></span> <span class='ocrx_word' id='word_1_198' title='bbox 564 3261 596 3321; x_wconf 92' lang='lat' dir='ltr'><strong>in</strong></span> <span class='ocrx_word' id='word_1_199' title='bbox 619 3269 752 3323; x_wconf 75' lang='lat' dir='ltr'><strong>mortem</strong></span> <span class='ocrx_word' id='word_1_200' title='bbox 773 3259 828 3322; x_wconf 88' lang='lat' dir='ltr'><strong>titii</strong></span> <span class='ocrx_word' id='word_1_201' title='bbox 849 3260 941 3323; x_wconf 82' lang='lat' dir='ltr'><strong>iliius.</strong></span> <span class='ocrx_word' id='word_1_202' title='bbox 973 3259 1053 3321; x_wconf 76' lang='lat' dir='ltr'><strong>Mica</strong></span> <span class='ocrx_word' id='word_1_203' title='bbox 1070 3258 1183 3323; x_wconf 77' lang='lat' dir='ltr'><strong>uicto·</strong></span> 
     </span>
     <span class='ocr_line' id='line_1_28' title="bbox 155 3368 1183 3452; baseline 0.003 -20"><span class='ocrx_word' id='word_1_204' title='bbox 155 3370 268 3433; x_wconf 71' lang='lat' dir='ltr'><strong>mensis</strong></span> <span class='ocrx_word' id='word_1_205' title='bbox 291 3390 398 3433; x_wconf 90' lang='lat' dir='ltr'><strong>comes</strong></span> <span class='ocrx_word' id='word_1_206' title='bbox 423 3368 617 3444; x_wconf 86' lang='lat' dir='ltr'><strong>discuciens,</strong></span> <span class='ocrx_word' id='word_1_207' title='bbox 649 3388 706 3451; x_wconf 88' lang='lat' dir='ltr'><strong>per</strong></span> <span class='ocrx_word' id='word_1_208' title='bbox 726 3370 909 3452; x_wconf 87' lang='lat' dir='ltr'><strong>pristaidum</strong></span> <span class='ocrx_word' id='word_1_209' title='bbox 931 3369 1059 3432; x_wconf 90' lang='lat' dir='ltr'><strong>nomine</strong></span> <span class='ocrx_word' id='word_1_210' title='bbox 1080 3371 1183 3434; x_wconf 77' lang='lat' dir='ltr'><strong>Prona</strong></span> 
     </span>
     <span class='ocr_line' id='line_1_29' title="bbox 115 3479 1182 3567; baseline 0.004 -25"><span class='ocrx_word' id='word_1_211' title='bbox 115 3557 119 3567; x_wconf 35' lang='grc' dir='ltr'>Ι</span> <span class='ocrx_word' id='word_1_212' title='bbox 157 3483 238 3546; x_wconf 86' lang='lat' dir='ltr'><strong>misit</strong></span> <span class='ocrx_word' id='word_1_213' title='bbox 254 3482 457 3555; x_wconf 85' lang='lat' dir='ltr'><strong>Uaradinum,</strong></span> <span class='ocrx_word' id='word_1_214' title='bbox 478 3481 531 3543; x_wconf 89' lang='lat' dir='ltr'><strong>uhi</strong></span> <span class='ocrx_word' id='word_1_215' title='bbox 551 3480 672 3563; x_wconf 79' lang='lat' dir='ltr'><strong>prefata</strong></span> <span class='ocrx_word' id='word_1_216' title='bbox 692 3481 804 3545; x_wconf 88' lang='lat' dir='ltr'><strong>mulier</strong></span> <span class='ocrx_word' id='word_1_217' title='bbox 824 3488 947 3565; x_wconf 83' lang='lat' dir='ltr'><strong>portato</strong></span> <span class='ocrx_word' id='word_1_218' title='bbox 966 3479 1051 3543; x_wconf 80' lang='lat' dir='ltr'><strong>terro</strong></span> <span class='ocrx_word' id='word_1_219' title='bbox 1073 3479 1182 3546; x_wconf 77' lang='lat' dir='ltr'><strong>insuti·</strong></span> 
     </span>
     <span class='ocr_line' id='line_1_30' title="bbox 155 3601 304 3656; baseline 0 0"><span class='ocrx_word' id='word_1_220' title='bbox 155 3601 225 3656; x_wconf 73' lang='lat' dir='ltr'><strong>catu</strong></span> <span class='ocrx_word' id='word_1_221' title='bbox 245 3603 304 3656; x_wconf 70' lang='lat' dir='ltr'><strong>ott.</strong></span> 
     </span>
    </p>
   </div>
   <div class='ocr_carea' id='block_1_3' title="bbox 155 3701 1183 4102">
    <p class='ocr_par' dir='ltr' id='par_1_5' title="bbox 155 3701 1183 4102">
     <span class='ocr_line' id='line_1_31' title="bbox 237 3701 1181 3791; baseline 0 -23"><span class='ocrx_word' id='word_1_222' title='bbox 237 3701 324 3787; x_wconf 77' lang='lat'>(185)</span> <span class='ocrx_word' id='word_1_223' title='bbox 345 3704 510 3788; x_wconf 78' lang='lat' dir='ltr'><strong>Hypolitus</strong></span> <span class='ocrx_word' id='word_1_224' title='bbox 525 3704 653 3768; x_wconf 86' lang='lat' dir='ltr'><strong>douiiia</strong></span> <span class='ocrx_word' id='word_1_225' title='bbox 666 3705 768 3787; x_wconf 80' lang='lat' dir='ltr'><strong>Haiap</strong></span> <span class='ocrx_word' id='word_1_226' title='bbox 788 3703 928 3787; x_wconf 83' lang='lat' dir='ltr'><strong>impeciit</strong></span> <span class='ocrx_word' id='word_1_227' title='bbox 941 3722 1073 3767; x_wconf 85' lang='lat' dir='ltr'><strong>uxorem</strong></span> <span class='ocrx_word' id='word_1_228' title='bbox 1088 3705 1181 3791; x_wconf 71' lang='lat' dir='ltr'><strong>Uogis</strong></span> 
     </span>
     <span class='ocr_line' id='line_1_32' title="bbox 156 3815 1183 3890; baseline 0.003 -13"><span class='ocrx_word' id='word_1_229' title='bbox 156 3816 196 3880; x_wconf 89' lang='lat' dir='ltr'><strong>de</strong></span> <span class='ocrx_word' id='word_1_230' title='bbox 216 3817 327 3880; x_wconf 88' lang='lat' dir='ltr'><strong>eadem</strong></span> <span class='ocrx_word' id='word_1_231' title='bbox 349 3816 389 3879; x_wconf 83' lang='lat' dir='ltr'><strong>de</strong></span> <span class='ocrx_word' id='word_1_232' title='bbox 409 3816 524 3878; x_wconf 85' lang='lat' dir='ltr'><strong>damno</strong></span> <span class='ocrx_word' id='word_1_233' title='bbox 545 3816 639 3880; x_wconf 87' lang='lat' dir='ltr'><strong>trium</strong></span> <span class='ocrx_word' id='word_1_234' title='bbox 664 3833 855 3890; x_wconf 84' lang='lat' dir='ltr'><strong>marcarum,</strong></span> <span class='ocrx_word' id='word_1_235' title='bbox 879 3815 982 3878; x_wconf 82' lang='lat' dir='ltr'><strong>iudice</strong></span> <span class='ocrx_word' id='word_1_236' title='bbox 996 3816 1108 3880; x_wconf 85' lang='lat' dir='ltr'><strong>Keiem</strong></span> <span class='ocrx_word' id='word_1_237' title='bbox 1127 3834 1183 3880; x_wconf 81' lang='lat' dir='ltr'><strong>eo·</strong></span> 
     </span>
     <span class='ocr_line' id='line_1_33' title="bbox 156 3924 1182 4009; baseline 0.005 -23"><span class='ocrx_word' id='word_1_238' title='bbox 156 3926 247 4000; x_wconf 81' lang='lat' dir='ltr'><strong>mite,</strong></span> <span class='ocrx_word' id='word_1_239' title='bbox 268 3925 420 4009; x_wconf 78' lang='lat' dir='ltr'><strong>pristatdo</strong></span> <span class='ocrx_word' id='word_1_240' title='bbox 430 3927 524 3990; x_wconf 86' lang='lat' dir='ltr'><strong>Petro</strong></span> <span class='ocrx_word' id='word_1_241' title='bbox 538 3927 579 3988; x_wconf 90' lang='lat' dir='ltr'><strong>de</strong></span> <span class='ocrx_word' id='word_1_242' title='bbox 594 3927 706 3990; x_wconf 84' lang='lat' dir='ltr'><strong>eadem</strong></span> <span class='ocrx_word' id='word_1_243' title='bbox 721 3925 805 3989; x_wconf 85' lang='lat' dir='ltr'><strong>uitta.</strong></span> <span class='ocrx_word' id='word_1_244' title='bbox 825 3924 938 3990; x_wconf 70' lang='lat' dir='ltr'><strong>uniet</strong></span> <span class='ocrx_word' id='word_1_245' title='bbox 955 3934 1078 4009; x_wconf 83' lang='lat' dir='ltr'><strong>portato</strong></span> <span class='ocrx_word' id='word_1_246' title='bbox 1097 3926 1182 3991; x_wconf 86' lang='lat' dir='ltr'><strong>terro</strong></span> 
     </span>
     <span class='ocr_line' id='line_1_34' title="bbox 155 4035 390 4102; baseline 0.013 -3"><span class='ocrx_word' id='word_1_247' title='bbox 155 4035 320 4100; x_wconf 81' lang='lat' dir='ltr'><strong>iustificata</strong></span> <span class='ocrx_word' id='word_1_248' title='bbox 332 4047 390 4102; x_wconf 85' lang='lat' dir='ltr'><strong>est</strong></span> 
     </span>
    </p>
   </div>
   <div class='ocr_carea' id='block_1_4' title="bbox 237 4146 1182 4238">
    <p class='ocr_par' dir='ltr' id='par_1_6' title="bbox 237 4146 1182 4238">
     <span class='ocr_line' id='line_1_35' title="bbox 237 4146 1182 4238; baseline 0.007 -27"><span class='ocrx_word' id='word_1_249' title='bbox 237 4146 325 4234; x_wconf 77' lang='lat' dir='ltr'><strong>(tto)</strong></span> <span class='ocrx_word' id='word_1_250' title='bbox 347 4150 511 4217; x_wconf 74' lang='lat' dir='ltr'><strong>Tibur-cius</strong></span> <span class='ocrx_word' id='word_1_251' title='bbox 533 4153 573 4217; x_wconf 87' lang='lat' dir='ltr'><strong>de</strong></span> <span class='ocrx_word' id='word_1_252' title='bbox 588 4151 661 4217; x_wconf 81' lang='lat' dir='ltr'><strong>uilla</strong></span> <span class='ocrx_word' id='word_1_253' title='bbox 674 4153 792 4219; x_wconf 80' lang='lat' dir='ltr'><strong>Ntdast</strong></span> <span class='ocrx_word' id='word_1_254' title='bbox 808 4151 950 4238; x_wconf 77' lang='lat' dir='ltr'><strong>impetiit</strong></span> <span class='ocrx_word' id='word_1_255' title='bbox 969 4170 1078 4216; x_wconf 88' lang='lat' dir='ltr'><strong>omnes</strong></span> <span class='ocrx_word' id='word_1_256' title='bbox 1092 4147 1182 4218; x_wconf 69' lang='lat' dir='ltr'><strong>uitia-</strong></span> 
     </span>
    </p>
   </div>
   <div class='ocr_carea' id='block_1_5' title="bbox 0 0 1409 4764">
    <p class='ocr_par' dir='ltr' id='par_1_7' title="bbox 0 0 1409 4764">
     <span class='ocr_line' id='line_1_36' title="bbox 0 0 1409 4764; baseline 0 0"><span class='ocrx_word' id='word_1_257' title='bbox 0 0 1409 4764; x_wconf 95' lang='lat' dir='ltr'><strong> </strong></span> 
     </span>
    </p>
   </div>
  </div>
 </body>
</html>
