2798 4764
331 409 336 418 ι
361 337 499 388 morsm
520 335 621 386 sssrr
641 337 853 388 nuserronuu
872 317 954 398 (28).
1129 314 1176 387 ii:

135 495 201 561 uite
212 514 272 560 sue
286 502 485 559 carceratum
501 493 613 569 tenuit,
633 513 673 558 eo
687 494 772 576 qnod
787 494 818 556 in
832 491 895 557 tide
909 501 994 557 esset
1007 509 1118 564 uanus,
1142 496 1177 556 et

135 608 239 673 notuit
259 626 332 672 esse
343 605 552 681 Christianus,
574 615 605 670 et
627 606 723 672 multa
737 606 893 670 centraria
914 604 1048 670 faciebat
1066 610 1178 668 sancte.

135 720 206 802 regi
219 718 391 802 Stephano,
414 719 557 801 qrrnmuis
571 718 682 782 fuisset
700 739 740 781 ex
762 717 955 801 cognacione
977 716 1083 780 matris
1106 733 1179 780 sue.

222 944 293 1020 (28)
326 943 373 1005 ns
399 944 470 1006 duce
496 943 713 1007 Mesembrout.
768 944 852 1005 Tnsu
881 962 959 1006 uero
983 951 1016 1005 et
1036 940 1171 1004 Zobotsu

138 1056 255 1138 adepta
274 1055 405 1118 uictoria
426 1056 544 1117 reuersi
567 1064 639 1118 sunt
657 1056 696 1119 ad
710 1056 822 1119 ducem
837 1055 959 1137 Arpnd‚
980 1054 1175 1135 subiugandn

138 1178 243 1233 toturn
256 1164 406 1249 pupulum
422 1187 442 1230 a
456 1166 552 1229 tlnuin
566 1169 679 1228 Zomus
694 1185 795 1247 usque
809 1166 849 1229 sd
860 1166 1011 1239 Crisiuns,
1025 1174 1058 1228 et
1071 1164 1175 1228 nultus

141 1288 250 1342 eontra
275 1297 332 1341 ens
354 1297 447 1342 ausus
468 1277 526 1341 suit
544 1297 670 1341 manum
683 1277 807 1351 leuare,
829 1286 860 1340 et
874 1279 942 1360 ipse
955 1278 1178 1341 Menumorout

143 1391 209 1455 dux
230 1409 339 1454 eurum
360 1389 457 1472 magis
480 1389 666 1472 preparabat
685 1389 752 1452 uias
767 1408 838 1452 suas
852 1389 885 1451 in
899 1389 1043 1452 Grecism
1065 1379 1185 1461 eundi,

144 1522 240 1586 quarn
253 1513 360 1568 contra
375 1522 430 1566 ens
445 1502 603 1566 ueniendi.
625 1509 657 1565 et
670 1501 785 1564 deinde
798 1501 930 1583 egressi,
945 1500 1178 1573 descenderunt

144 1614 233 1679 iuxta
253 1616 413 1698 quendam
434 1615 562 1678 tluuinm
585 1614 711 1677 nomine
733 1614 949 1688 Humusouer,
971 1620 1003 1675 et
1020 1620 1181 1677 uenerunt

144 1746 246 1810 nsqrre
267 1728 310 1791 sd
328 1725 434 1791 locum
448 1729 562 1808 Zerep,
593 1735 625 1792 ct
638 1726 753 1791 deinde
767 1727 887 1808 egressi
907 1726 1061 1809 usquead
1076 1728 1179 1807 Zegn·

143 1839 269 1914 brian,
291 1849 324 1904 et
336 1839 381 1903 ibi
394 1839 541 1903 uolebant
555 1840 686 1903 transire
698 1839 831 1902 Crisium
848 1848 881 1901 ut
896 1848 1003 1903 contra
1013 1839 1181 1902 Menumo·

145 1959 220 2015 rout
246 1960 443 2034 pugnarent,
474 1952 531 2015 sed
555 1952 717 2015 uenientes
745 1950 859 2014 milites
884 1951 1103 2014 Menumorunt
1131 1949 1185 2013 sis:

144 2064 311 2127 rnmtrnn
331 2063 569 2144 prohibuerunt.
598 2064 712 2127 deinde
734 2064 870 2146 egressi,
892 2083 949 2144 per
972 2083 1070 2125 rrnnm
1093 2062 1185 2125 (tiern-

144 2175 334 2257 equium,
356 2182 458 2241 castra
473 2175 581 2240 metati
594 2184 667 2238 sunt
681 2177 767 2239 iuxta
782 2194 895 2256 paruos
909 2184 1044 2248 montes,
1061 2181 1093 2236 et
1106 2173 1180 2236 hinc

146 2287 233 2351 iuxta
253 2287 384 2351 fluuium
399 2288 485 2348 Turn
507 2287 698 2369 equitantes,
720 2306 819 2368 usqne
834 2287 875 2348 ad
890 2286 1045 2347 Thisciam
1068 2302 1182 2364 perue-

146 2406 280 2471 nerunt,
301 2406 335 2461 et
347 2398 380 2459 in
395 2405 487 2479 portu
500 2399 639 2478 Drugmr
659 2398 788 2458 ttuuium
803 2395 927 2459 Thiscie
943 2394 1180 2475 transnanignn·

145 2518 209 2582 tes,
230 2509 284 2571 nbi
308 2509 406 2573 eciam
426 2529 484 2591 per
504 2510 641 2591 graciam
653 2508 759 2591 Arpad
781 2508 885 2580 ducis,
907 2507 1030 2570 cuidam
1050 2525 1183 2569 cumane

148 2619 238 2685 mitiu
252 2620 378 2684 numine
392 2620 498 2684 Hnbnt
518 2640 663 2703 magnam
683 2628 797 2683 terram
817 2619 1067 2702 acquisiuerunt,
1087 2636 1182 2702 quens

150 2734 319 2816 posteritas
332 2732 402 2798 eius
416 2753 516 2817 usque
530 2753 613 2796 nunc
626 2734 814 2797 babuerunt.

234 2958 305 3032 (29)
327 2957 372 3019 De
385 2959 480 3019 reditu
494 2977 605 3020 sorum.
641 2958 721 3020 Dum
736 2956 937 3038 nauigassent
951 2956 1080 3020 fluuium
1092 2956 1182 3020 This-

153 3069 218 3143 cie,
247 3069 379 3132 nuncius
399 3089 474 3132 suos
494 3070 534 3132 ad
553 3070 665 3133 ducem
685 3069 855 3151 Arpadiurn
877 3069 1101 3150 promiserunt,
1128 3067 1182 3150 qui

154 3180 269 3263 gaudie
280 3179 389 3245 salutis
403 3182 596 3246 nunciarent.
624 3181 677 3264 qui
692 3201 762 3244 cum
776 3182 815 3244 ad
831 3182 942 3243 ducem
957 3181 1062 3262 Arpsd
1078 3180 1188 3244 uenis*

153 3300 226 3356 sent
236 3301 269 3356 et
282 3293 395 3375 gaudia
409 3293 438 3355 ei
454 3295 705 3368 annunciassent,
726 3291 958 3376 quoczonotsu
971 3299 1004 3355 et
1012 3292 1097 3353 Tosu
1112 3308 1183 3351 curn

155 3404 296 3468 exercitu
317 3425 376 3469 sun
398 3406 464 3469 sani
490 3413 530 3468 et‘
542 3404 714 3468 incolumes
734 3407 854 3468 reuersi
868 3411 992 3476 essent,
1013 3411 1045 3465 et
1058 3409 1193 3484 portum

153 3514 290 3596 nmgm
319 3534 390 3578 curn
416 3515 562 3579 omnibus
584 3516 770 3579 exercitibus
799 3517 863 3579 suis
884 3515 1185 3598 transnauigassent,

153 3625 215 3689 bec
229 3645 301 3687 cunr
315 3627 488 3691 annusaet
501 3627 565 3689 dux
579 3627 698 3709 Arpad,
720 3627 806 3708 qnod
817 3628 901 3690 'snsu
917 3635 949 3692 et
962 3627 1098 3692 Zebolsu
1111 3644 1192 3691 cuns.

154 3737 300 3801 omnibus
314 3738 501 3801 exercitibus
521 3739 587 3802 suis
608 3738 675 3803 sani
690 3746 722 3801 et
734 3739 907 3801 incolumes
926 3741 1046 3804 reuersi
1061 3746 1186 3814 essent,

155 3856 188 3910 et
208 3848 338 3911 nouum
354 3847 478 3912 Thiscie
496 3851 801 3931 transnauigassent,
822 3849 896 3913 fecit
916 3870 1064 3932 magnum
1077 3851 1186 3914 conui-

155 3960 261 4033 uinrn,
291 3968 324 4024 et
345 3960 492 4044 pendium
514 3961 774 4027 renunciantibus
791 3962 916 4026 diuersa
935 3962 1023 4025 dedit
1044 3960 1195 4024 donaris.-

155 4080 229 4134 tnne
239 4073 325 4135 Tnsu
339 4081 370 4136 et
381 4072 516 4137 annlsu
530 4093 600 4135 curn
616 4074 732 4140 curiam
746 4074 835 4137 ducis
848 4075 964 4139 intrare
977 4073 1107 4146 uellent,
1121 4073 1198 4136 dun·

155 4202 268 4249 omnes
287 4203 364 4251 snos
384 4183 497 4251 milites
519 4186 645 4251 obuiam
666 4187 712 4251 eis
733 4186 889 4271 premisit,
916 4193 949 4250 et
969 4185 1014 4251 sic
1038 4203 1093 4250 eos
1115 4198 1188 4247 cnm
