2798 4764
342 370 526 416 rornnonun
550 370 940 425 ournocarccnesmnsrnu.
973 353 1063 419 1191.
1155 352 1217 419 397

191 547 259 588 rum
279 547 405 589 suarum
423 526 593 608 periculum
613 526 774 607 negligere
790 546 853 588 non
869 536 1028 599 uercntur,
1048 526 1153 610 penali
1168 524 1217 589 ni-

189 638 368 710 hilominus,
392 648 424 700 ut
439 647 486 699 est
501 640 633 710 dictum,
655 639 771 727 iudicio
788 658 851 700 uon
867 639 1015 699 obmisso.

271 749 336 831 (13)
360 752 434 813 ltem
452 752 663 813 concessimus
680 760 787 812 nostro
804 751 967 832 priuilegio
983 753 1012 812 in
1030 761 1216 831 perpetuum

189 862 342 934 ualituro,
371 882 440 922 cum
459 863 567 924 ciuitas
583 862 949 944 Quinqueecclesiensis,
971 870 1064 942 capul
1078 864 1217 925 omnium

189 975 423 1055 possessionum
448 974 545 1055 ipsius
571 974 718 1047 ecclesie,
750 995 812 1057 que
837 984 885 1036 est
904 975 996 1037 sedes
1020 973 1216 1046 cathedralis,

189 1104 246 1147 nec
262 1106 323 1147 non
339 1086 370 1146 in
387 1085 454 1147 aliis
471 1087 614 1147 omnibus
636 1087 710 1147 soris
733 1095 763 1148 et
782 1087 943 1159 mercatis,
965 1088 997 1148 in
1014 1086 1102 1148 terris
1118 1085 1215 1167 ipsius

189 1198 321 1259 ecclesie
343 1197 475 1258 ubilibet
495 1198 686 1270 constitutis,
709 1199 749 1260 ob
771 1199 988 1261 reuerenciam
1010 1207 1040 1260 et
1061 1197 1215 1259 honorem

188 1308 273 1371 beati
284 1310 366 1370 Petri
382 1309 593 1390 apostolorum
610 1311 769 1390 principie,
784 1310 1063 1372 nummulariorum
1076 1330 1132 1371 seu
1149 1327 1216 1370 mo-

189 1422 378 1483 netariorum
400 1431 579 1483 nostrorum
606 1422 826 1483 concessiones
849 1432 880 1484 et
895 1424 1052 1486 molestias
1073 1442 1136 1483 non
1151 1421 1216 1485 for·

189 1533 317 1595 mident.
347 1535 420 1613 quia
437 1532 468 1594 iu
486 1532 635 1612 predictis
651 1533 727 1594 loris
743 1535 870 1595 eosdem
886 1534 1110 1596 nummularios
1124 1535 1216 1597 nolu·

189 1664 257 1704 mus
273 1645 428 1717 residere,
450 1645 551 1705 sedin
573 1644 640 1706 aliis
655 1645 898 1725 prouincialibus
917 1646 1009 1718 soris,
1032 1646 1085 1708 ubi
1107 1645 1216 1711 uolue-

188 1755 248 1816 rint
259 1755 391 1816 ecclesie
405 1754 521 1837 populi,
536 1757 624 1836 regni
636 1765 792 1818 monetam
805 1757 863 1818 sibi
874 1776 978 1818 rerum
991 1776 1118 1818 suarum
1130 1776 1216 1819 com-

189 1867 306 1927 mercio
320 1866 477 1927 redimant
491 1874 521 1927 et
535 1866 730 1946 conquirant.

271 1975 439 2057 [1l)ltem
464 1978 537 2057 quia
565 1979 789 2057 perpetuitates
815 1979 845 2040 in
872 1978 1114 2054 donacionibus,
1137 1998 1215 2062 quas

189 2085 354 2167 regnicolis
370 2095 400 2148 et
415 2087 613 2168 magnatibus
629 2088 741 2149 nostris
757 2088 880 2150 dedisse
897 2089 1120 2171 dignoscimus,
1143 2092 1216 2174 quia

189 2199 315 2279 quidam
332 2218 441 2260 eorum
457 2200 605 2261 auiditate
619 2199 714 2260 nimia
729 2200 832 2260 uicina
846 2198 904 2260 sibi
917 2199 1120 2262 ecclesiarum
1132 2202 1216 2265 bonu

190 2309 271 2372 uelle
295 2330 447 2392 occupare
475 2320 662 2382 noscuntur,
693 2319 723 2372 et
750 2311 782 2371 in
812 2311 923 2372 solenti
951 2313 1094 2392 potencie
1120 2313 1216 2374 inter·

190 2422 264 2483 dum
285 2423 386 2484 subito
407 2423 445 2483 ab
469 2422 602 2485 ecclesia
622 2441 685 2482 non
710 2430 814 2501 potest
831 2422 948 2493 resisti,
970 2421 1114 2483 uolumus
1129 2420 1215 2503 quod

190 2533 293 2595 omnia
315 2535 398 2594 bonu
421 2542 526 2594 sancte
549 2532 895 2613 Quinqueecclesiensis
919 2534 1050 2596 ecclesie
1066 2555 1128 2595 non
1143 2553 1218 2616 pos·

190 2644 250 2705 sint
265 2644 411 2725 occupari
434 2666 490 2706 scu
514 2645 680 2724 prescribi,
701 2663 759 2705 nec
780 2651 949 2706 teneantur
963 2664 1018 2705 scu
1033 2645 1218 2724 possidean-

192 2763 240 2816 tur
262 2776 317 2835 per
331 2756 558 2835 occupacioues
583 2776 687 2817 rerum
714 2756 847 2818 ecclesie
869 2756 936 2818 sinc
960 2754 1012 2818 lite
1036 2755 1163 2835 pacifice
1186 2761 1217 2818 et

192 2866 297 2948 quiete
312 2868 418 2947 spacio
435 2876 559 2929 centum
578 2887 742 2928 annorum.

276 2977 343 3054 (15)
379 2977 456 3037 ltem
485 2978 670 3040 indulsimus
707 2980 810 3041 eidem
839 2976 991 3051 ecclesie,
1026 2977 1111 3058 quod
1139 2975 1218 3038 sicut

192 3097 315 3150 exemto
343 3089 410 3149 sore
440 3091 632 3170 dignoscitur
657 3110 676 3151 a
702 3100 855 3172 potestate
881 3087 1009 3151 Palatini
1041 3095 1073 3148 et
1096 3087 1217 3150 comitis

193 3199 357 3261 cuiuslibet
371 3199 460 3280 regui
476 3202 590 3272 nostri,
613 3201 657 3261 sic
669 3203 769 3263 eciam
780 3202 934 3271 uolumus,
955 3198 1040 3279 quod
1053 3216 1111 3257 nec
1123 3212 1217 3277 preco

193 3311 321 3373 Palatini
347 3332 406 3373 uec
427 3313 547 3373 comitis
563 3312 744 3392 parochiani
764 3313 831 3374 sine
853 3308 984 3371 licencia
1005 3307 1144 3387 episcopi
1164 3305 1219 3368 uel

194 3423 335 3485 officialis
351 3424 410 3495 sui,
427 3444 484 3503 per
500 3423 565 3484 lora
582 3424 680 3503 ipsius
696 3421 828 3484 ecclesie
843 3420 947 3482 ualeat
962 3417 1084 3500 publice
1100 3416 1218 3499 aliquid

194 3535 401 3614 proclamare,
424 3545 455 3595 et
479 3554 535 3614 per
557 3532 726 3614 quemlibet
748 3528 915 3591 officialem
938 3529 1069 3591 ecclesie
1091 3530 1217 3610 impune

193 3647 291 3727 possit
306 3644 474 3726 prohiberi.

276 3757 341 3838 (lli)
363 3760 441 3820 llem
453 3757 538 3838 quod
551 3755 758 3837 congregacio
770 3754 924 3836 generalis
939 3755 1042 3837 regni,
1056 3754 1108 3816 uel
1120 3754 1218 3819 eclam

194 3869 390 3950 particularis
405 3869 616 3948 cuiuscunque
638 3865 816 3948 prouincie,
839 3886 857 3928 a
876 3866 988 3928 comite
1006 3864 1145 3928 Palatino
1166 3865 1220 3929 uel

196 3982 308 4043 comite
325 3980 495 4061 parochiali
516 3999 570 4041 seu
591 3978 789 4059 prouinciali,
811 3978 862 4039 uel
878 3996 1065 4060 quocunque
1084 3978 1220 4050 barone,

196 4092 295 4153 eciam
310 4094 350 4153 de
365 4091 462 4153 latere
484 4091 571 4172 regio
592 4089 773 4152 transmisso
786 4089 919 4161 indicta,
941 4108 1101 4171 nunquam
1120 4086 1220 4169 possit

193 4202 263 4271 lieri
286 4204 319 4266 in
346 4202 472 4268 ciuitate
497 4199 848 4289 Quinqueecclesiensi,
882 4201 936 4266 uel
957 4201 991 4267 iu
1015 4198 1121 4286 aliqua
1145 4195 1219 4265 uitta
