2798 4764
214 352 276 419 lat
318 350 467 416 murno
484 364 627 416 sancoar
639 368 715 417 vrrs
736 368 762 415 s.
776 368 930 416 sesanam
948 364 1040 415 aeon
1060 346 1136 435 (iil

211 521 412 605 imperatorie
432 523 595 602 potestatis
616 539 766 584 coronam
787 540 846 603 per
868 519 1093 584 Germanorum
1115 519 1245 586 electio-

211 652 286 698 nem
305 652 482 708 assumere,
509 632 564 716 qui
588 627 747 695 destructa
766 630 852 713 pacis
874 629 1116 714 tranquillitate,
1143 633 1245 696 tocius

214 743 389 809 'l'heotonie
411 763 506 807 manu
526 742 718 816 coadunata,
739 742 901 804 Pannonia
922 742 1072 806 terminos
1093 741 1248 808 hostiliter

214 863 345 921 conatus
367 867 416 920 est
434 853 596 919 inuadere.
626 863 737 917 contra
751 873 846 935 quem
861 873 917 916 rex
932 853 1111 917 corrsultum
1125 854 1246 919 habens

214 965 436 1050 episcoporum
457 972 489 1029 et
511 963 705 1047 principum,
727 963 767 1026 ad
789 964 940 1026 tuendam
959 964 1093 1047 patriam
1109 975 1247 1030 armatos

214 1077 315 1141 tocius
328 1075 489 1158 ilungarie
504 1075 668 1137 contraxit.
696 1075 781 1157 prius
797 1084 902 1138 tamen
916 1074 1074 1151 recolens,
1102 1095 1137 1141 se
1152 1076 1250 1140 nichil

214 1206 310 1271 posse
323 1188 392 1250 sine
406 1187 554 1268 suffragio
567 1185 695 1260 Christi,
710 1205 821 1249 manus
837 1194 869 1250 et
883 1205 939 1248 cor
948 1186 1059 1251 leuans
1074 1187 1115 1253 ad
1129 1188 1250 1264 ethera,

217 1298 345 1363 domine
360 1318 417 1362 sne
432 1306 585 1380 perpetue
602 1297 715 1380 uirgini
731 1298 782 1361 dei
796 1297 939 1381 genitrici
953 1299 1059 1364 Mariae
1078 1318 1150 1364 snas
1167 1301 1249 1363 inin·

215 1411 279 1475 rias
301 1410 544 1485 commendans,
565 1410 659 1473 talem
680 1410 785 1492 erupit
804 1410 836 1471 in
858 1429 988 1473 uocem:
1018 1411 1044 1473 si
1068 1412 1173 1495 placet
1193 1411 1250 1477 tibi

217 1521 343 1586 domina
358 1519 467 1583 mundi
481 1528 534 1583 tue
549 1529 670 1603 partem
685 1520 867 1585 hereditatis
882 1521 920 1583 ab
935 1522 1067 1585 inimicis
1079 1522 1248 1597 deuasteri,

217 1639 250 1697 et
262 1630 421 1695 nouellam
436 1630 664 1713 plantacionem
680 1631 913 1695 christianitatis
935 1631 1070 1706 aboleri,
1091 1651 1157 1697 non
1178 1652 1247 1695 mcc

217 1761 332 1827 precor
351 1742 523 1824 imputetur
544 1741 682 1815 desidie,
703 1741 761 1804 sed
782 1741 892 1824 pocius
914 1741 1116 1824 disposicioni
1136 1740 1249 1806 nolun-

216 1853 289 1917 tatis
303 1859 369 1916 tue.
394 1853 421 1916 si
434 1852 569 1935 pastoris
584 1851 678 1934 culpa
691 1850 778 1935 qnod
798 1860 938 1916 meretur
950 1852 1019 1935 ipse
1033 1852 1115 1927 luat,
1142 1852 1251 1916 inson-

218 1964 301 2031 tibus
321 1984 414 2046 parce
432 1982 546 2047 precor
561 1964 684 2028 ouibus·
720 1964 769 2027 his
788 1964 882 2028 dictis
900 1965 990 2048 qnasi
1009 1961 1189 2029 consolatus
1210 1965 1251 2027 ah

217 2076 304 2161 ipsa,
330 2075 517 2141 fiducialiter
531 2076 684 2141 aduersus
698 2075 805 2142 hostes
821 2076 880 2140 iter
892 2077 1034 2160 arripnit.
1066 2074 1163 2141 altera
1178 2096 1252 2140 mox

219 2188 271 2254 die
295 2189 430 2253 nuncius
455 2188 496 2252 ad
519 2208 618 2251 unum
643 2207 803 2272 quemque
827 2187 941 2252 ducem
964 2187 1193 2252 Germanorum
1217 2189 1251 2252 in

219 2309 337 2376 castra,
359 2321 418 2365 ceu
438 2300 551 2364 missus
572 2300 611 2364 ab
631 2301 818 2383 imperatore
842 2300 946 2375 uenit,
968 2300 1022 2384 qni
1037 2300 1082 2364 eis
1097 2298 1250 2364 redeundi

219 2415 402 2479 mandatum
418 2412 539 2477 detulit.
558 2412 821 2495 Regredientibus
836 2410 1035 2486 aduersariis,
1052 2411 1102 2475 uir
1114 2421 1253 2486 sanctus,

218 2535 366 2609 respectu
380 2525 596 2589 miseracionis
611 2525 662 2587 dci
676 2543 711 2586 se
726 2523 887 2587 uisitatum
901 2522 1100 2606 intelligens,
1129 2523 1251 2588 Christo

219 2655 340 2719 sueque
351 2637 502 2719 genitrici,
515 2646 600 2700 terre
616 2643 788 2716 prostratus
802 2635 925 2718 gracias
940 2634 1013 2718 egit,
1025 2634 1114 2697 cuius
1123 2654 1169 2709 se,
1181 2653 1252 2696 cnm

218 2746 307 2828 regni
321 2746 520 2827 prouisioue,
541 2745 683 2808 tutamini
698 2744 846 2828 precibus
861 2745 995 2811 assiduis
1009 2745 1251 2808 commendauit

219 2855 391 2941 imperator
411 2876 489 2920 ucro
512 2877 642 2919 suorum
663 2864 727 2920 tam
748 2859 912 2939 repentina
934 2857 1121 2941 perterritus
1143 2856 1251 2921 deiec-

220 2965 330 3040 cione,
358 2966 520 3030 sciscitans
537 2966 674 3050 qualiter
695 2987 746 3032 res
765 2966 849 3032 iacta
868 2968 983 3044 fuerit,
1009 2988 1081 3033 mam
1102 2967 1251 3032 nuncium

221 3079 414 3143 reuersionis
435 3098 546 3143 eorum
567 3098 632 3143 non
652 3099 745 3144 sunm
763 3080 862 3145 luisse
883 3082 1041 3146 ueraciter
1059 3082 1168 3157 sciret,
1194 3101 1253 3163 per

221 3189 387 3255 consilium
407 3189 594 3266 diuinitatis,
623 3191 663 3256 ad
685 3193 952 3257 corroborandam
971 3191 1056 3274 ragis
1078 3190 1253 3256 lldelissimi

222 3320 327 3385 mem,
351 3301 466 3366 iactum
487 3321 552 3365 non
574 3302 743 3378 dubitauit,
772 3324 871 3388 seque
893 3302 1009 3369 dehinc
1026 3301 1067 3365 ab
1087 3301 1253 3366 inuasione

222 3414 313 3498 segni
326 3414 404 3491 eius,
425 3413 536 3479 timore
549 3414 661 3478 iudicis
676 3416 777 3480 eterni
791 3423 932 3481 retentus
945 3413 1104 3480 abstinuit.

157 3628 172 3639 “
307 3632 371 3718 (16)
400 3638 489 3702 Idem
513 3658 640 3721 quoqne
661 3658 719 3702 rex
739 3638 851 3702 beatus
870 3635 1079 3701 sollicitudine
1100 3632 1252 3716 regalium

224 3744 470 3828 disposicionum
495 3758 685 3833 occupatus,
719 3754 843 3830 tempus
864 3747 1012 3810 numum
1031 3742 1197 3825 colloquiis
1222 3754 1255 3809 et

224 3858 364 3923 consiliis
377 3860 573 3942 transigens,
595 3879 653 3942 per
665 3857 767 3923 nocta
780 3856 946 3923 silencinm
957 3854 1073 3938 uigiliis
1086 3863 1120 3919 et
1132 3857 1256 3920 oracio·

224 3969 318 4035 nibus
340 3971 475 4046 instare,
503 3969 763 4053 contemplacioni
782 3985 914 4042 uacare,
936 3965 1082 4030 lacrimas
1101 3966 1255 4045 tundere,

226 4079 320 4145 deum
338 4078 456 4162 alloqui
475 4078 622 4162 precibus
637 4097 766 4161 operam
780 4078 891 4153 dabat,
909 4077 1047 4162 iustique
1060 4078 1172 4144 iudicis
1186 4099 1256 4145 mo·

226 4189 447 4267 deracionem,
478 4206 576 4275 snper
598 4189 786 4257 cottidianas
810 4189 1000 4258 indiciorum
1026 4190 1256 4271 incenderes,
