2798 4764
504 352 688 401 raaasrron
713 353 754 400 or
775 348 887 402 namn.
1148 337 1211 403 725

184 506 255 569 dam
276 505 418 589 hospitis.
446 508 499 588 qni
522 528 593 570 cum
615 508 733 590 etipse
755 508 871 570 liberos
886 517 1064 571 constanter
1079 517 1210 599 asseret,

183 619 359 679 nominatus
383 619 477 680 index
501 620 574 681 dato
593 620 745 700 pristaido
765 620 890 682 nornine
906 620 1018 683 Miebel
1042 607 1081 683 dc
1096 599 1209 703 Urbay,

185 728 268 792 misit
288 738 452 810 utramque
474 740 593 811 partem
614 732 653 792 ad
668 750 801 793 examen
816 731 891 794 serri
906 733 1067 793 candentis
1083 732 1209 794 [inradi-

183 860 273 914 num,
294 840 363 912 nbi,
385 859 453 901 cum
476 841 537 902 iarn
561 841 662 903 dictus
677 842 853 922 Stephanus
874 842 992 903 ferrum
1013 851 1137 922 portare
1158 862 1210 904 ae-

183 952 341 1025 cessisset,
368 951 436 1013 talis
462 952 543 1014 inter
568 972 623 1015 eos
647 953 729 1015 sacta
755 963 803 1016 est
825 952 1014 1026 corrueneio,
1036 954 1121 1035 quod
1141 954 1209 1033 ipse

183 1061 359 1143 Stephanus
373 1064 515 1145 predicto
530 1063 676 1125 Forensio
695 1065 784 1126 daret
799 1065 876 1125 duas
891 1083 1023 1136 marcas,
1045 1065 1210 1127 Farcasius

184 1183 287 1238 autem
308 1174 377 1237 ilios
399 1183 555 1257 quattuor,
577 1194 656 1256 quos
679 1173 857 1256 requirebat
878 1196 933 1255 nro
951 1176 1115 1248 libertinis,
1137 1175 1210 1238 reii-

184 1287 251 1367 quit
264 1306 321 1367 pro
335 1285 442 1348 liberis
457 1286 594 1358 nurnine,
609 1286 702 1348 iudici
718 1295 821 1348 autern
837 1287 987 1368 pristaldo
1002 1288 1210 1351 communiter

97 1398 100 1403 '
183 1397 361 1459 satisfacere
377 1406 603 1459 conuenerunt.

266 1504 350 1586 (333)
372 1508 481 1568 Petrus
504 1506 584 1568 filius
604 1509 708 1569 Moraz
731 1509 770 1569 de
794 1507 865 1569 uilla
881 1509 949 1572 ttad
970 1509 1110 1590 impeeiit
1123 1509 1208 1571 anu

182 1619 378 1680 sacerdotem
399 1627 430 1680 et
451 1618 562 1680 iratres
583 1618 661 1692 eius,
683 1619 802 1680 scilicet
815 1619 918 1691 Iacob,
934 1618 1059 1692 Tibem,
1081 1627 1112 1680 et
1127 1617 1210 1680 Clin-

183 1749 257 1790 num
273 1730 313 1791 de
329 1729 401 1790 uilla
416 1730 558 1800 Kertesti,
580 1730 687 1790 dicens
702 1730 785 1810 quod
802 1728 976 1790 dimidietas
991 1737 1091 1801 terre,
1113 1747 1207 1809 quarn

182 1841 240 1922 ipsi
265 1843 331 1902 iure
357 1839 546 1902 hereditario
571 1841 761 1912 insidebant,
793 1840 982 1902 hcreditariu
1006 1841 1073 1901 eins
1098 1840 1207 1923 porcio

182 1962 280 2017 esset:
303 1954 388 2034 quod
404 1974 474 2014 curn
488 1952 530 2012 itti
546 1961 713 2032 negarent,
734 1952 895 2013 Ladislaus
910 1971 1015 2013 eomes
1026 1951 1208 2015 Bachicusis

183 2073 214 2125 et
236 2065 333 2124 index
357 2064 442 2125 curie
467 2063 652 2133 discuciens,
676 2080 733 2142 per
754 2062 936 2142 pristaldnm
961 2064 1087 2124 nomine
1111 2063 1209 2126 b‘osos

183 2173 280 2234 fitium
301 2173 384 2234 boch
407 2173 445 2233 de
468 2171 539 2232 uilla
555 2173 622 2232 Pnn
638 2171 726 2233 brisit
747 2192 801 2233 ees
823 2172 863 2233 ad
888 2190 1019 2232 examen
1039 2171 1113 2232 ferri
1136 2191 1210 2233 ean·

180 2284 282 2346 dentis
303 2282 505 2352 Uaradinum,
535 2282 587 2341 ubi
610 2281 763 2361 pacificati
786 2290 874 2354 sunt,
901 2281 1015 2342 iudicia
1039 2282 1070 2342 in
1092 2283 1207 2363 quibus

180 2403 287 2457 mutuo
302 2393 361 2455 sibi
376 2394 563 2455 tenebantur
577 2392 713 2456 inuicem
732 2393 791 2455 sibi
807 2393 934 2454 omniuo
949 2391 1156 2474 indulgentes,
1178 2402 1210 2458 ot

179 2507 273 2568 talem
293 2513 322 2566 te
338 2514 422 2567 terra
436 2503 579 2565 iecerunt
593 2503 859 2576 conuencioneru,
881 2503 1097 2584 quod-terram
1113 2523 1209 2585 quam

181 2616 357 2677 nominatus
374 2616 483 2675 Petrus
502 2613 700 2694 requirebat,
721 2614 838 2675 remisit
855 2614 992 2692 predicto
1007 2614 1163 2677 sacerdoti
1177 2621 1209 2676 et

180 2726 320 2808 cognatis
342 2726 409 2786 eins
432 2724 621 2786 memoratis.
648 2725 796 2785 sacerdos
818 2732 921 2785 autern
944 2735 975 2787 ct
995 2725 1119 2806 cognati
1140 2725 1206 2786 eius

181 2839 338 2901 dederunt
358 2837 387 2897 ei
410 2855 504 2896 uuam
524 2853 672 2896 marcam.
693 2835 787 2895 iudici
803 2844 908 2898 autem
922 2843 955 2896 et
969 2833 1120 2916 pristaldo
1134 2854 1210 2896 con-

180 2957 336 3012 nenerunt
350 2947 441 3009 simul
456 2945 648 3009 satisfacere.

262 3058 346 3141 (339)
368 3059 489 3120 Bndurn
512 3077 619 3119 comes
635 3057 793 3138 quendam
812 3058 939 3118 tremine
956 3056 1095 3118 Cbebam
1117 3057 1210 3121 traxit

180 3172 211 3232 in
227 3190 353 3232 causam
368 3189 472 3231 coram
488 3168 613 3229 arbitris
629 3167 849 3248 parochitanis,
871 3166 990 3227 scilicet
1004 3165 1113 3236 Adam,
1134 3165 1210 3227 Far·

183 3282 301 3342 casium
317 3281 522 3339 decanum‘et
535 3279 680 3348 Zounuc,
702 3276 809 3337 dicens
825 3274 910 3354 quod
933 3293 1030 3334 arnum
1047 3274 1209 3355 ioubagio·

183 3410 255 3450 uern
277 3409 367 3449 suum
389 3387 572 3458 occidisset,
593 3395 624 3447 et
639 3385 733 3447 alium
749 3384 918 3446 crudeliter
933 3384 1129 3465 flagellasset.
1155 3385 1209 3468 qui

184 3501 291 3562 Cheba
309 3519 380 3561 curn
404 3499 538 3579 pcccatis
560 3498 683 3559 illorum
699 3497 896 3580 exigentibus
912 3497 972 3560 boc
988 3497 1033 3559 eis
1049 3517 1083 3559 se
1097 3496 1209 3562 iecisse

183 3613 385 3683 affirmasset,
407 3610 540 3692 predicti
555 3610 662 3672 arbitri
677 3611 831 3673 miserunt
852 3618 1017 3691 utramque
1033 3617 1154 3689 partem
1168 3610 1210 3674 ad

182 3744 313 3787 examen
334 3722 408 3784 ferri
431 3721 594 3782 candentis
610 3721 815 3792 Uaradinum,
836 3720 889 3781 ubi
906 3720 1000 3782 bomo
1022 3720 1135 3781 Bodun
1155 3740 1209 3782 co-

181 3837 262 3899 mitis
276 3841 401 3918 portato
415 3833 501 3896 serre
515 3831 697 3896 iustificatos
712 3842 770 3893 est.

263 3946 351 4027 (3b0)
372 3947 423 4009 Usi
439 3955 623 4026 procurator
645 3945 719 4008 uide
734 3942 910 4024 Scaidubag
931 3943 1037 4006 statuit
1059 3951 1131 4004 ante
1151 3960 1210 4005 nas

182 4059 320 4122 Peteuad
342 4069 373 4122 et
386 4059 450 4120 Mib
473 4078 511 4120 ex
531 4079 595 4128 una
610 4067 713 4148 parter
736 4055 907 4128 Andream,
927 4051 1129 4124 Miebadlem,
1149 4052 1214 4113 Bu·

183 4171 283 4245 tham,
304 4171 457 4247 Sauram,
476 4171 605 4284 Hercgg
614 4232 625 4265 ‚
645 4167 845 4245 Gabrielem,
862 4168 979 4240 Baton,
992 4164 1124 4236 Tabam,
1138 4161 1215 4225 Soa·
