2798 4764
231 360 292 434 356
488 377 623 432 arnonus
644 374 873 430 srmoormnsrs
894 373 997 426 aaron.

315 542 427 604 eodem
447 541 542 602 modo
564 540 616 621 qni
639 559 709 600 cum
733 534 860 600 alterius
882 554 995 606 uxore,
1027 531 1079 595 nel
1103 552 1164 614 qne
1188 551 1260 594 cum

201 624 205 632 ι
231 656 341 718 marito
357 653 482 715 alterius
497 660 608 733 peccat
622 652 787 713 iudicetur.

314 767 339 827 si
355 765 424 846 quis
446 763 583 845 puellam
603 762 743 843 rapuerit
764 760 816 823 uel
837 759 1020 833 uiolauerit,
1042 760 1067 821 si
1082 757 1195 820 nobilis
1211 764 1260 820 est

233 878 380 943 canonice
397 875 573 958 penitencie
589 896 660 937 cum
675 874 907 955 composicione
921 872 1094 933 subiaceat.
1116 870 1170 951 qui
1183 889 1260 931 uero

231 990 292 1052 boc
306 986 488 1070 persoluere
511 1007 573 1047 non
594 986 725 1067 poterit,
745 995 836 1047 tonso
859 984 961 1065 capite
982 983 1156 1045 secundum
1178 981 1261 1043 iudi-

234 1101 315 1163 cium
331 1099 413 1180 regis
425 1097 570 1179 ladislay
585 1098 795 1159 nenundetnr.

315 1211 340 1274 si
356 1211 424 1292 quis
439 1229 585 1290 sponsam
600 1208 739 1290 rapuerit
753 1206 890 1279 alterius,
904 1206 931 1267 si
944 1205 999 1266 illa
1014 1224 1077 1265 non
1093 1203 1261 1275 consensit,

233 1324 383 1388 reddatur
403 1322 531 1403 proprio
549 1340 676 1403 sponso.
706 1327 813 1399 raptor
831 1338 908 1380 uero
930 1317 956 1378 si
978 1315 1090 1377 nobilis
1113 1326 1162 1379 est
1176 1335 1263 1377 com-

234 1433 427 1518 posicionem
443 1433 625 1494 canonicam
639 1432 742 1504 saciat,
762 1439 793 1492 et
806 1431 873 1492 sine
890 1450 945 1510 spe
961 1429 1097 1510 coniugii
1113 1429 1261 1510 peniteat.

236 1548 261 1609 si
286 1565 350 1609 non
375 1544 488 1625 poterit
513 1543 781 1624 composicionem
810 1543 902 1614 dare,
933 1541 1000 1603 siue
1027 1561 1083 1621 spe
1108 1539 1261 1603 libertatis

235 1657 445 1719 uenundetur.

320 1767 345 1826 si
360 1765 430 1846 quis
441 1784 571 1826 uxorem
587 1764 709 1845 fugiens
722 1785 755 1827 se
767 1772 879 1846 sponte
892 1765 1067 1826 debitorem
1080 1764 1161 1837 lecit,
1176 1765 1262 1827 unde

236 1898 271 1942 sc
293 1877 443 1957 expedire
466 1874 543 1938 nolit
564 1885 692 1958 propter
714 1877 821 1938 odium
839 1877 925 1959 quod
948 1878 980 1938 in
999 1897 1127 1940 uxorem
1149 1876 1262 1950 babet,

234 2010 358 2070 semper
369 1988 400 2049 in
412 1988 563 2050 seruitute
574 1997 766 2069 permaneat.
789 1989 857 2052 etsi
868 2008 1005 2071 unquam
1017 1987 1097 2051 liber
1109 1989 1263 2064 uideatur,

235 2104 349 2164 iterum
364 2102 572 2163 uenundetur.
593 2120 672 2163 uxor
688 2123 763 2165 uero
780 2103 847 2164 eius
862 2103 910 2162 cui
926 2102 993 2164 uult
1007 2101 1115 2164 nubat.

321 2215 398 2292 (53)
419 2213 446 2274 si
469 2212 539 2293 quis
562 2214 601 2275 de
625 2214 709 2276 clero
724 2216 894 2276 secundam
915 2235 1046 2276 uxorem
1062 2213 1113 2276 uel
1134 2214 1263 2276 uiduam

237 2327 288 2390 nel
303 2324 498 2406 repudiatam
514 2324 651 2397 duxerit,
672 2326 860 2404 deponatur.

321 2435 403 2511 (bl)
426 2435 539 2514 bigami
563 2436 746 2516 presbiteri,
776 2438 829 2519 qui
854 2437 893 2499 ad
917 2437 1043 2499 ordines
1065 2458 1138 2500 suos
1160 2438 1264 2500 redire

239 2547 413 2617 noluerint,
436 2566 475 2607 ex
490 2566 645 2608 consensu
660 2568 794 2609 uxorum
810 2569 936 2610 suarum
951 2549 1151 2629 recipiantur.

321 2659 396 2731 (55)
418 2655 560 2718 similiter
581 2658 607 2719 si
630 2658 784 2738 presbiter
805 2659 1010 2721 concubinam
1029 2660 1188 2733 habuerit,
1211 2661 1266 2722 de·

242 2776 385 2850 ponatur.

324 2881 405 2953 (56)
428 2886 460 2940 ut
474 2879 617 2941 canonici
632 2879 772 2961 regulam
787 2884 970 2945 canonicam
988 2883 1088 2946 sciant
1110 2893 1140 2946 et
1154 2882 1267 2947 intelli-

243 2997 326 3071 gant.

325 3103 404 3176 (57)
426 3100 451 3163 si
477 3102 546 3183 quis
567 3101 752 3164 clericorum
776 3103 850 3165 furti
871 3106 1026 3186 arguitur,
1055 3108 1093 3168 ab
1118 3108 1266 3189 episcopo

242 3214 294 3276 uel
316 3212 536 3276 archidiacono
558 3214 724 3277 iudicetur.
752 3219 777 3278 si
800 3238 872 3280 reus
894 3218 1041 3281 inuentus
1061 3220 1155 3283 suerit
1169 3221 1268 3301 depo·

243 3334 346 3400 natur,
369 3335 400 3389 et
420 3328 503 3389 bona
524 3346 580 3388 sua
603 3329 731 3409 perdat,
751 3330 777 3391 si
798 3350 875 3393 uero
897 3330 992 3392 nichil
1012 3331 1166 3406 habuerit,
1192 3353 1268 3393 uen-

244 3437 345 3500 datur.

326 3551 407 3624 (58)
430 3571 468 3613 ne
489 3550 592 3612 clerici
612 3551 781 3613 tabernarii
804 3553 856 3615 uel
879 3554 1074 3616 feneratores
1097 3554 1167 3616 sint.
1201 3554 1269 3634 qui-

245 3678 369 3740 cunqne
385 3661 416 3721 in
431 3663 604 3722 tabernaria
619 3663 713 3726 domo
728 3665 858 3737 biberit,
884 3666 909 3725 si
925 3666 1055 3727 clericus
1070 3673 1118 3727 est
1131 3667 1271 3747 depona-

245 3776 305 3841 tur,
330 3770 356 3829 si
370 3769 468 3831 laicus
483 3771 513 3830 in
529 3773 708 3834 testimonio
726 3794 789 3835 non
804 3775 980 3855 recipiatur.

327 3881 409 3954 (59)
433 3888 467 3942 ut
492 3880 595 3942 clerici
621 3891 716 3945 testes
741 3903 804 3947 non
832 3885 912 3957 sint,
942 3888 1059 3948 necin
1084 3894 1270 3951 testamento

244 3991 415 4064 morientis,
439 3991 491 4054 uel
507 4012 562 4073 pro
578 4005 784 4069 sacramento,
815 3996 866 4059 uel
881 4018 939 4078 pro
954 3996 1079 4060 iudicio.

329 4104 411 4179 (60)
432 4104 518 4166 ludei
540 4124 650 4168 seruos
672 4107 724 4169 uel
747 4108 874 4170 ancillas
893 4129 996 4190 neque
1013 4111 1154 4192 proprios
1168 4131 1271 4193 neque

245 4215 392 4295 uenales,
411 4237 514 4303 neque
535 4220 748 4289 mercenarios
768 4220 962 4288 Christianos
980 4223 1098 4289 hebere
1121 4225 1270 4293 audeant.
