2798 4764
359 351 385 400 s.
399 356 553 402 crunnum
573 354 664 404 escis
685 355 893 404 nncneronmt
912 354 1005 406 ram
1025 358 1059 405 n.
1150 332 1212 404 ddi

268 512 350 575 XiV.
392 514 437 574 Dc
459 516 552 593 plodii
574 515 791 575 nutncrocionc.
846 511 876 574 Si
901 514 971 595 quis
1002 535 1078 577 uero
1107 514 1212 596 gladio

186 625 401 687 uulnerauerit
430 625 581 706 aliquem,
617 634 648 687 ot
670 624 854 688 uulneratus
879 627 918 688 de
944 627 1055 689 eodem
1078 628 1211 691 uulnere

185 756 278 799 sanus
293 745 324 797 et
336 736 500 797 incolumis
515 737 666 810 euaserit,
688 736 848 799 homicidii
864 737 1127 819 composicionem
1144 739 1213 802 uui-

186 848 269 909 neris
285 848 386 908 iliator
401 856 579 927 componat.
1162 848 1166 855 '

267 957 335 1018 XV.
378 960 421 1019 De
441 961 533 1037 plodii
553 963 760 1038 mopinocionc
779 963 839 1022 sinc
859 965 988 1023 uulnere.
1033 962 1064 1023 Si
1080 962 1149 1043 quis
1164 961 1213 1025 su·

185 1089 256 1131 rore
280 1068 418 1151 repletus
440 1072 657 1154 euaginauerit
677 1071 832 1154 gladium,
854 1082 1003 1137 ettamen
1019 1094 1082 1134 non
1096 1074 1213 1148 leserit,

185 1202 241 1262 pro
264 1181 332 1243 sola
353 1182 580 1262 euagiuacione
603 1184 738 1245 mediam
761 1184 920 1246 homicidii
946 1185 1212 1267 composicionem

185 1293 337 1355 absoluat.

233 1470 238 1479 ,
266 1407 348 1467 xvi.
391 1408 435 1468 Dc
457 1410 618 1469 testimonio
641 1430 791 1470 seruorum
819 1411 911 1488 nepoti
936 1411 1013 1470 curie
1034 1412 1080 1470 uei
1101 1410 1213 1471 ciuitati

180 1522 410 1599 propositorum.
454 1519 485 1580 Si
502 1519 569 1601 quis
586 1521 691 1581 senior
706 1521 784 1582 curti
801 1519 897 1601 regali
919 1521 969 1581 uei
986 1519 1102 1581 ciuitati
1117 1517 1214 1600 prefi-

184 1631 272 1702 citur,
304 1631 514 1691 testimoninm
539 1631 605 1693 eius
625 1632 707 1692 inter
722 1632 851 1693 comites
876 1630 1053 1711 recipiatur.
1086 1632 1161 1692 item
1185 1628 1212 1692 si

184 1762 295 1804 seruus
311 1743 480 1816 seniorem,
503 1743 528 1804 si
544 1743 632 1803 miles
649 1764 739 1805 suum
756 1743 902 1805 comitem
921 1743 1122 1805 interfecerit.

268 1854 365 1914 xvii.
409 1855 453 1914 De
475 1857 693 1934 conspiracione
715 1857 788 1934 repis
809 1867 834 1915 et
848 1856 941 1932 repni.
986 1854 1101 1935 Siquis
1117 1854 1213 1918 inre·

184 1984 253 2045 gem
269 1975 322 2026 aut
337 1965 368 2024 in
383 1983 515 2044 regnum
531 1966 771 2044 conspiraucrit,
792 1965 949 2046 refugium
966 1965 1083 2026 nulium
1099 1965 1214 2028 habeat

184 2076 224 2136 ad
241 2074 416 2137 ecclesiam.
450 2075 520 2135 etsi
537 2077 605 2155 quis
621 2077 702 2136 circa
717 2077 801 2157 regis
816 2077 946 2138 salutem
963 2086 1016 2138 aut
1031 2078 1212 2157 dignitatem

183 2186 323 2269 quolibet
336 2187 431 2247 modo
447 2186 564 2268 aliquid
581 2187 819 2267 conspirauerit,
835 2195 886 2248 aut
898 2188 1078 2268 conspirare
1094 2188 1213 2267 aiiquid

184 2299 365 2370 tentauerit,
387 2318 443 2359 scu
459 2299 570 2359 tentari
586 2298 688 2359 sciens
705 2298 912 2371 consenserit,
935 2298 1213 2360 anathematizetur

184 2422 215 2474 ct
229 2411 368 2472 omniurn
383 2410 523 2471 fidelium
538 2410 756 2471 communione
771 2409 921 2490 priuetur.
944 2412 1010 2471 etsi
1023 2411 1092 2491 quis
1104 2408 1212 2470 huius·

184 2523 268 2584 modi
283 2522 418 2603 aliquem
440 2522 578 2593 nouerit,
602 2529 632 2582 et
651 2531 723 2602 post
742 2521 799 2582 hec
816 2521 923 2584 ualens
944 2542 1007 2582 non
1023 2521 1211 2597 edicauerit,

185 2635 322 2715 predicte
338 2635 499 2696 subiaceat
515 2634 725 2695 danmacioni.

266 2746 375 2806 Xi'lii.
419 2746 462 2806 De
484 2747 687 2806 decimonono.
733 2746 763 2806 Si
788 2746 835 2807 cui
860 2747 937 2808 deus
959 2747 1066 2809 decem
1090 2747 1214 2811 dederit

186 2859 215 2919 in
240 2879 341 2929 anno,
363 2858 517 2919 decimam
537 2858 597 2919 deo
619 2859 680 2919 det.
710 2866 741 2920 et
762 2859 786 2919 si
803 2860 871 2939 quis
887 2859 1039 2920 decimam
1055 2879 1142 2921 suam
1160 2860 1215 2922 ab·

184 2970 317 3042 scandit,
337 2989 452 3030 nouem
470 2970 532 3032 det.
561 2970 632 3032 etsi
652 2970 721 3051 quis
737 2971 982 3034 decimacionem
998 2972 1147 3052 episcopo
1162 2991 1214 3034 so·

187 3090 324 3161 paratam
345 3081 465 3141 iuratus
488 3081 600 3153 suerit,
622 3082 811 3144 diiudicetur
833 3093 866 3143 ut
889 3083 947 3144 sur.
977 3102 1013 3144 ac
1034 3082 1214 3144 huiusmodi

187 3193 377 3272 composicio
393 3201 457 3255 tota
472 3195 627 3273 pertineat
642 3194 679 3255 ad
697 3194 893 3274 episcopum.

269 3304 352 3364 xix.
393 3304 437 3363 De
458 3305 589 3363 uersucia
613 3306 759 3364 connitum.
804 3304 927 3384 siquis
951 3304 1100 3365 uersuciis
1122 3301 1214 3364 alicui

189 3415 335 3475 comitum
351 3414 402 3474 nei
418 3415 505 3476 alteri
521 3434 657 3495 persone
672 3414 756 3475 fideii
772 3414 908 3476 dixerit:
931 3414 1036 3475 audiui
1052 3434 1159 3494 regem
1174 3414 1214 3476 ad

188 3534 270 3587 tuam
287 3526 502 3608 perdicionem
518 3524 622 3606 ioqui,
644 3536 675 3588 et
689 3525 740 3586 hic
755 3526 903 3587 inuentus
918 3525 1030 3597 suerit,
1051 3534 1172 3606 pereat.

269 3637 339 3697 XX.
382 3637 426 3698 De
449 3638 660 3698 adulatoribus.
713 3635 744 3697 Si
770 3636 839 3717 quis
863 3635 975 3697 salsum
1002 3636 1214 3700 testimonium

188 3747 238 3807 uei
254 3748 447 3809 adulacionis
462 3767 641 3810 sermonem
657 3757 765 3810 contra
785 3747 906 3828 aliquos
929 3747 1108 3828 protulerit,
1131 3758 1215 3813 tacc-

188 3881 285 3941 reqne
301 3881 356 3922 eos
373 3861 558 3942 deprecatus
580 3860 690 3933 suerit,
712 3867 745 3921 ut
759 3860 877 3922 astucia
892 3860 1006 3922 diaboli
1021 3863 1061 3923 ad
1076 3862 1214 3925 inuicem

188 3992 243 4034 eos
258 3981 398 4054 separet,
420 3973 523 4035 soluat
536 3972 614 4033 diras
630 3971 878 4053 composiciones
898 3971 1016 4034 ioiiacis
1036 3972 1142 4055 lingue
1156 3992 1214 4055 pro

187 4096 276 4149 reatu
292 4085 455 4148 mendacii.
477 4086 502 4148 si
517 4085 571 4149 uni
585 4084 644 4149 soii
659 4082 801 4149 adulatus
817 4083 926 4162 fuerit,
947 4085 1086 4169 priuetur
1099 4085 1215 4168 lingna.
