<?xml version="1.0" encoding="UTF-8"?>
<!DOCTYPE html PUBLIC "-//W3C//DTD XHTML 1.0 Transitional//EN"
    "http://www.w3.org/TR/xhtml1/DTD/xhtml1-transitional.dtd">
<html xmlns="http://www.w3.org/1999/xhtml" xml:lang="en" lang="en">
 <head>
  <title>
</title>
<meta http-equiv="Content-Type" content="text/html;charset=utf-8" />
  <meta name='ocr-system' content='tesseract 3.04.00' />
  <meta name='ocr-capabilities' content='ocr_page ocr_carea ocr_par ocr_line ocrx_word'/>
</head>
<body>
  <div class='ocr_page' id='page_1' title='image "./rerumhungaricar00endlgoog/rerumhungaricar00endlgoog_0046.png"; bbox 0 0 2798 4764; ppageno 0'>
   <div class='ocr_carea' id='block_1_1' title="bbox 400 352 1207 430">
    <p class='ocr_par' dir='ltr' id='par_1_1' title="bbox 400 352 1207 430">
     <span class='ocr_line' id='line_1_1' title="bbox 400 352 1207 430; baseline 0.001 -12"><span class='ocrx_word' id='word_1_1' title='bbox 400 352 538 418; x_wconf 78' lang='lat' dir='ltr'><strong>tsosm</strong></span> <span class='ocrx_word' id='word_1_2' title='bbox 560 369 658 416; x_wconf 77' lang='lat' dir='ltr'><strong>cssrn</strong></span> <span class='ocrx_word' id='word_1_3' title='bbox 678 354 893 416; x_wconf 78' lang='lat' dir='ltr'><strong>nnsnnnonm&#39;r·</strong></span> <span class='ocrx_word' id='word_1_4' title='bbox 909 352 990 430; x_wconf 70' lang='grc' dir='ltr'>(ιιι).</span> <span class='ocrx_word' id='word_1_5' title='bbox 1167 353 1207 419; x_wconf 82' lang='lat' dir='ltr'><strong>at</strong></span> 
     </span>
    </p>
   </div>
   <div class='ocr_carea' id='block_1_2' title="bbox 180 524 1252 2604">
    <p class='ocr_par' dir='ltr' id='par_1_2' title="bbox 180 524 1252 2604">
     <span class='ocr_line' id='line_1_2' title="bbox 180 524 1210 609; baseline -0.002 -17"><span class='ocrx_word' id='word_1_6' title='bbox 180 533 254 593; x_wconf 86' lang='lat' dir='ltr'><strong>tuno</strong></span> <span class='ocrx_word' id='word_1_7' title='bbox 268 525 302 589; x_wconf 89' lang='lat' dir='ltr'><strong>bi</strong></span> <span class='ocrx_word' id='word_1_8' title='bbox 315 532 452 609; x_wconf 72' lang='lat' dir='ltr'><strong>quatuor</strong></span> <span class='ocrx_word' id='word_1_9' title='bbox 464 524 598 599; x_wconf 84' lang='lat' dir='ltr'><strong>domini,</strong></span> <span class='ocrx_word' id='word_1_10' title='bbox 614 524 690 587; x_wconf 89' lang='lat' dir='ltr'><strong>inito</strong></span> <span class='ocrx_word' id='word_1_11' title='bbox 706 524 788 587; x_wconf 89' lang='lat' dir='ltr'><strong>inter</strong></span> <span class='ocrx_word' id='word_1_12' title='bbox 801 545 836 588; x_wconf 88' lang='lat' dir='ltr'><strong>se</strong></span> <span class='ocrx_word' id='word_1_13' title='bbox 850 524 997 600; x_wconf 75' lang='lat' dir='ltr'><strong>consitio,</strong></span> <span class='ocrx_word' id='word_1_14' title='bbox 1011 546 1068 608; x_wconf 87' lang='lat' dir='ltr'><strong>per</strong></span> <span class='ocrx_word' id='word_1_15' title='bbox 1080 525 1210 609; x_wconf 91' lang='lat' dir='ltr'><strong>peticio·</strong></span> 
     </span>
     <span class='ocr_line' id='line_1_3' title="bbox 182 634 1209 720; baseline -0.001 -18"><span class='ocrx_word' id='word_1_16' title='bbox 182 658 255 702; x_wconf 91' lang='lat' dir='ltr'><strong>nem</strong></span> <span class='ocrx_word' id='word_1_17' title='bbox 275 637 447 701; x_wconf 87' lang='lat' dir='ltr'><strong>incolarum</strong></span> <span class='ocrx_word' id='word_1_18' title='bbox 469 636 528 699; x_wconf 86' lang='lat' dir='ltr'><strong>sibi</strong></span> <span class='ocrx_word' id='word_1_19' title='bbox 548 634 688 699; x_wconf 83' lang='lat' dir='ltr'><strong>fidelium</strong></span> <span class='ocrx_word' id='word_1_20' title='bbox 711 636 953 710; x_wconf 88' lang='lat' dir='ltr'><strong>constituerunt,</strong></span> <span class='ocrx_word' id='word_1_21' title='bbox 974 645 1008 700; x_wconf 93' lang='grc' dir='ltr'><strong>ιιι</strong></span> <span class='ocrx_word' id='word_1_22' title='bbox 1027 638 1121 701; x_wconf 87' lang='lat' dir='ltr'><strong>tercia</strong></span> <span class='ocrx_word' id='word_1_23' title='bbox 1137 658 1209 720; x_wconf 87' lang='lat' dir='ltr'><strong>pars</strong></span> 
     </span>
     <span class='ocr_line' id='line_1_4' title="bbox 183 748 1208 833; baseline 0.002 -19"><span class='ocrx_word' id='word_1_24' title='bbox 183 752 225 814; x_wconf 86' lang='lat' dir='ltr'><strong>de</strong></span> <span class='ocrx_word' id='word_1_25' title='bbox 239 750 378 814; x_wconf 79' lang='lat' dir='ltr'><strong>exercitu</strong></span> <span class='ocrx_word' id='word_1_26' title='bbox 392 769 463 813; x_wconf 91' lang='lat' dir='ltr'><strong>cum</strong></span> <span class='ocrx_word' id='word_1_27' title='bbox 478 749 586 811; x_wconf 83' lang='lat' dir='ltr'><strong>incolis</strong></span> <span class='ocrx_word' id='word_1_28' title='bbox 602 758 683 811; x_wconf 89' lang='lat' dir='ltr'><strong>terre</strong></span> <span class='ocrx_word' id='word_1_29' title='bbox 703 749 784 811; x_wconf 87' lang='lat' dir='ltr'><strong>irent</strong></span> <span class='ocrx_word' id='word_1_30' title='bbox 804 749 835 809; x_wconf 94' lang='lat' dir='ltr'><strong>in</strong></span> <span class='ocrx_word' id='word_1_31' title='bbox 850 748 961 809; x_wconf 88' lang='lat' dir='ltr'><strong>siluam</strong></span> <span class='ocrx_word' id='word_1_32' title='bbox 976 750 1132 823; x_wconf 89' lang='lat' dir='ltr'><strong>Zouolon,</strong></span> <span class='ocrx_word' id='word_1_33' title='bbox 1154 753 1208 833; x_wconf 90' lang='lat' dir='ltr'><strong>qui</strong></span> 
     </span>
     <span class='ocr_line' id='line_1_5' title="bbox 180 860 1210 945; baseline 0.001 -19"><span class='ocrx_word' id='word_1_34' title='bbox 180 861 320 926; x_wconf 75' lang='lat' dir='ltr'><strong>tacerent</strong></span> <span class='ocrx_word' id='word_1_35' title='bbox 334 861 366 922; x_wconf 90' lang='lat' dir='ltr'><strong>in</strong></span> <span class='ocrx_word' id='word_1_36' title='bbox 380 860 514 923; x_wconf 86' lang='lat' dir='ltr'><strong>confinio</strong></span> <span class='ocrx_word' id='word_1_37' title='bbox 528 861 617 943; x_wconf 76' lang='lat' dir='ltr'><strong>regni</strong></span> <span class='ocrx_word' id='word_1_38' title='bbox 633 861 826 922; x_wconf 83' lang='lat' dir='ltr'><strong>municiones</strong></span> <span class='ocrx_word' id='word_1_39' title='bbox 841 860 948 933; x_wconf 82' lang='lat' dir='ltr'><strong>fortes,</strong></span> <span class='ocrx_word' id='word_1_40' title='bbox 970 870 1032 923; x_wconf 82' lang='lat' dir='ltr'><strong>tem</strong></span> <span class='ocrx_word' id='word_1_41' title='bbox 1046 862 1084 924; x_wconf 88' lang='lat' dir='ltr'><strong>de</strong></span> <span class='ocrx_word' id='word_1_42' title='bbox 1099 863 1210 945; x_wconf 86' lang='lat' dir='ltr'><strong>lepidi·</strong></span> 
     </span>
     <span class='ocr_line' id='line_1_6' title="bbox 181 971 1210 1055; baseline 0.001 -19"><span class='ocrx_word' id='word_1_43' title='bbox 181 973 241 1036; x_wconf 88' lang='lat' dir='ltr'><strong>bus</strong></span> <span class='ocrx_word' id='word_1_44' title='bbox 254 991 350 1055; x_wconf 80' lang='lat' dir='ltr'><strong>qtram</strong></span> <span class='ocrx_word' id='word_1_45' title='bbox 366 971 465 1035; x_wconf 82' lang='lat' dir='ltr'><strong>eciem</strong></span> <span class='ocrx_word' id='word_1_46' title='bbox 480 971 520 1034; x_wconf 90' lang='lat' dir='ltr'><strong>de</strong></span> <span class='ocrx_word' id='word_1_47' title='bbox 535 971 640 1053; x_wconf 75' lang='lat' dir='ltr'><strong>lignis,</strong></span> <span class='ocrx_word' id='word_1_48' title='bbox 662 983 695 1035; x_wconf 93' lang='lat' dir='ltr'><strong>ut</strong></span> <span class='ocrx_word' id='word_1_49' title='bbox 710 991 750 1033; x_wconf 90' lang='lat' dir='ltr'><strong>ue</strong></span> <span class='ocrx_word' id='word_1_50' title='bbox 765 971 933 1053; x_wconf 78' lang='lat' dir='ltr'><strong>aliquando</strong></span> <span class='ocrx_word' id='word_1_51' title='bbox 949 972 1057 1034; x_wconf 87' lang='lat' dir='ltr'><strong>Boemi</strong></span> <span class='ocrx_word' id='word_1_52' title='bbox 1078 973 1130 1035; x_wconf 87' lang='lat' dir='ltr'><strong>uel</strong></span> <span class='ocrx_word' id='word_1_53' title='bbox 1150 976 1210 1038; x_wconf 86' lang='lat' dir='ltr'><strong>Po·</strong></span> 
     </span>
     <span class='ocr_line' id='line_1_7' title="bbox 182 1082 1211 1167; baseline 0.003 -21"><span class='ocrx_word' id='word_1_54' title='bbox 182 1082 247 1148; x_wconf 85' lang='lat' dir='ltr'><strong>loni</strong></span> <span class='ocrx_word' id='word_1_55' title='bbox 263 1092 391 1165; x_wconf 79' lang='lat' dir='ltr'><strong>possent</strong></span> <span class='ocrx_word' id='word_1_56' title='bbox 405 1083 521 1147; x_wconf 86' lang='lat' dir='ltr'><strong>intrare</strong></span> <span class='ocrx_word' id='word_1_57' title='bbox 536 1103 629 1145; x_wconf 80' lang='lat' dir='ltr'><strong>cause</strong></span> <span class='ocrx_word' id='word_1_58' title='bbox 643 1083 715 1146; x_wconf 74' lang='lat' dir='ltr'><strong>furti</strong></span> <span class='ocrx_word' id='word_1_59' title='bbox 731 1093 763 1146; x_wconf 87' lang='lat' dir='ltr'><strong>et</strong></span> <span class='ocrx_word' id='word_1_60' title='bbox 776 1085 885 1165; x_wconf 84' lang='lat' dir='ltr'><strong>rapine</strong></span> <span class='ocrx_word' id='word_1_61' title='bbox 900 1085 933 1145; x_wconf 90' lang='lat' dir='ltr'><strong>in</strong></span> <span class='ocrx_word' id='word_1_62' title='bbox 948 1104 1080 1167; x_wconf 78' lang='lat' dir='ltr'><strong>reguum</strong></span> <span class='ocrx_word' id='word_1_63' title='bbox 1093 1104 1211 1150; x_wconf 89' lang='lat' dir='ltr'><strong>eorum.</strong></span> 
     </span>
     <span class='ocr_line' id='line_1_8' title="bbox 181 1195 1211 1263; baseline 0.002 -5"><span class='ocrx_word' id='word_1_64' title='bbox 181 1206 257 1263; x_wconf 91' lang='lat' dir='ltr'><strong>tunc</strong></span> <span class='ocrx_word' id='word_1_65' title='bbox 269 1195 427 1258; x_wconf 86' lang='lat' dir='ltr'><strong>communi</strong></span> <span class='ocrx_word' id='word_1_66' title='bbox 443 1195 573 1258; x_wconf 83' lang='lat' dir='ltr'><strong>consitio</strong></span> <span class='ocrx_word' id='word_1_67' title='bbox 588 1196 646 1257; x_wconf 89' lang='lat' dir='ltr'><strong>bac</strong></span> <span class='ocrx_word' id='word_1_68' title='bbox 660 1199 699 1259; x_wconf 87' lang='lat' dir='ltr'><strong>de</strong></span> <span class='ocrx_word' id='word_1_69' title='bbox 714 1214 806 1258; x_wconf 81' lang='lat' dir='ltr'><strong>cause</strong></span> <span class='ocrx_word' id='word_1_70' title='bbox 819 1196 932 1258; x_wconf 88' lang='lat' dir='ltr'><strong>missus</strong></span> <span class='ocrx_word' id='word_1_71' title='bbox 946 1207 994 1260; x_wconf 85' lang='lat' dir='ltr'><strong>est</strong></span> <span class='ocrx_word' id='word_1_72' title='bbox 1009 1197 1109 1260; x_wconf 80' lang='lat' dir='ltr'><strong>borsu</strong></span> <span class='ocrx_word' id='word_1_73' title='bbox 1127 1197 1211 1261; x_wconf 78' lang='lat' dir='ltr'><strong>fitius</strong></span> 
     </span>
     <span class='ocr_line' id='line_1_9' title="bbox 182 1305 1211 1389; baseline 0.003 -21"><span class='ocrx_word' id='word_1_74' title='bbox 182 1307 310 1389; x_wconf 73' lang='lat' dir='ltr'><strong>Bunger</strong></span> <span class='ocrx_word' id='word_1_75' title='bbox 323 1325 394 1369; x_wconf 87' lang='lat' dir='ltr'><strong>cum</strong></span> <span class='ocrx_word' id='word_1_76' title='bbox 409 1305 473 1369; x_wconf 88' lang='lat' dir='ltr'><strong>suis</strong></span> <span class='ocrx_word' id='word_1_77' title='bbox 486 1306 647 1379; x_wconf 89' lang='lat' dir='ltr'><strong>mititibns,</strong></span> <span class='ocrx_word' id='word_1_78' title='bbox 663 1314 694 1368; x_wconf 87' lang='lat' dir='ltr'><strong>et</strong></span> <span class='ocrx_word' id='word_1_79' title='bbox 708 1325 778 1367; x_wconf 91' lang='lat' dir='ltr'><strong>cum</strong></span> <span class='ocrx_word' id='word_1_80' title='bbox 792 1306 966 1388; x_wconf 78' lang='lat' dir='ltr'><strong>equitarent</strong></span> <span class='ocrx_word' id='word_1_81' title='bbox 982 1308 1066 1370; x_wconf 86' lang='lat' dir='ltr'><strong>inxtn</strong></span> <span class='ocrx_word' id='word_1_82' title='bbox 1080 1309 1211 1371; x_wconf 85' lang='lat' dir='ltr'><strong>fluuium</strong></span> 
     </span>
     <span class='ocr_line' id='line_1_10' title="bbox 183 1417 1213 1501; baseline 0.002 -19"><span class='ocrx_word' id='word_1_83' title='bbox 183 1419 284 1493; x_wconf 70' lang='lat' dir='ltr'><strong>tiron,</strong></span> <span class='ocrx_word' id='word_1_84' title='bbox 305 1434 421 1482; x_wconf 84' lang='lat' dir='ltr'><strong>ceruus·</strong></span> <span class='ocrx_word' id='word_1_85' title='bbox 433 1417 506 1501; x_wconf 80' lang='lat' dir='ltr'><strong>iuga</strong></span> <span class='ocrx_word' id='word_1_86' title='bbox 521 1418 626 1499; x_wconf 84' lang='lat' dir='ltr'><strong>lapsus</strong></span> <span class='ocrx_word' id='word_1_87' title='bbox 647 1421 719 1481; x_wconf 74' lang='lat' dir='ltr'><strong>&#39;ente</strong></span> <span class='ocrx_word' id='word_1_88' title='bbox 735 1437 789 1480; x_wconf 89' lang='lat' dir='ltr'><strong>eos</strong></span> <span class='ocrx_word' id='word_1_89' title='bbox 805 1419 967 1481; x_wconf 81' lang='lat' dir='ltr'><strong>cacumina</strong></span> <span class='ocrx_word' id='word_1_90' title='bbox 981 1421 1139 1482; x_wconf 89' lang='lat' dir='ltr'><strong>moncium</strong></span> <span class='ocrx_word' id='word_1_91' title='bbox 1163 1441 1213 1484; x_wconf 87' lang='lat' dir='ltr'><strong>os·</strong></span> 
     </span>
     <span class='ocr_line' id='line_1_11' title="bbox 184 1517 1252 1614; baseline 0.003 -19"><span class='ocrx_word' id='word_1_92' title='bbox 184 1532 302 1606; x_wconf 80' lang='lat' dir='ltr'><strong>cendit,</strong></span> <span class='ocrx_word' id='word_1_93' title='bbox 331 1550 425 1614; x_wconf 89' lang='lat' dir='ltr'><strong>quem</strong></span> <span class='ocrx_word' id='word_1_94' title='bbox 443 1517 547 1594; x_wconf 67' lang='lat' dir='ltr'><strong>boren</strong></span> <span class='ocrx_word' id='word_1_95' title='bbox 572 1532 736 1593; x_wconf 79' lang='lat' dir='ltr'><strong>celerrimo</strong></span> <span class='ocrx_word' id='word_1_96' title='bbox 761 1551 853 1594; x_wconf 88' lang='lat' dir='ltr'><strong>cursu</strong></span> <span class='ocrx_word' id='word_1_97' title='bbox 875 1542 1072 1614; x_wconf 89' lang='lat' dir='ltr'><strong>persecutus,</strong></span> <span class='ocrx_word' id='word_1_98' title='bbox 1099 1533 1211 1597; x_wconf 84' lang='lat' dir='ltr'><strong>ictibus</strong></span> <span class='ocrx_word' id='word_1_99' title='bbox 1250 1539 1252 1542; x_wconf 78' lang='grc'><strong>’</strong></span> 
     </span>
     <span class='ocr_line' id='line_1_12' title="bbox 185 1643 1211 1728; baseline 0 -19"><span class='ocrx_word' id='word_1_100' title='bbox 185 1645 364 1728; x_wconf 63' lang='lat' dir='ltr'><strong>uposmm</strong></span> <span class='ocrx_word' id='word_1_101' title='bbox 386 1644 419 1706; x_wconf 92' lang='lat' dir='ltr'><strong>iu</strong></span> <span class='ocrx_word' id='word_1_102' title='bbox 441 1645 557 1707; x_wconf 88' lang='lat' dir='ltr'><strong>uertice</strong></span> <span class='ocrx_word' id='word_1_103' title='bbox 579 1645 731 1707; x_wconf 88' lang='lat' dir='ltr'><strong>montium</strong></span> <span class='ocrx_word' id='word_1_104' title='bbox 750 1643 913 1708; x_wconf 82' lang='lat' dir='ltr'><strong>interfecit</strong></span> <span class='ocrx_word' id='word_1_105' title='bbox 946 1654 978 1707; x_wconf 90' lang='lat' dir='ltr'><strong>et</strong></span> <span class='ocrx_word' id='word_1_106' title='bbox 1000 1656 1073 1709; x_wconf 89' lang='lat' dir='ltr'><strong>tunc</strong></span> <span class='ocrx_word' id='word_1_107' title='bbox 1093 1646 1211 1720; x_wconf 89' lang='lat' dir='ltr'><strong>Borsu,</strong></span> 
     </span>
     <span class='ocr_line' id='line_1_13' title="bbox 186 1754 1213 1837; baseline 0.005 -19"><span class='ocrx_word' id='word_1_108' title='bbox 186 1776 256 1818; x_wconf 88' lang='lat' dir='ltr'><strong>cum</strong></span> <span class='ocrx_word' id='word_1_109' title='bbox 274 1754 481 1819; x_wconf 74' lang='lat' dir='ltr'><strong>montesilice</strong></span> <span class='ocrx_word' id='word_1_110' title='bbox 496 1755 656 1818; x_wconf 90' lang='lat' dir='ltr'><strong>incircum</strong></span> <span class='ocrx_word' id='word_1_111' title='bbox 672 1757 860 1837; x_wconf 75' lang='lat' dir='ltr'><strong>aspexisset,</strong></span> <span class='ocrx_word' id='word_1_112' title='bbox 880 1756 912 1818; x_wconf 93' lang='lat' dir='ltr'><strong>in</strong></span> <span class='ocrx_word' id='word_1_113' title='bbox 928 1757 1109 1821; x_wconf 83' lang='lat' dir='ltr'><strong>memoriam</strong></span> <span class='ocrx_word' id='word_1_114' title='bbox 1124 1759 1213 1824; x_wconf 81' lang='lat' dir='ltr'><strong>duxit</strong></span> 
     </span>
     <span class='ocr_line' id='line_1_14' title="bbox 185 1869 1213 1952; baseline 0 -17"><span class='ocrx_word' id='word_1_115' title='bbox 185 1879 221 1935; x_wconf 89' lang='grc' dir='ltr'><strong>ιιι</strong></span> <span class='ocrx_word' id='word_1_116' title='bbox 240 1869 282 1931; x_wconf 92' lang='lat' dir='ltr'><strong>ibi</strong></span> <span class='ocrx_word' id='word_1_117' title='bbox 301 1878 434 1933; x_wconf 86' lang='lat' dir='ltr'><strong>castrum</strong></span> <span class='ocrx_word' id='word_1_118' title='bbox 457 1877 660 1931; x_wconf 80' lang='lat' dir='ltr'><strong>construeret</strong></span> <span class='ocrx_word' id='word_1_119' title='bbox 692 1877 723 1932; x_wconf 92' lang='lat' dir='ltr'><strong>et</strong></span> <span class='ocrx_word' id='word_1_120' title='bbox 744 1869 845 1931; x_wconf 87' lang='lat' dir='ltr'><strong>statim</strong></span> <span class='ocrx_word' id='word_1_121' title='bbox 868 1878 1054 1952; x_wconf 77' lang='lat' dir='ltr'><strong>congregata</strong></span> <span class='ocrx_word' id='word_1_122' title='bbox 1075 1871 1213 1936; x_wconf 88' lang='lat' dir='ltr'><strong>multitu·</strong></span> 
     </span>
     <span class='ocr_line' id='line_1_15' title="bbox 186 1981 1213 2055; baseline 0.001 -11"><span class='ocrx_word' id='word_1_123' title='bbox 186 1983 261 2045; x_wconf 85' lang='lat' dir='ltr'><strong>dine</strong></span> <span class='ocrx_word' id='word_1_124' title='bbox 274 1981 403 2055; x_wconf 84' lang='lat' dir='ltr'><strong>ciuium,</strong></span> <span class='ocrx_word' id='word_1_125' title='bbox 418 1981 449 2043; x_wconf 94' lang='lat' dir='ltr'><strong>in</strong></span> <span class='ocrx_word' id='word_1_126' title='bbox 464 1982 581 2043; x_wconf 87' lang='lat' dir='ltr'><strong>uertice</strong></span> <span class='ocrx_word' id='word_1_127' title='bbox 596 1981 688 2043; x_wconf 92' lang='lat' dir='ltr'><strong>unius</strong></span> <span class='ocrx_word' id='word_1_128' title='bbox 702 1981 824 2043; x_wconf 82' lang='lat' dir='ltr'><strong>eicioris</strong></span> <span class='ocrx_word' id='word_1_129' title='bbox 839 1981 952 2043; x_wconf 89' lang='lat' dir='ltr'><strong>montis</strong></span> <span class='ocrx_word' id='word_1_130' title='bbox 963 1993 1096 2045; x_wconf 85' lang='lat' dir='ltr'><strong>cestrum</strong></span> <span class='ocrx_word' id='word_1_131' title='bbox 1110 1981 1213 2047; x_wconf 81' lang='lat' dir='ltr'><strong>fortis·</strong></span> 
     </span>
     <span class='ocr_line' id='line_1_16' title="bbox 185 2092 1215 2176; baseline 0.002 -20"><span class='ocrx_word' id='word_1_132' title='bbox 185 2094 297 2157; x_wconf 87' lang='lat' dir='ltr'><strong>simnm</strong></span> <span class='ocrx_word' id='word_1_133' title='bbox 312 2092 497 2166; x_wconf 79' lang='lat' dir='ltr'><strong>construxit,</strong></span> <span class='ocrx_word' id='word_1_134' title='bbox 519 2092 568 2154; x_wconf 93' lang='lat' dir='ltr'><strong>cui</strong></span> <span class='ocrx_word' id='word_1_135' title='bbox 583 2110 698 2155; x_wconf 91' lang='lat' dir='ltr'><strong>nomen</strong></span> <span class='ocrx_word' id='word_1_136' title='bbox 713 2111 803 2155; x_wconf 90' lang='lat' dir='ltr'><strong>snum</strong></span> <span class='ocrx_word' id='word_1_137' title='bbox 818 2092 967 2173; x_wconf 81' lang='lat' dir='ltr'><strong>imposuit</strong></span> <span class='ocrx_word' id='word_1_138' title='bbox 983 2094 1158 2176; x_wconf 90' lang='lat' dir='ltr'><strong>proprium,</strong></span> <span class='ocrx_word' id='word_1_139' title='bbox 1180 2104 1215 2159; x_wconf 90' lang='lat' dir='ltr'><strong>ut</strong></span> 
     </span>
     <span class='ocr_line' id='line_1_17' title="bbox 185 2205 1214 2285; baseline 0.001 -16"><span class='ocrx_word' id='word_1_140' title='bbox 185 2214 320 2271; x_wconf 76' lang='lat' dir='ltr'><strong>castrum</strong></span> <span class='ocrx_word' id='word_1_141' title='bbox 344 2205 441 2267; x_wconf 77' lang='lat' dir='ltr'><strong>borsu</strong></span> <span class='ocrx_word' id='word_1_142' title='bbox 462 2211 667 2285; x_wconf 81' lang='lat' dir='ltr'><strong>nuncupetur·</strong></span> <span class='ocrx_word' id='word_1_143' title='bbox 703 2213 735 2268; x_wconf 89' lang='lat' dir='ltr'><strong>et</strong></span> <span class='ocrx_word' id='word_1_144' title='bbox 755 2205 828 2268; x_wconf 89' lang='lat' dir='ltr'><strong>inde</strong></span> <span class='ocrx_word' id='word_1_145' title='bbox 850 2224 922 2266; x_wconf 90' lang='lat' dir='ltr'><strong>curu</strong></span> <span class='ocrx_word' id='word_1_146' title='bbox 943 2206 1129 2269; x_wconf 84' lang='lat' dir='ltr'><strong>exercitibus</strong></span> <span class='ocrx_word' id='word_1_147' title='bbox 1150 2206 1214 2271; x_wconf 87' lang='lat' dir='ltr'><strong>suis</strong></span> 
     </span>
     <span class='ocr_line' id='line_1_18' title="bbox 183 2315 1215 2400; baseline 0.001 -21"><span class='ocrx_word' id='word_1_148' title='bbox 183 2336 284 2400; x_wconf 84' lang='lat' dir='ltr'><strong>usque</strong></span> <span class='ocrx_word' id='word_1_149' title='bbox 299 2316 338 2379; x_wconf 82' lang='lat' dir='ltr'><strong>ad</strong></span> <span class='ocrx_word' id='word_1_150' title='bbox 353 2315 462 2378; x_wconf 78' lang='lat' dir='ltr'><strong>siluam</strong></span> <span class='ocrx_word' id='word_1_151' title='bbox 474 2315 615 2378; x_wconf 84' lang='lat' dir='ltr'><strong>Zouoiun</strong></span> <span class='ocrx_word' id='word_1_152' title='bbox 631 2315 760 2398; x_wconf 83' lang='lat' dir='ltr'><strong>perexit,</strong></span> <span class='ocrx_word' id='word_1_153' title='bbox 777 2325 808 2380; x_wconf 91' lang='lat' dir='ltr'><strong>et</strong></span> <span class='ocrx_word' id='word_1_154' title='bbox 821 2317 988 2378; x_wconf 80' lang='lat' dir='ltr'><strong>maximam</strong></span> <span class='ocrx_word' id='word_1_155' title='bbox 1003 2316 1215 2380; x_wconf 85' lang='lat' dir='ltr'><strong>municionem</strong></span> 
     </span>
     <span class='ocr_line' id='line_1_19' title="bbox 186 2422 1215 2511; baseline -0.001 -20"><span class='ocrx_word' id='word_1_156' title='bbox 186 2429 226 2492; x_wconf 79' lang='lat' dir='ltr'><strong>tie</strong></span> <span class='ocrx_word' id='word_1_157' title='bbox 248 2428 404 2511; x_wconf 77' lang='lat' dir='ltr'><strong>lapidibus</strong></span> <span class='ocrx_word' id='word_1_158' title='bbox 423 2427 527 2490; x_wconf 81' lang='lat' dir='ltr'><strong>iacere</strong></span> <span class='ocrx_word' id='word_1_159' title='bbox 549 2427 705 2509; x_wconf 81' lang='lat' dir='ltr'><strong>precepit,</strong></span> <span class='ocrx_word' id='word_1_160' title='bbox 727 2427 813 2509; x_wconf 87' lang='lat' dir='ltr'><strong>quod</strong></span> <span class='ocrx_word' id='word_1_161' title='bbox 830 2445 912 2488; x_wconf 89' lang='lat' dir='ltr'><strong>nunc</strong></span> <span class='ocrx_word' id='word_1_162' title='bbox 928 2434 1064 2489; x_wconf 72' lang='lat' dir='ltr'><strong>cestuum</strong></span> <span class='ocrx_word' id='word_1_163' title='bbox 1078 2422 1215 2490; x_wconf 68' lang='lat' dir='ltr'><strong>notssou</strong></span> 
     </span>
     <span class='ocr_line' id='line_1_20' title="bbox 185 2539 484 2604; baseline -0.01 -1"><span class='ocrx_word' id='word_1_164' title='bbox 185 2539 326 2604; x_wconf 82' lang='lat' dir='ltr'><strong>Zouoiun</strong></span> <span class='ocrx_word' id='word_1_165' title='bbox 341 2550 484 2603; x_wconf 80' lang='lat' dir='ltr'><strong>uocatur.</strong></span> 
     </span>
    </p>
   </div>
   <div class='ocr_carea' id='block_1_3' title="bbox 186 2763 1217 3518">
    <p class='ocr_par' dir='ltr' id='par_1_3' title="bbox 186 2763 1217 3518">
     <span class='ocr_line' id='line_1_21' title="bbox 267 2763 1214 2840; baseline 0.001 -13"><span class='ocrx_word' id='word_1_166' title='bbox 267 2765 339 2840; x_wconf 77' lang='lat'>(³5)</span> <span class='ocrx_word' id='word_1_167' title='bbox 368 2766 413 2827; x_wconf 83' lang='lat' dir='ltr'><strong>De</strong></span> <span class='ocrx_word' id='word_1_168' title='bbox 431 2765 531 2829; x_wconf 69' lang='lat' dir='ltr'><strong>bitrio</strong></span> <span class='ocrx_word' id='word_1_169' title='bbox 553 2766 682 2828; x_wconf 75' lang='grc' dir='ltr'>οιιιιιαιι.</span> <span class='ocrx_word' id='word_1_170' title='bbox 725 2763 849 2827; x_wconf 86' lang='lat' dir='ltr'><strong>Zuardu</strong></span> <span class='ocrx_word' id='word_1_171' title='bbox 872 2773 904 2829; x_wconf 88' lang='lat' dir='ltr'><strong>et</strong></span> <span class='ocrx_word' id='word_1_172' title='bbox 925 2763 1048 2828; x_wconf 83' lang='lat' dir='ltr'><strong>Caduse</strong></span> <span class='ocrx_word' id='word_1_173' title='bbox 1069 2784 1129 2827; x_wconf 89' lang='lat' dir='ltr'><strong>nec</strong></span> <span class='ocrx_word' id='word_1_174' title='bbox 1151 2784 1214 2828; x_wconf 89' lang='lat' dir='ltr'><strong>nou</strong></span> 
     </span>
     <span class='ocr_line' id='line_1_22' title="bbox 186 2876 1215 2959; baseline 0 -19"><span class='ocrx_word' id='word_1_175' title='bbox 186 2877 563 2959; x_wconf 59' lang='lat' dir='ltr'><strong>Respondissem</strong></span> <span class='ocrx_word' id='word_1_176' title='bbox 580 2877 690 2949; x_wconf 84' lang='lat' dir='ltr'><strong>Borsu,</strong></span> <span class='ocrx_word' id='word_1_177' title='bbox 705 2896 774 2939; x_wconf 88' lang='lat' dir='ltr'><strong>cum</strong></span> <span class='ocrx_word' id='word_1_178' title='bbox 790 2876 934 2940; x_wconf 89' lang='lat' dir='ltr'><strong>omnibus</strong></span> <span class='ocrx_word' id='word_1_179' title='bbox 950 2878 1136 2940; x_wconf 82' lang='lat' dir='ltr'><strong>exercitibus</strong></span> <span class='ocrx_word' id='word_1_180' title='bbox 1150 2878 1215 2941; x_wconf 91' lang='lat' dir='ltr'><strong>suis</strong></span> 
     </span>
     <span class='ocr_line' id='line_1_23' title="bbox 187 2988 1215 3074; baseline 0.001 -23"><span class='ocrx_word' id='word_1_181' title='bbox 187 2990 307 3074; x_wconf 76' lang='lat' dir='ltr'><strong>egressi</strong></span> <span class='ocrx_word' id='word_1_182' title='bbox 329 2990 369 3052; x_wconf 83' lang='lat' dir='ltr'><strong>de</strong></span> <span class='ocrx_word' id='word_1_183' title='bbox 390 3000 492 3052; x_wconf 82' lang='lat' dir='ltr'><strong>cestro</strong></span> <span class='ocrx_word' id='word_1_184' title='bbox 507 2990 592 3071; x_wconf 85' lang='lat' dir='ltr'><strong>quod</strong></span> <span class='ocrx_word' id='word_1_185' title='bbox 607 2990 721 3054; x_wconf 90' lang='lat' dir='ltr'><strong>dicitur</strong></span> <span class='ocrx_word' id='word_1_186' title='bbox 734 2988 851 3061; x_wconf 84' lang='lat' dir='ltr'><strong>Uarod,</strong></span> <span class='ocrx_word' id='word_1_187' title='bbox 873 2989 951 3053; x_wconf 88' lang='lat' dir='ltr'><strong>ultra</strong></span> <span class='ocrx_word' id='word_1_188' title='bbox 969 2990 1079 3052; x_wconf 83' lang='lat' dir='ltr'><strong>siloem</strong></span> <span class='ocrx_word' id='word_1_189' title='bbox 1094 2990 1215 3052; x_wconf 85' lang='lat' dir='ltr'><strong>Tursoc</strong></span> 
     </span>
     <span class='ocr_line' id='line_1_24' title="bbox 188 3100 1215 3182; baseline 0.001 -19"><span class='ocrx_word' id='word_1_190' title='bbox 188 3110 289 3165; x_wconf 80' lang='lat' dir='ltr'><strong>eastra</strong></span> <span class='ocrx_word' id='word_1_191' title='bbox 310 3100 417 3165; x_wconf 89' lang='lat' dir='ltr'><strong>metati</strong></span> <span class='ocrx_word' id='word_1_192' title='bbox 437 3110 523 3173; x_wconf 90' lang='lat' dir='ltr'><strong>sunt,</strong></span> <span class='ocrx_word' id='word_1_193' title='bbox 545 3102 630 3163; x_wconf 85' lang='lat' dir='ltr'><strong>iuxta</strong></span> <span class='ocrx_word' id='word_1_194' title='bbox 645 3101 775 3163; x_wconf 78' lang='lat' dir='ltr'><strong>fluuium</strong></span> <span class='ocrx_word' id='word_1_195' title='bbox 790 3101 894 3182; x_wconf 79' lang='lat' dir='ltr'><strong>Sytun.</strong></span> <span class='ocrx_word' id='word_1_196' title='bbox 927 3100 1024 3165; x_wconf 86' lang='lat' dir='ltr'><strong>altera</strong></span> <span class='ocrx_word' id='word_1_197' title='bbox 1044 3109 1149 3164; x_wconf 86' lang='lat' dir='ltr'><strong>eutem</strong></span> <span class='ocrx_word' id='word_1_198' title='bbox 1164 3100 1215 3164; x_wconf 90' lang='lat' dir='ltr'><strong>die</strong></span> 
     </span>
     <span class='ocr_line' id='line_1_25' title="bbox 188 3210 1216 3296; baseline -0.003 -20"><span class='ocrx_word' id='word_1_199' title='bbox 188 3212 340 3276; x_wconf 74' lang='lat' dir='ltr'><strong>miserim</strong></span> <span class='ocrx_word' id='word_1_200' title='bbox 359 3213 512 3296; x_wconf 82' lang='lat' dir='ltr'><strong>quosdam</strong></span> <span class='ocrx_word' id='word_1_201' title='bbox 532 3212 745 3294; x_wconf 76' lang='lat' dir='ltr'><strong>speculatores</strong></span> <span class='ocrx_word' id='word_1_202' title='bbox 765 3212 868 3284; x_wconf 91' lang='lat' dir='ltr'><strong>uiros,</strong></span> <span class='ocrx_word' id='word_1_203' title='bbox 890 3230 969 3293; x_wconf 86' lang='lat' dir='ltr'><strong>quos</strong></span> <span class='ocrx_word' id='word_1_204' title='bbox 989 3210 1132 3275; x_wconf 78' lang='lat' dir='ltr'><strong>sciebant</strong></span> <span class='ocrx_word' id='word_1_205' title='bbox 1145 3230 1216 3273; x_wconf 87' lang='lat' dir='ltr'><strong>esse</strong></span> 
     </span>
     <span class='ocr_line' id='line_1_26' title="bbox 190 3320 1217 3407; baseline -0.002 -20"><span class='ocrx_word' id='word_1_206' title='bbox 190 3326 344 3399; x_wconf 77' lang='lat' dir='ltr'><strong>audaces,</strong></span> <span class='ocrx_word' id='word_1_207' title='bbox 365 3327 419 3407; x_wconf 83' lang='lat' dir='ltr'><strong>cpri</strong></span> <span class='ocrx_word' id='word_1_208' title='bbox 440 3324 608 3389; x_wconf 82' lang='lat' dir='ltr'><strong>transirent</strong></span> <span class='ocrx_word' id='word_1_209' title='bbox 629 3324 758 3386; x_wconf 81' lang='lat' dir='ltr'><strong>fluuium</strong></span> <span class='ocrx_word' id='word_1_210' title='bbox 773 3323 874 3395; x_wconf 81' lang='lat' dir='ltr'><strong>Nitra,</strong></span> <span class='ocrx_word' id='word_1_211' title='bbox 896 3332 928 3387; x_wconf 91' lang='lat' dir='ltr'><strong>et</strong></span> <span class='ocrx_word' id='word_1_212' title='bbox 950 3322 1094 3386; x_wconf 86' lang='lat' dir='ltr'><strong>uiderent</strong></span> <span class='ocrx_word' id='word_1_213' title='bbox 1107 3322 1133 3384; x_wconf 92' lang='lat' dir='ltr'><strong>si</strong></span> <span class='ocrx_word' id='word_1_214' title='bbox 1148 3320 1217 3385; x_wconf 85' lang='lat' dir='ltr'><strong>sine</strong></span> 
     </span>
     <span class='ocr_line' id='line_1_27' title="bbox 190 3433 1217 3518; baseline -0.003 -19"><span class='ocrx_word' id='word_1_215' title='bbox 190 3435 274 3499; x_wconf 80' lang='lat' dir='ltr'><strong>bebio</strong></span> <span class='ocrx_word' id='word_1_216' title='bbox 285 3446 415 3518; x_wconf 85' lang='lat' dir='ltr'><strong>possent</strong></span> <span class='ocrx_word' id='word_1_217' title='bbox 429 3444 621 3500; x_wconf 83' lang='lat' dir='ltr'><strong>transmeare</strong></span> <span class='ocrx_word' id='word_1_218' title='bbox 633 3455 733 3518; x_wconf 86' lang='lat' dir='ltr'><strong>usque</strong></span> <span class='ocrx_word' id='word_1_219' title='bbox 745 3435 784 3496; x_wconf 85' lang='lat' dir='ltr'><strong>ad</strong></span> <span class='ocrx_word' id='word_1_220' title='bbox 796 3434 951 3497; x_wconf 87' lang='lat' dir='ltr'><strong>ciuitatem</strong></span> <span class='ocrx_word' id='word_1_221' title='bbox 964 3434 1060 3496; x_wconf 88' lang='lat' dir='ltr'><strong>Nitra.</strong></span> <span class='ocrx_word' id='word_1_222' title='bbox 1080 3433 1217 3514; x_wconf 86' lang='lat' dir='ltr'><strong>quicum</strong></span> 
     </span>
    </p>
   </div>
   <div class='ocr_carea' id='block_1_4' title="bbox 68 3545 1217 3628">
    <p class='ocr_par' dir='ltr' id='par_1_4' title="bbox 68 3545 1217 3628">
     <span class='ocr_line' id='line_1_28' title="bbox 68 3545 1217 3628; baseline 0 -18"><span class='ocrx_word' id='word_1_223' title='bbox 68 3569 77 3586; x_wconf 86' lang='lat'><strong>·</strong></span> <span class='ocrx_word' id='word_1_224' title='bbox 191 3545 391 3610; x_wconf 78' lang='lat' dir='ltr'><strong>uelocissimo</strong></span> <span class='ocrx_word' id='word_1_225' title='bbox 405 3566 498 3608; x_wconf 89' lang='lat' dir='ltr'><strong>cursu</strong></span> <span class='ocrx_word' id='word_1_226' title='bbox 513 3547 673 3610; x_wconf 89' lang='lat' dir='ltr'><strong>uenissent</strong></span> <span class='ocrx_word' id='word_1_227' title='bbox 687 3567 787 3628; x_wconf 89' lang='lat' dir='ltr'><strong>usque</strong></span> <span class='ocrx_word' id='word_1_228' title='bbox 804 3547 843 3608; x_wconf 85' lang='lat' dir='ltr'><strong>nd</strong></span> <span class='ocrx_word' id='word_1_229' title='bbox 856 3545 991 3607; x_wconf 86' lang='lat' dir='ltr'><strong>riuuinm</strong></span> <span class='ocrx_word' id='word_1_230' title='bbox 1004 3546 1029 3605; x_wconf 85' lang='lat' dir='ltr'>T</span> <span class='ocrx_word' id='word_1_231' title='bbox 1031 3562 1146 3619; x_wconf 78' lang='lat' dir='ltr'><strong>urmes,</strong></span> <span class='ocrx_word' id='word_1_232' title='bbox 1163 3545 1217 3610; x_wconf 89' lang='lat' dir='ltr'><strong>ubi</strong></span> 
     </span>
    </p>
   </div>
   <div class='ocr_carea' id='block_1_5' title="bbox 187 3653 1220 4192">
    <p class='ocr_par' dir='ltr' id='par_1_5' title="bbox 187 3653 1220 4192">
     <span class='ocr_line' id='line_1_29' title="bbox 192 3653 1218 3738; baseline -0.002 -16"><span class='ocrx_word' id='word_1_233' title='bbox 192 3658 355 3722; x_wconf 85' lang='lat' dir='ltr'><strong>descendit</strong></span> <span class='ocrx_word' id='word_1_234' title='bbox 366 3659 400 3720; x_wconf 91' lang='lat' dir='ltr'><strong>in</strong></span> <span class='ocrx_word' id='word_1_235' title='bbox 413 3657 550 3720; x_wconf 84' lang='lat' dir='ltr'><strong>riuuinm</strong></span> <span class='ocrx_word' id='word_1_236' title='bbox 564 3659 664 3730; x_wconf 87' lang='lat' dir='ltr'><strong>Nitre,</strong></span> <span class='ocrx_word' id='word_1_237' title='bbox 686 3657 833 3722; x_wconf 92' lang='lat' dir='ltr'><strong>uiderunt</strong></span> <span class='ocrx_word' id='word_1_238' title='bbox 846 3656 1034 3720; x_wconf 86' lang='lat' dir='ltr'><strong>habitatores</strong></span> <span class='ocrx_word' id='word_1_239' title='bbox 1048 3653 1130 3719; x_wconf 84' lang='lat' dir='ltr'><strong>iliius</strong></span> <span class='ocrx_word' id='word_1_240' title='bbox 1145 3677 1218 3738; x_wconf 86' lang='lat' dir='ltr'><strong>pro·</strong></span> 
     </span>
     <span class='ocr_line' id='line_1_30' title="bbox 190 3755 1218 3844; baseline 0.001 -11"><span class='ocrx_word' id='word_1_241' title='bbox 190 3769 295 3834; x_wconf 86' lang='lat' dir='ltr'><strong>nincie</strong></span> <span class='ocrx_word' id='word_1_242' title='bbox 305 3768 435 3833; x_wconf 83' lang='lat' dir='ltr'><strong>Sclsuos</strong></span> <span class='ocrx_word' id='word_1_243' title='bbox 449 3771 633 3844; x_wconf 74' lang='lat' dir='ltr'><strong>etboemos</strong></span> <span class='ocrx_word' id='word_1_244' title='bbox 648 3771 693 3833; x_wconf 89' lang='lat' dir='ltr'><strong>eis</strong></span> <span class='ocrx_word' id='word_1_245' title='bbox 709 3769 861 3833; x_wconf 88' lang='lat' dir='ltr'><strong>obsistere</strong></span> <span class='ocrx_word' id='word_1_246' title='bbox 877 3789 946 3831; x_wconf 87' lang='lat' dir='ltr'><strong>cum</strong></span> <span class='ocrx_word' id='word_1_247' title='bbox 961 3768 1115 3833; x_wconf 83' lang='lat' dir='ltr'><strong>adiutorio</strong></span> <span class='ocrx_word' id='word_1_248' title='bbox 1129 3755 1218 3834; x_wconf 78' lang='lat' dir='ltr'><strong>ducis</strong></span> 
     </span>
     <span class='ocr_line' id='line_1_31' title="bbox 190 3879 1219 3965; baseline -0.002 -21"><span class='ocrx_word' id='word_1_249' title='bbox 190 3881 393 3944; x_wconf 71' lang='lat' dir='ltr'><strong>boemorum.</strong></span> <span class='ocrx_word' id='word_1_250' title='bbox 414 3881 488 3964; x_wconf 87' lang='lat' dir='ltr'><strong>quia</strong></span> <span class='ocrx_word' id='word_1_251' title='bbox 502 3890 625 3946; x_wconf 87' lang='lat' dir='ltr'><strong>mortuo</strong></span> <span class='ocrx_word' id='word_1_252' title='bbox 639 3880 740 3945; x_wconf 80' lang='lat' dir='ltr'><strong>Atbiln</strong></span> <span class='ocrx_word' id='word_1_253' title='bbox 755 3900 847 3965; x_wconf 82' lang='lat' dir='ltr'><strong>rege,</strong></span> <span class='ocrx_word' id='word_1_254' title='bbox 867 3890 984 3945; x_wconf 86' lang='lat' dir='ltr'><strong>terram</strong></span> <span class='ocrx_word' id='word_1_255' title='bbox 998 3899 1061 3963; x_wconf 89' lang='lat' dir='ltr'><strong>que</strong></span> <span class='ocrx_word' id='word_1_256' title='bbox 1074 3879 1157 3944; x_wconf 86' lang='lat' dir='ltr'><strong>iacet</strong></span> <span class='ocrx_word' id='word_1_257' title='bbox 1170 3880 1219 3942; x_wconf 87' lang='lat' dir='ltr'><strong>in·</strong></span> 
     </span>
     <span class='ocr_line' id='line_1_32' title="bbox 192 3991 1219 4078; baseline -0.004 -18"><span class='ocrx_word' id='word_1_258' title='bbox 192 4004 242 4060; x_wconf 82' lang='lat' dir='ltr'><strong>ter</strong></span> <span class='ocrx_word' id='word_1_259' title='bbox 251 3992 335 4076; x_wconf 71' lang='lat' dir='ltr'><em>an</em></span> <span class='ocrx_word' id='word_1_260' title='bbox 357 4004 390 4060; x_wconf 84' lang='lat' dir='ltr'><strong>et</strong></span> <span class='ocrx_word' id='word_1_261' title='bbox 410 3992 514 4068; x_wconf 76' lang='lat' dir='ltr'><strong>tiron,</strong></span> <span class='ocrx_word' id='word_1_262' title='bbox 542 3993 722 4059; x_wconf 77' lang='lat' dir='ltr'><strong>abannbio</strong></span> <span class='ocrx_word' id='word_1_263' title='bbox 741 4013 840 4078; x_wconf 87' lang='lat' dir='ltr'><strong>usque</strong></span> <span class='ocrx_word' id='word_1_264' title='bbox 862 3992 902 4058; x_wconf 82' lang='lat' dir='ltr'><strong>ad</strong></span> <span class='ocrx_word' id='word_1_265' title='bbox 923 3992 1053 4057; x_wconf 78' lang='lat' dir='ltr'><strong>fluuium</strong></span> <span class='ocrx_word' id='word_1_266' title='bbox 1072 3991 1219 4065; x_wconf 85' lang='lat' dir='ltr'><strong>Meroua,</strong></span> 
     </span>
     <span class='ocr_line' id='line_1_33' title="bbox 187 4101 1220 4192; baseline -0.005 -19"><span class='ocrx_word' id='word_1_267' title='bbox 187 4106 259 4173; x_wconf 80' lang='lat' dir='ltr'><strong>&#39;dux</strong></span> <span class='ocrx_word' id='word_1_268' title='bbox 269 4106 461 4172; x_wconf 74' lang='lat' dir='ltr'><strong>memorum</strong></span> <span class='ocrx_word' id='word_1_269' title='bbox 481 4106 540 4171; x_wconf 87' lang='lat' dir='ltr'><strong>sibi</strong></span> <span class='ocrx_word' id='word_1_270' title='bbox 555 4115 825 4192; x_wconf 83' lang='lat' dir='ltr'><strong>preoccupanerat</strong></span> <span class='ocrx_word' id='word_1_271' title='bbox 844 4114 876 4172; x_wconf 89' lang='lat' dir='ltr'><strong>et</strong></span> <span class='ocrx_word' id='word_1_272' title='bbox 895 4123 992 4171; x_wconf 89' lang='lat' dir='ltr'><strong>unum</strong></span> <span class='ocrx_word' id='word_1_273' title='bbox 1007 4105 1154 4172; x_wconf 73' lang='lat' dir='ltr'><strong>ducatum</strong></span> <span class='ocrx_word' id='word_1_274' title='bbox 1172 4101 1220 4168; x_wconf 77' lang='lat' dir='ltr'><strong>te-</strong></span> 
     </span>
    </p>
   </div>
   <div class='ocr_carea' id='block_1_6' title="bbox 0 0 1419 4764">
    <p class='ocr_par' dir='ltr' id='par_1_6' title="bbox 0 0 1419 4764">
     <span class='ocr_line' id='line_1_34' title="bbox 0 0 1419 4764; baseline 0 0"><span class='ocrx_word' id='word_1_275' title='bbox 0 0 1419 4764; x_wconf 95' lang='lat' dir='ltr'><strong> </strong></span> 
     </span>
    </p>
   </div>
  </div>
 </body>
</html>
