2798 4764
236 293 297 385 sor
345 335 495 397 murro
505 333 648 381 nrrmorr
661 333 735 379 vrrs
749 331 774 379 s.
789 332 942 380 srsrnmr
954 331 1047 381 uois
1067 311 1147 401 (25).

233 490 389 574 episcopis
403 496 435 553 el
447 487 609 572 liungnrie
622 486 740 570 primis,
753 484 858 549 multis
872 485 1025 550 sChristo
1039 486 1262 552 miraculorum

233 605 278 667 ibi
291 602 451 667 beneficiis
466 601 618 684 erogatis,
640 599 795 663 elenando
817 599 877 662 uiri
892 598 943 662 dei
959 599 1087 663 dextere
1102 599 1186 663 diem
1199 608 1262 663 stn-

234 717 294 782 tuit
313 715 513 779 celebritatis.
541 712 699 796 quidest,
719 711 848 774 lrouesl
870 712 957 793 quod
978 711 1090 776 ceteris
1111 713 1263 777 membris

234 826 394 893 dissolutis
407 827 484 889 etin
497 825 662 908 puluerem
677 843 771 887 carne
783 824 928 898 redacte,
949 823 1074 906 penitus
1088 823 1273 900 disiunctis:

233 938 303 1002 solu
323 937 455 1001 dexteru
475 956 586 999 monus
606 935 741 1009 ossibus,
762 942 833 998 cute
855 954 925 996 cum
947 935 1053 999 neruis
1071 936 1262 1012 adherente,

233 1069 292 1113 sue
305 1048 483 1112 serueuerit
497 1047 594 1110 decus
608 1046 805 1128 integritatis.
826 1065 890 1109 non
904 1045 991 1110 eliud
1004 1045 1148 1122 arbitror,
1163 1047 1262 1112 diuini

234 1158 356 1225 consilii
376 1157 639 1241 profunditatem,
659 1158 692 1220 in
712 1157 763 1220 his
784 1155 1008 1221 excellenciam
1028 1158 1103 1222 lecti
1122 1158 1262 1223 noluisse

234 1272 413 1337 declarare:
434 1271 466 1334 in
481 1269 656 1335 dilectionis
671 1289 750 1354 opus
772 1277 804 1333 et
818 1269 991 1339 elemosine
1011 1279 1141 1336 cunctos
1162 1271 1262 1335 uirtu-

235 1393 300 1449 tum
325 1382 440 1466 gredus
465 1382 648 1445 escendere.
679 1381 765 1445 unde
785 1381 903 1445 ueritus
923 1381 999 1445 dicit
1021 1382 1054 1444 in
1077 1382 1260 1465 euangelio:

233 1493 318 1559 beuti
342 1492 581 1567 misericordes,
612 1492 760 1576 quonism
787 1492 848 1575 ipsi
871 1493 1118 1559 misericordium
1149 1513 1263 1559 conse·

233 1612 380 1689 quentur.
401 1605 541 1668 etitem:
556 1605 644 1679 date,
658 1612 690 1669 et
703 1605 826 1668 debitur
839 1603 941 1669 uobis.
961 1605 1036 1668 item
1050 1606 1083 1669 in
1097 1605 1159 1669 ulio
1172 1604 1260 1669 loco:

234 1717 316 1780 sicut
336 1735 418 1799 eque
436 1716 559 1799 ignem,
580 1716 624 1780 itu
638 1716 809 1781 elemosine
822 1726 987 1800 peccatum
1001 1717 1165 1801 extinguit.
1194 1737 1260 1782 me-

233 1829 294 1893 rito
316 1829 401 1892 beuti
423 1829 484 1892 uiri
505 1828 635 1892 dexteru
654 1828 712 1893 init
730 1829 831 1893 aliene
852 1829 1037 1912 putredinis,
1057 1850 1120 1912 que
1134 1850 1261 1913 semper

233 1939 358 2023 pietatis
378 1940 457 2002 dore
476 1939 686 2014 renitescere,
705 1940 739 2004 in
759 1940 879 2005 nlendis
893 1941 1087 2025 pauperibus
1100 1961 1262 2025 nunquam

234 2068 337 2114 uscue
358 2050 418 2114 luit
438 2050 528 2115 donis
548 2052 754 2135 erogacionis.
775 2052 923 2117 subuenit
936 2052 1065 2135 quidem
1079 2052 1113 2115 iu
1126 2054 1264 2117 necessi·

234 2170 298 2228 teto
312 2162 441 2246 positis,
462 2162 609 2227 liberauit
619 2183 788 2246 oppressos
808 2162 916 2247 ringo
929 2164 1135 2248 captiuitatis,
1155 2174 1262 2230 uestes

235 2274 528 2362 ethospitelitrtem
548 2276 675 2358 prebuit
696 2277 885 2360 peregrinis,
911 2276 1077 2341 uiduarum
1097 2286 1130 2342 et
1149 2278 1264 2362 orphe·

235 2407 350 2451 norum
370 2387 516 2453 miserius
538 2394 571 2452 et
590 2388 785 2472 indigeucirs
802 2408 876 2454 sues
896 2408 967 2453 esse
981 2391 1191 2472 conputruit,
1211 2409 1265 2456 ce·

235 2520 310 2565 nem
331 2509 364 2564 et
383 2501 564 2565 mundatum
586 2502 795 2577 dominicum,
816 2501 848 2565 in
863 2501 1005 2567 tenendis
1019 2521 1194 2586 egenorum
1207 2525 1265 2588 ps·

236 2612 328 2676 dibus
351 2612 478 2676 cottidie
502 2615 684 2690 renouauit,
716 2614 904 2678 elemosinrs
927 2633 991 2681 noo
1016 2615 1057 2678 de
1078 2616 1187 2698 sopior
1212 2616 1263 2680 nel

237 2719 369 2785 eliorum
383 2722 535 2803 dompno,
554 2723 612 2786 sed
627 2724 667 2787 de
680 2724 817 2806 propriis
831 2734 972 2808 sumptus
986 2724 1118 2791 succulis
1132 2726 1263 2791 effluere

236 2833 328 2899 tecit:
350 2839 385 2897 ut
403 2833 514 2897 domos
535 2834 587 2898 dei
608 2835 721 2901 diuites
742 2834 903 2912 efficeret,
923 2838 983 2901 sibi
996 2836 1189 2903 uoluntrtsm
1207 2837 1265 2902 lrs·

235 2944 332 3010 bendi
352 2946 517 3021 subtrrxit,
538 2947 628 3031 sique
650 2949 770 3013 cunctis
790 2950 831 3014 sd
847 2958 959 3015 notum
977 2951 1150 3015 timuimus
1169 2951 1265 3033 perti·

237 3057 335 3133 ciens,
355 3077 481 3124 carnem
500 3079 607 3135 susm,
627 3080 699 3124 cum
720 3061 811 3126 uiciis
831 3070 864 3126 et
877 3063 1147 3146 concupiscenciis
1164 3064 1266 3129 cruci·

236 3169 314 3237 usic
335 3172 409 3235 iude
430 3171 490 3236 sibi
511 3179 561 3237 est
581 3175 724 3256 corporis
741 3182 775 3239 et
792 3176 922 3241 dextme
941 3176 1137 3241 delectshilis
1156 3184 1188 3241 et
1206 3177 1266 3241 mi·

236 3284 338 3350 rende
356 3284 541 3360 uenerscio,
561 3284 634 3349 inde
650 3285 749 3351 duleis
763 3293 796 3353 ot
807 3286 900 3363 lelix,
921 3296 1031 3353 eterno
1051 3290 1117 3355 nite
1129 3289 1266 3353 retrilru·
1315 3362 1319 3367 ,

237 3395 301 3472 cin,
314 3396 389 3461 inde
403 3397 621 3463 desiderabilis
635 3417 845 3481 supernorum
859 3399 975 3464 ciuium
989 3399 1197 3475 constructo,
1209 3399 1264 3465 uni

235 3506 341 3586 ipsum
359 3486 487 3572 irradiet
499 3528 625 3592 semper
639 3506 748 3573 lucens
762 3517 795 3573 et
807 3509 992 3575 indeficiens
1006 3510 1157 3594 splendor
1171 3511 1263 3575 unius

237 3633 424 3698 summeque
438 3618 574 3695 deitrtis,
592 3621 690 3703 petris
711 3630 742 3685 et
759 3621 816 3685 lilii
836 3629 869 3685 et
887 3622 1015 3704 spiritus
1031 3621 1129 3685 suncti
1145 3639 1203 3702 per
1215 3620 1264 3683 in·

236 3723 326 3789 unio
343 3727 452 3791 socole
470 3729 652 3797 mulorum
668 3732 792 3797 murt.

573 4004 927 4034 m
