2798 4764
177 319 238 383 638
279 334 538 383 consrrrorronas
553 334 766 379 rnnmronuu
780 335 821 378 ua
835 331 994 377 nonuruu.
1016 309 1107 375 taos

178 487 304 550 domino
325 488 393 570 regi
410 487 596 561 constiterit,
618 485 696 550 tales
712 487 914 567 depressores
929 482 1077 564 persequi
1094 490 1212 544 tenca·

178 606 237 672 tur,
259 600 349 678 digna
366 599 490 660 ulcione
505 598 674 660 feriendos.

261 707 328 790 (28)
350 710 518 771 statuimus
543 709 657 781 eciam,
686 708 771 789 quod
795 708 889 769 iudex
911 705 997 770 curie
1019 703 1125 784 regie,
1155 700 1216 763 uel

180 820 230 882 alii
254 822 432 902 quicunque
457 821 588 892 iudices,
615 820 751 882 nobilem
776 819 913 900 aliquem
935 815 1217 898 possessionatum

178 931 305 994 racione
327 930 430 992 iudicii
452 931 502 992 uel
529 930 713 992 iudiciorum
739 929 897 1010 captiuare
925 947 988 988 non
1013 932 1217 1006 presumant

179 1043 265 1124 quod
285 1042 311 1104 si
326 1042 472 1115 fecerint,
494 1041 614 1104 honore
629 1040 681 1104 uel
695 1041 830 1103 iudicatu
847 1059 910 1121 quo
925 1038 1110 1119 iunguntur,
1137 1036 1216 1116 ipso

179 1153 261 1216 lacto
276 1153 336 1215 sint
352 1153 476 1233 priuati.

262 1263 328 1345 (to)
351 1264 519 1327 Statuimus
542 1264 640 1326 eciam
655 1264 739 1346 quod
755 1261 913 1324 Palatinus
936 1268 1037 1323 castra
1056 1256 1217 1329 tenendo,

179 1377 211 1439 in
233 1375 350 1457 campis
371 1385 403 1437 et
421 1376 639 1449 conuentibus,
667 1385 697 1437 ot
717 1395 779 1437 non
800 1375 832 1436 in
857 1372 937 1434 uillis
957 1372 1007 1434 uel
1027 1368 1217 1433 ciuitatibus

178 1488 318 1550 iudicare
343 1488 470 1561 debeat,
500 1487 638 1561 uernali,
666 1486 788 1549 estiuali
813 1494 844 1547 et
869 1482 1054 1557 autumnali,
1085 1491 1118 1545 et
1142 1502 1216 1545 non

179 1599 316 1681 hyemali
331 1642 507 1660 ........
523 1607 601 1661 etur.
627 1607 658 1662 et
672 1599 756 1680 quod
771 1596 902 1659 ulterius
918 1596 957 1659 ad
979 1595 1055 1657 alios
1071 1614 1215 1658 consur·

180 1729 270 1790 gere,
292 1710 392 1770 eciam
406 1730 469 1770 non
485 1711 582 1789 possit
596 1710 745 1770 bonores.

266 1817 331 1897 (30)
354 1820 522 1883 Statuimus
542 1822 642 1882 eciam
658 1830 691 1883 ut
706 1841 763 1902 per
778 1828 876 1882 totum
891 1840 1021 1901 regnum
1038 1837 1103 1880 una
1116 1837 1218 1900 rega·

181 1932 218 1991 lis
239 1938 270 1992 et
291 1931 424 1992 celebris
444 1931 484 1992 sit
506 1939 646 2004 moneta,
675 1931 901 2014 quinqualitate
927 1931 1140 2002 combustum,
1175 1931 1219 1993 acl

182 2042 260 2104 dnos
286 2061 393 2104 annos.
426 2043 457 2103 in
479 2043 608 2124 reliquis
631 2063 709 2106 uero
731 2044 837 2116 anub,
860 2063 899 2105 ex
920 2050 1062 2123 argento,
1086 2042 1219 2105 decime

182 2154 402 2215 combustionis
417 2153 577 2227 conlecta,
600 2174 655 2234 per
671 2174 781 2217 omnes
798 2154 887 2234 regni
903 2153 1045 2215 ciuitates
1062 2160 1093 2214 et
1107 2153 1222 2228 uillas,

181 2264 250 2326 lora
265 2263 424 2327 continen.
444 2265 585 2327 ualorem
602 2273 721 2327 certum
737 2284 863 2326 currere
879 2265 1001 2327 debeat.

263 2373 327 2455 (31)
349 2377 388 2437 Et
410 2377 436 2438 si
462 2376 514 2457 qui
541 2375 693 2436 nobilium
719 2375 770 2437 uel
793 2383 971 2455 potentum,
999 2373 1031 2434 in
1056 2372 1128 2434 loro
1157 2394 1219 2437 sue

182 2487 404 2566 possessionis,
427 2488 476 2548 uel
492 2487 590 2549 eciam
609 2486 676 2548 aliis
691 2486 722 2547 in
738 2485 831 2559 locis,
854 2487 893 2547 de
909 2485 1080 2547 commissis
1095 2505 1220 2549 secun·

181 2598 255 2660 dum
272 2599 431 2679 antiquam
449 2599 726 2671 consuetudinem,
741 2606 907 2659 monetam.
930 2599 1063 2658 eandem
1079 2617 1218 2661 currere

180 2729 243 2770 non
259 2709 402 2781 iecerint,
425 2718 539 2770 extunc
555 2709 622 2770 iure
644 2708 702 2769 lori
718 2709 889 2789 priuentur‚
911 2716 941 2770 et
955 2709 1056 2788 ipsum
1074 2706 1125 2768 ius
1143 2709 1219 2782 lori,

180 2819 219 2880 ud
234 2818 320 2878 illum
336 2819 441 2879 uelud
457 2820 524 2880 illos
540 2818 736 2892 deuoluutnr,
767 2819 820 2899 qni
836 2857 876 2868 -
890 2854 930 2863 —
946 2820 1073 2879 modum
1089 2820 1124 2879 in
1140 2820 1218 2893 boc,

180 2931 257 2991 etin
272 2929 350 2990 alliis
365 2929 460 3009 (ligno
475 2936 505 2991 et
521 2930 625 2990 debito
641 2929 785 2992 seruntur
796 2932 926 2993 bonore.
948 2939 980 2992 et
994 2931 1217 3005 nibilominus,

180 3042 206 3103 si
229 3040 282 3122 qui
303 3041 437 3102 eandem
458 3060 520 3102 non
542 3044 766 3121 assumpserint
788 3053 961 3114 monetam,
984 3043 1022 3103 ad
1043 3041 1217 3104 collectam

181 3153 300 3216 dimidii
325 3152 454 3214 lertonis
478 3152 694 3234 persingulas
719 3153 897 3215 mansiones
919 3173 975 3214 sue
997 3152 1217 3234 possessionis

179 3272 356 3329 teneantur.

266 3374 330 3457 (32)
353 3378 391 3437 Et
415 3376 440 3436 si
461 3397 523 3457 que
544 3396 679 3456 persona
700 3396 776 3438 ausu
802 3376 969 3438 temerario
991 3382 1152 3437 monetam
1180 3376 1215 3436 in

183 3509 239 3551 sna
258 3486 457 3568 possessione
482 3485 534 3549 uel
556 3488 661 3560 domo,
690 3488 761 3547 cudi
785 3486 908 3559 lecerit,
936 3485 986 3547 illa
1007 3487 1217 3566 possessione

183 3598 235 3659 uel
250 3598 343 3659 domo
359 3599 510 3678 priuetur,
532 3617 644 3678 penam
660 3597 736 3679 legis
751 3606 944 3676 susceptura.

267 3705 329 3786 (33)
352 3708 520 3769 Statuimus
543 3717 573 3769 et
597 3719 749 3789 perpetuo
771 3709 873 3770 edicto
892 3707 1078 3769 stabilimus:
1103 3718 1138 3770 ut
1155 3709 1219 3771 do·

182 3814 283 3875 minus
301 3835 357 3875 rex
376 3815 534 3879 libertates
557 3820 786 3900 regnicolarum
809 3838 937 3880 suorum
953 3828 984 3880 et
1003 3817 1219 3881 ecclesiarum

183 3936 323 4007 tempore
339 3930 553 3992 coronacionis
569 3932 670 3992 suein
686 3931 781 3994 literis
798 3952 979 4012 expressas,
1001 3940 1032 3992 et
1047 3950 1083 3992 ea
1100 3951 1168 4012 que
1184 3934 1220 3996 in

181 4037 379 4121 presentibus
405 4042 525 4101 statutis
550 4052 750 4124 exponuntur
766 4086 867 4103 .....
897 4042 1013 4103 domini
1036 4041 1222 4126 archiepis-

183 4150 252 4232 copi
269 4147 459 4222 Colocensis,
481 4151 520 4211 de
541 4171 695 4216 consensu
719 4154 907 4236 prelatorum
923 4154 1088 4216 serendam
1104 4155 1223 4220 incur-
