2798 4764
213 347 273 415 tid
422 364 567 413 nosnos
588 362 696 412 ssucrr
715 365 845 413 nusmer
864 364 954 414 noers
974 344 1032 434 (5).

213 517 354 603 septenis
380 518 495 582 osculis
519 519 630 583 beatus
652 519 836 582 Homericus
861 521 1156 597 commendauerat,
1185 539 1245 585 nec

211 631 378 697 blandiciis
408 631 623 707 salutacionis,
655 652 713 695 nec
741 633 846 696 uerbis
873 634 961 716 regie
989 631 1246 697 comminacicnis

214 744 454 825 responsionem
470 742 509 805 ab
525 743 578 806 illo
595 753 785 827 extorquere
800 744 909 827 potuit.
936 764 1028 808 mane
1042 753 1148 808 antem
1162 744 1246 807 iactu

215 874 286 918 cum
302 855 415 919 iratres
431 863 623 919 conuentum
636 856 849 931 celebrarent,
870 877 927 920 rex
946 856 1013 938 ipse
1033 857 1139 931 aiiuit,
1160 864 1193 920 et
1212 864 1248 920 ut

215 966 355 1032 animum
369 965 473 1029 fratris
484 966 584 1028 Mauri
600 966 640 1029 de
654 965 828 1030 hnmilitate
842 974 1026 1049 temptaret,
1040 968 1072 1030 in
1087 967 1246 1030 communi

217 1076 381 1142 audiencia
412 1076 545 1158 plurima
578 1077 608 1141 ei
635 1076 781 1161 religioni
814 1078 970 1140 contraria
1002 1077 1126 1140 obiecit.
1158 1077 1246 1141 cuius

217 1186 389 1250 assercioni
399 1188 526 1250 Maurus
541 1188 659 1250 nnllam
674 1188 954 1251 contradictionem
969 1188 1060 1263 iecit,
1073 1189 1130 1251 sed
1143 1188 1248 1252 humi·

217 1296 287 1361 liter
310 1299 462 1372 residens,
485 1292 639 1362 addeum
662 1300 715 1382 qui
734 1300 872 1362 bumane
893 1300 1006 1362 mentis
1025 1300 1186 1382 inspector
1199 1307 1248 1362 est

217 1410 375 1490 sperando
398 1409 548 1493 confugit.
585 1420 659 1475 tunc
681 1430 760 1475 uero
780 1410 892 1475 beatus
913 1410 1090 1492 Stephanus
1120 1409 1177 1473 lilii
1198 1409 1248 1473 sui

220 1529 286 1584 rata
308 1541 379 1584 esse
400 1524 562 1604 cognouit,
583 1531 615 1586 et
628 1543 663 1586 re
678 1522 789 1585 ordine
804 1530 928 1584 narrata
942 1523 1085 1585 bianrum
1102 1521 1247 1585 laudibus

221 1632 347 1707 extulit,
368 1640 400 1695 et
413 1641 448 1695 nt
461 1633 549 1697 locus
564 1634 748 1717 pontificalis
764 1654 821 1714 per
836 1654 909 1697 enm
924 1635 1136 1708 decoraretur,
1150 1632 1245 1717 paulo

221 1750 294 1823 post
306 1743 337 1805 in
352 1743 535 1826 episcopum
550 1744 840 1828 Quinqueecclesiis
853 1745 1043 1810 sublimauit.

304 1965 348 2050 (5)
369 1969 443 2032 Post
456 1969 518 2032 boc
532 1978 637 2033 autem
651 1970 763 2034 beatus
773 1969 959 2032 Homericus
975 1974 1056 2033 etate
1070 1968 1249 2052 proficiens,

222 2099 280 2162 per
292 2081 442 2144 uirtutum
463 2082 572 2145 merita
593 2082 728 2165 gloriosa
747 2101 804 2145 sua
823 2101 950 2163 semper
964 2082 1185 2165 augmentabat
1200 2082 1249 2143 in·

221 2192 332 2276 signia.
359 2213 422 2277 que
438 2213 618 2278 quanquam
633 2214 690 2257 nos
705 2213 763 2276 per
778 2192 883 2255 omnia
897 2191 1056 2273 explicare
1071 2210 1135 2254 non
1148 2190 1249 2273 possi-

222 2323 302 2379 mus,
323 2323 422 2386 pauca
443 2312 547 2368 tamen
570 2325 632 2387 que
654 2305 693 2366 de
713 2304 810 2398 gestis
832 2303 899 2366 eius
921 2303 1108 2376 audiuimus,
1131 2309 1249 2364 utnon

222 2414 419 2498 negligencie
434 2416 634 2498 deputentur,
655 2415 821 2498 diligenter
834 2414 1020 2478 referamus.
1049 2412 1179 2495 contigit
1194 2432 1250 2475 au·

223 2533 287 2589 tem
312 2536 402 2591 nocte
422 2530 558 2611 quadam
578 2529 733 2592 oracionis
759 2546 854 2590 causa
877 2534 1020 2600 secreto,
1044 2545 1108 2588 uno
1130 2532 1248 2590 tantum

223 2643 387 2699 contentus
401 2639 533 2714 samolo,
554 2639 800 2703 uetustissimam
822 2647 854 2701 ct
874 2637 1121 2720 antiquissimam
1141 2637 1249 2721 quein

224 2747 398 2830 Uesprimie
412 2750 538 2811 ciuitate
552 2750 593 2811 ad
607 2749 761 2812 bonorem
780 2747 1019 2831 preciossissimi
1034 2748 1148 2811 Christi
1167 2766 1249 2810 mar-

222 2859 290 2922 tiris
305 2860 431 2942 Georgii
452 2860 604 2923 fabricata
624 2868 689 2934 cst,
710 2861 842 2923 intraret
856 2859 1036 2933 eeclesiam,
1056 2859 1250 2940 ibiqueora-

224 2970 308 3034 cioni
332 2974 494 3046 necando,
515 2992 586 3034 cum
608 2972 684 3055 qnid
709 2971 930 3053 acceptabilius
953 2973 1066 3035 olieret
1090 2990 1187 3053 penes
1215 2989 1249 3032 se

222 3090 380 3159 tractmt,
392 3084 496 3147 subito
510 3083 616 3148 lumen
631 3105 703 3148 cum
717 3085 836 3168 ingenti
851 3084 989 3148 claritate
1003 3091 1102 3147 totum
1117 3082 1249 3147 ecclesie

224 3195 427 3259 circumfulsit
447 3194 615 3259 edificium.
641 3197 673 3259 in
692 3215 756 3280 quo
778 3215 842 3259 uox
861 3196 970 3260 diuina
989 3195 1021 3258 in
1040 3194 1185 3278 supernis
1205 3193 1251 3255 sic

224 3309 384 3373 insonuit:
413 3309 553 3390 preclara
574 3315 622 3372 est
644 3309 823 3393 uirginitas,
852 3307 1061 3392 uirginitatem
1083 3306 1196 3369 mentis
1219 3313 1251 3368 et

225 3422 367 3506 corporis
389 3441 408 3485 a
429 3429 460 3484 te
484 3420 592 3504 exigi,
613 3418 695 3485 banc
715 3422 808 3495 ouer,
829 3419 862 3481 in
880 3418 944 3482 hoc
961 3427 1067 3501 persta
1079 3415 1250 3500 proposito.

224 3531 277 3596 ille
298 3543 403 3597 autem
416 3553 481 3596 non
496 3533 536 3596 de
552 3553 586 3595 se
602 3551 805 3613 presumens,
825 3529 883 3592 scd
896 3530 936 3591 ad
950 3528 1086 3612 graciam
1101 3535 1250 3610 tanquam

224 3643 265 3705 ad
290 3662 398 3705 ueram
420 3645 607 3706 medicinam
630 3640 828 3723 confugiens,
849 3639 909 3701 ait:
931 3638 1060 3701 dominc
1079 3635 1158 3697 deus
1181 3631 1252 3695 uni-

226 3753 381 3816 uersitatis
403 3752 562 3833 inspector
583 3761 615 3817 et
635 3754 772 3816 humane
793 3746 1015 3811 imbecillitatis
1037 3743 1176 3816 adiutor,
1198 3741 1251 3824 qui

225 3863 331 3928 aufers
353 3863 497 3944 spiritum
523 3865 712 3947 principum,
743 3860 798 3941 qui
819 3855 966 3921 terribilis
991 3874 1026 3918 cs
1050 3851 1136 3935 apud
1160 3873 1252 3936 reges

223 3981 324 4048 terre,
344 3973 578 4056 beneplacitum
602 3982 691 4038 tuum
715 3972 748 4035 in
772 3987 822 4034 me
846 3961 976 4051 perfice.
1010 3964 1117 4046 itaque
1141 3965 1253 4030 beatus

223 4083 410 4150 Homericus
430 4084 543 4148 endem
557 4083 636 4147 bora
649 4085 682 4146 in
696 4082 797 4147 uerbo
809 4077 917 4145 diuino
931 4074 1162 4141 consolacionis
1178 4096 1254 4141 con·
1312 4156 1318 4167 ι

225 4199 370 4276 foturus,
388 4205 546 4265 semotum
566 4195 630 4262 boc
651 4196 737 4281 apud
755 4214 791 4262 ss
802 4187 1036 4271 ‘conseruasse
1056 4198 1090 4257 et
1109 4189 1252 4260 ωὶυὶεῑτο
