2798 4764
402 357 549 401 arnnarrs
571 357 675 400 urrann
698 358 737 401 na
760 357 858 402 mszo.
902 337 992 403 uta.
1150 339 1210 404 l63

180 530 245 572 non
260 511 389 582 sedent,
410 512 466 571 sed
483 511 514 571 in
530 512 614 572 curia
629 510 760 574 aliorum
776 513 943 574 residendo
960 519 1096 592 querunt
1109 512 1209 576 uictus

179 641 265 693 suos,
287 622 451 682 duodecim
469 623 613 682 demo-ios
634 643 691 702 pro
707 631 848 703 tempore
864 623 1033 687 existentes
1048 622 1209 687 aunuatim

179 733 367 794 monasterio
384 733 617 813 persoluehunt.

262 843 320 917 (l)
349 844 426 905 ltem
448 844 479 903 in
503 845 624 905 duobus
646 843 750 918 festis,
778 844 926 907 uidelicet
949 845 980 906 in
1004 847 1083 909 sesto
1106 846 1136 907 b.
1151 847 1209 910 bli-

178 955 295 1017 cbaelis
318 956 511 1037 archangeli,
534 964 563 1018 et
587 956 619 1016 in
637 956 798 1019 natiuitate
819 956 950 1028 domini,
972 956 1104 1038 quilibet
1125 957 1209 1038 ipso·

179 1089 245 1128 rum
263 1089 318 1148 pro
334 1088 392 1129 sua
409 1068 613 1149 possibilitate
629 1070 667 1131 de
683 1070 777 1130 domu
795 1088 852 1130 sua
873 1070 1055 1132 muneribus
1070 1070 1209 1132 decenti-

178 1179 235 1240 bus
257 1178 413 1241 teuehitur
434 1180 602 1241 honorare.
632 1180 664 1241 in
688 1179 768 1241 sesto
784 1199 860 1241 uero
884 1179 914 1240 h.
929 1179 1054 1244 loannis
1070 1180 1206 1261 Baptiste

178 1290 217 1351 de
233 1299 296 1352 tota
312 1289 386 1354 uilla
401 1312 499 1352 unum
515 1291 661 1363 arietem,
683 1291 826 1371 lagenam
843 1290 1006 1363 cereuisie,
1028 1300 1060 1354 et
1074 1292 1114 1354 de
1129 1311 1207 1373 qna-

171 1401 255 1462 ·libet
270 1404 355 1463 curia
370 1402 491 1484 integra
513 1422 606 1463 uuam
621 1410 734 1464 tortam
751 1403 825 1463 dare
842 1403 1042 1463 tenebuntur.

258 1516 315 1587 (ὃ)
338 1515 414 1576 ltem
430 1513 588 1584 uillicum,
610 1532 830 1594 quemcunque
849 1513 1021 1586 noluerint,
1045 1513 1202 1575 communi

174 1623 336 1685 uoluntate
356 1625 436 1686 iuter
457 1645 491 1686 se
514 1623 628 1704 eligent
650 1645 687 1684 eo
712 1632 865 1704 tempore,
881 1624 932 1705 qui
956 1643 1065 1685 omncs
1081 1642 1201 1697 causas,

175 1745 278 1816 preter
295 1736 367 1809 tria,
391 1736 551 1798 uidelicet:
574 1736 758 1808 homicidia,
780 1736 966 1798 effusionem
990 1736 1149 1817 sanguinis
1171 1743 1203 1798 et

174 1847 353 1917 molendas,
375 1849 538 1920 iudicabit,
561 1856 592 1910 et
605 1848 719 1910 iudicia
734 1847 822 1909 tollet
836 1849 1019 1909 eorundem.

255 1961 312 2032 (ti)
334 1959 365 2019 Si
390 1979 467 2020 uero
494 1958 701 2021 iuramentum
727 1959 766 2021 sit
789 1958 988 2039 interimus,
1014 1959 1046 2018 in
1069 1957 1202 2022 ecclesia

172 2070 201 2130 b.
217 2069 377 2131 Michaelis
402 2068 581 2150 archangeli
605 2069 766 2142 iurabunt,
789 2078 820 2131 et
838 2070 985 2131 denarios
1000 2070 1201 2151 purgacionis

173 2181 260 2242 tollet
275 2182 421 2243 sacerdos
438 2179 570 2244 ecclesie
587 2190 767 2244 memorate.

253 2295 310 2366 (7)
332 2292 490 2353 Prediclas
515 2313 590 2353 uero
612 2302 675 2354 tres
697 2311 806 2354 causas
830 2291 951 2353 uillicus
974 2293 1147 2354 eorundem
1168 2300 1200 2355 et

172 2400 267 2462 homo
292 2413 397 2465 noster
419 2403 697 2475 interiudicahunt,
720 2411 751 2464 et
776 2403 836 2466 due
862 2413 966 2484 partes
992 2402 1198 2478 iudiciorum,

171 2533 241 2573 cum
258 2514 376 2575 duabus
393 2516 530 2594 partibus
549 2515 790 2596 purgaciouum,
812 2515 883 2575 siin
900 2514 1108 2577 discuciendis
1124 2513 1198 2596 ipsis

171 2625 273 2687 causis
289 2645 397 2687 eorum
417 2627 470 2688 liet
493 2626 719 2698 iuramentum,
741 2626 857 2700 cedunt
876 2625 1078 2698 monasterio,
1100 2624 1198 2687 tercia

168 2755 245 2797 uero
259 2756 332 2817 pars
348 2737 431 2799 cedit
446 2737 550 2798 uillieo
566 2739 749 2798 eorundem.
797 2758 809 2773 ‘

248 2849 306 2922 (8)
330 2849 405 2911 Item
431 2849 628 2912 sacerdotem
656 2870 750 2930 quem
776 2849 933 2911 noluerint
958 2869 1014 2930 pro
1036 2857 1196 2930 tempore,

167 2959 324 3019 communi
350 2957 467 3040 eligent
495 2960 673 3032 uoluntate,
706 2967 737 3021 et
761 2960 898 3022 decimas
924 2980 996 3021 suas
1022 2959 1195 3034 sacerdoti,

167 3087 254 3129 more
270 3069 514 3130 Teutonicorum
530 3069 753 3151 relinquentia
769 3091 854 3153 agro.

249 3181 308 3254 (9)
329 3180 406 3241 ltem
431 3182 469 3242 de
492 3179 621 3243 collecta
645 3182 762 3245 domini
783 3183 870 3264 regis
890 3181 1049 3243 dimidiam
1073 3188 1194 3262 partem

167 3288 400 3370 persoluebunt.

252 3402 330 3474 (10)
351 3402 428 3463 ltem
443 3404 509 3464 siue
525 3404 642 3466 herede
657 3405 848 3467 decedentes
864 3404 1013 3466 uniuersa
1028 3403 1110 3464 bona
1126 3422 1194 3478 sua,

167 3519 230 3572 lam
244 3510 275 3571 in
293 3510 386 3573 rebus
405 3515 570 3577 mobilibus
585 3536 677 3597 quam
699 3514 919 3587 immobilibus,
941 3515 1117 3595 cuicunque
1141 3509 1193 3576 uel

167 3643 357 3705 quocunque
387 3623 561 3700 noluerint,
593 3626 721 3688 liberam
752 3626 912 3687 habebunt
939 3624 1064 3707 legendi
1093 3624 1193 3688 facul·

166 3742 271 3796 tatem.
427 3806 431 3811 Ι

248 3848 324 3920 (11)
346 3848 423 3909 ltem
447 3846 529 3909 clara
552 3848 619 3909 luce
643 3847 788 3920 uenient,
819 3855 851 3909 et
873 3847 1008 3909 uenditis
1035 3845 1192 3911 uniuersis

166 3955 295 4019 edificiis
310 3958 374 4020 suis
390 3959 473 4021 clara
488 3959 556 4021 luce
572 3959 723 4020 recedent
735 3956 834 4021 libere
849 3965 881 4020 et
894 3977 1017 4021 secure.

246 4070 325 4146 (12)
346 4071 423 4134 ltem
443 4069 475 4132 in
496 4069 584 4153 aquis
607 4068 747 4153 piscandi
763 4075 795 4132 et
813 4068 847 4131 in
860 4067 947 4132 siluis
961 4067 1113 4143 uenandi,
1134 4086 1192 4132 seu
