2798 4764
210 303 274 377 sti
538 320 613 373 rma
633 323 659 370 s.
674 322 809 370 anmnnr
832 301 907 387 (15).

213 480 371 546 admirans
392 486 496 544 autem
516 478 684 561 episeopus
701 477 779 541 dixit
792 475 1057 542 adWaltbernmz
1079 475 1245 542 Waltbere

213 592 304 657 andis
319 590 537 674 symphoniam
552 587 912 672 ungarorum,quatiter
925 594 1030 669 sonat,
1043 586 1245 671 riseruntqne

213 705 308 768 ambo
323 704 362 766 de
377 701 516 765 carmine
533 701 604 764 isto.
634 688 769 783 eumque
783 698 866 762 mola
880 697 978 762 solius
992 717 1086 761 mann
1102 698 1246 763 trabere-

212 821 263 879 tnr
285 813 439 887 mulieris,
461 820 493 877 et
507 820 617 875 cantus
639 817 799 875 cresceret
816 810 849 872 in
869 810 984 883 altum,
1005 809 1174 892 episcopus
1189 829 1245 873 au-

211 932 276 989 tem
296 922 378 986 lecto
398 923 524 986 interim
542 922 677 996 iaceret,
699 921 802 986 adhuc
816 920 983 985 subridens
998 920 1056 983 ait:
1078 918 1243 985 Waltbere

212 1035 354 1100 edissere
378 1032 455 1096 mibi
480 1033 549 1115 quie
571 1032 662 1096 istius
687 1031 823 1109 melodia
847 1040 958 1096 cantus
982 1031 1038 1107 sit,
1059 1032 1113 1116 qui
1137 1052 1243 1096 meam

212 1147 356 1212 cantoria
368 1165 425 1208 sna
439 1163 564 1209 cessare
579 1145 739 1227 compellit
752 1143 929 1208 lectionem.
959 1142 1056 1209 atille
1071 1165 1080 1207 z
1101 1145 1162 1208 ista
1175 1164 1245 1208 mo·

212 1256 336 1323 dnlacio
357 1256 504 1320 carminis
526 1264 574 1320 cst
593 1255 711 1338 inquit,
739 1254 928 1337 mulierque
943 1261 1047 1318 cantat
1066 1255 1179 1319 ancilla
1192 1262 1242 1319 est

211 1366 305 1431 buius
327 1366 457 1450 hospitis
482 1368 567 1448 npnd
586 1386 682 1451 quem
701 1366 909 1450 hospitamur,
930 1385 992 1448 que
1007 1365 1095 1429 molit
1108 1366 1241 1430 triticum

213 1478 333 1542 domini
351 1479 419 1553 sni,
445 1485 588 1561 tempore
610 1493 674 1561 quo
696 1478 757 1541 alia
776 1476 956 1540 molendina
977 1477 1010 1539 in
1029 1477 1159 1560 regione
1182 1477 1241 1540 ista

212 1590 346 1673 reperiri
361 1590 489 1653 omnino
504 1610 568 1652 non
582 1596 723 1672 possunt.
748 1590 798 1652 cni
813 1589 1004 1672 episcopus:
1026 1594 1110 1664 arte,
1130 1589 1242 1670 inquit,

212 1700 311 1763 currit
323 1718 364 1762 an
378 1699 498 1764 labore.
519 1702 562 1764 ait
570 1700 768 1766 Walthcrns:
791 1709 856 1764 arte
875 1708 908 1764 et
927 1700 1054 1775 labore,
1075 1718 1140 1763 non
1160 1719 1241 1783 quo-

211 1809 288 1875 libet
306 1810 460 1874 trahendo
480 1812 637 1887 iumento,
658 1833 693 1876 se
711 1813 840 1897 propria
861 1831 956 1875 manu
977 1811 1240 1877 circumferendo.

211 1942 232 1987 o
254 1922 398 1987 miranda
417 1942 486 1999 res,
506 1924 550 1986 ait
569 1924 755 2008 episcopus,
782 1924 917 2008 qualiter
931 1944 966 1987 se
981 1924 1082 2008 pascit
1102 1924 1240 1988 hnmana

212 2034 391 2118 generacio.
419 2034 480 2098 nisi
499 2035 582 2098 enim
605 2043 691 2100 esset
710 2055 778 2111 ars,
799 2035 941 2100 laborem
955 2035 1024 2120 quie
1040 2043 1147 2118 posset
1160 2035 1241 2100 tole·

210 2162 293 2208 rare.
312 2145 388 2208 felix
401 2144 503 2229 inquit
516 2145 639 2220 mulier,
660 2166 722 2230 que
736 2147 795 2211 sub
810 2144 938 2210 alterius
958 2153 1114 2229 potestate
1128 2144 1240 2230 posita,

210 2257 258 2323 sic
272 2257 406 2322 dulciter
419 2258 560 2322 debitum
580 2259 751 2323 'seruicinm
769 2259 888 2342 absque
909 2258 1160 2322 murmuraoione
1176 2258 1239 2324 leta

211 2370 375 2452 impendit
400 2370 451 2434 cni
465 2370 564 2435 eciam
578 2390 642 2434 non
657 2371 816 2436 modicum
830 2369 955 2455 pondus
969 2370 1104 2453 pecunie
1118 2370 1240 2453 portari

210 2484 364 2566 precepit.

294 2699 360 2784 (15)
381 2703 510 2767 Factum
526 2711 574 2768 est
587 2713 693 2768 antem
712 2713 878 2789 postquam
898 2706 1039 2772 uenisset
1059 2706 1098 2770 ad
1113 2725 1239 2790 regern,

212 2819 244 2876 et
264 2830 322 2876 sna
344 2816 476 2896 negocia
501 2814 633 2879 feliciter
656 2800 847 2900 peregisset,
878 2837 950 2881 cum
974 2818 1101 2901 qnidam
1124 2817 1239 2881 nobilis

211 2925 301 3009 grani
325 2927 445 2989 scelere
471 2927 556 3007 apud
573 2948 683 3011 regem
705 2937 867 2993 accusatus
888 2930 1000 2994 inisset
1022 2938 1054 2994 et
1072 2929 1238 2994 multitudo

210 3034 362 3101 nobilium
387 3036 418 3099 ei
441 3037 568 3100 ueniam
592 3037 760 3120 impetrare
782 3039 959 3105 nullatenus
981 3043 1154 3123 potuisset,
1179 3043 1238 3107 iste

211 3146 297 3213 aolus
323 3148 466 3212 obtinuit.
500 3149 612 3213 diebus
637 3157 741 3213 antem
765 3151 878 3234 quibus
904 3161 972 3216 erat
1002 3153 1086 3236 apud
1113 3173 1238 3237 regem,

211 3260 369 3345 episcopi,
398 3260 545 3335 abbates,
574 3261 713 3336 nobiles,
744 3262 927 3329 sacerdotes
955 3273 987 3328 et
1015 3265 1121 3329 cleriei
1149 3273 1239 3330 erant

211 3373 408 3457 congregati,
429 3372 483 3455 qni
497 3373 741 3450 admirabantur,
762 3375 802 3439 de
813 3379 1062 3442 conuersacione
1076 3385 1109 3442 et
1122 3378 1239 3441 sancti·

209 3491 274 3548 tate
295 3486 364 3548 eins
382 3485 477 3548 deum
491 3484 713 3567 glorificantes.
739 3489 932 3556 monasterio
948 3498 1054 3554 autern
1065 3489 1158 3553 beate
1173 3489 1238 3552 uir-

209 3594 301 3677 ginis,
322 3596 374 3660 nbi
387 3596 447 3660 sibi
460 3597 565 3662 locum
579 3599 741 3682 sepulture
755 3600 911 3684 elegerat,
931 3601 986 3665 illa
998 3601 1236 3682 uiceqningen-

209 3713 312 3770 tarum
334 3726 511 3771 marcarum
531 3730 723 3775 summania
744 3710 870 3775 domino
892 3732 969 3795 rege
988 3709 1138 3782 obtinuit,
1165 3726 1235 3771 cnm

209 3816 322 3880 decem
342 3818 441 3899 peciis
461 3833 674 3904 purpurarum
695 3820 748 3887 uel
760 3823 986 3906 quinquaginta
1004 3820 1100 3905 peciis
1115 3839 1236 3904 panno-

207 3944 296 4002 rum,
321 3946 341 3993 a
363 3929 472 4013 regina
495 3952 574 3997 nero
594 3942 730 4016 quatuor
751 3933 858 4017 pecias
882 3952 1020 4016 purpure
1043 3952 1080 3997 ac
1104 3934 1235 4000 totidem

207 4036 369 4107 annones.
400 4039 441 4106 ad
465 4060 544 4124 opns
566 4057 697 4127 quoque
720 4044 819 4112 sancti
840 4043 967 4129 Georgii
991 4046 1126 4112 martiris
1150 4048 1234 4114 mille

207 4168 330 4225 marcas
344 4153 500 4250 promisit,
512 4171 591 4251 quas
604 4154 639 4226 ia
652 4155 764 4232 debas
775 4158 842 4233 suis
853 4155 1048 4254 integraliter
1058 4160 1146 4230 iuxta
1159 4181 1235 4258 pro·
