<?xml version="1.0" encoding="UTF-8"?>
<!DOCTYPE html PUBLIC "-//W3C//DTD XHTML 1.0 Transitional//EN"
    "http://www.w3.org/TR/xhtml1/DTD/xhtml1-transitional.dtd">
<html xmlns="http://www.w3.org/1999/xhtml" xml:lang="en" lang="en">
 <head>
  <title>
</title>
<meta http-equiv="Content-Type" content="text/html;charset=utf-8" />
  <meta name='ocr-system' content='tesseract 3.04.00' />
  <meta name='ocr-capabilities' content='ocr_page ocr_carea ocr_par ocr_line ocrx_word'/>
</head>
<body>
  <div class='ocr_page' id='page_1' title='image "./rerumhungaricar00endlgoog/rerumhungaricar00endlgoog_0565.png"; bbox 0 0 2798 4764; ppageno 0'>
   <div class='ocr_carea' id='block_1_1' title="bbox 206 334 1154 405">
    <p class='ocr_par' dir='ltr' id='par_1_1' title="bbox 206 334 1154 405">
     <span class='ocr_line' id='line_1_1' title="bbox 206 334 1154 405; baseline -0.004 0"><span class='ocrx_word' id='word_1_1' title='bbox 206 336 268 405; x_wconf 75' lang='lat' dir='ltr'><strong>did</strong></span> <span class='ocrx_word' id='word_1_2' title='bbox 308 344 453 403; x_wconf 69' lang='lat' dir='ltr'><strong>umidas</strong></span> <span class='ocrx_word' id='word_1_3' title='bbox 470 352 524 401; x_wconf 83' lang='lat' dir='ltr'><strong>nt.-</strong></span> <span class='ocrx_word' id='word_1_4' title='bbox 537 351 629 401; x_wconf 72' lang='lat' dir='ltr'><strong>nors</strong></span> <span class='ocrx_word' id='word_1_5' title='bbox 650 352 793 400; x_wconf 78' lang='lat' dir='ltr'><strong>naricum</strong></span> <span class='ocrx_word' id='word_1_6' title='bbox 814 350 1014 398; x_wconf 66' lang='lat' dir='ltr'><strong>spumosos.</strong></span> <span class='ocrx_word' id='word_1_7' title='bbox 1044 334 1154 401; x_wconf 72' lang='lat' dir='ltr'><strong>tatar-</strong></span> 
     </span>
    </p>
   </div>
   <div class='ocr_carea' id='block_1_2' title="bbox 207 505 1339 2466">
    <p class='ocr_par' dir='ltr' id='par_1_2' title="bbox 290 505 1241 796">
     <span class='ocr_line' id='line_1_2' title="bbox 290 505 1241 592; baseline -0.002 -20"><span class='ocrx_word' id='word_1_8' title='bbox 290 515 406 573; x_wconf 83' lang='lat' dir='ltr'><strong>statum</strong></span> <span class='ocrx_word' id='word_1_9' title='bbox 426 516 559 592; x_wconf 77' lang='lat' dir='ltr'><strong>tangunt</strong></span> <span class='ocrx_word' id='word_1_10' title='bbox 578 505 782 572; x_wconf 77' lang='lat' dir='ltr'><strong>effectualiter</strong></span> <span class='ocrx_word' id='word_1_11' title='bbox 796 505 1008 588; x_wconf 81' lang='lat' dir='ltr'><strong>impleremus,</strong></span> <span class='ocrx_word' id='word_1_12' title='bbox 1030 526 1068 569; x_wconf 86' lang='lat' dir='ltr'><strong>eu</strong></span> <span class='ocrx_word' id='word_1_13' title='bbox 1087 508 1183 570; x_wconf 91' lang='lat' dir='ltr'><strong>modo</strong></span> <span class='ocrx_word' id='word_1_14' title='bbox 1198 507 1241 570; x_wconf 87' lang='lat' dir='ltr'><strong>si·</strong></span> 
     </span>
     <span class='ocr_line' id='line_1_3' title="bbox 292 619 1240 685; baseline -0.004 0"><span class='ocrx_word' id='word_1_15' title='bbox 292 620 357 685; x_wconf 89' lang='lat' dir='ltr'><strong>mili</strong></span> <span class='ocrx_word' id='word_1_16' title='bbox 385 638 585 685; x_wconf 85' lang='lat' dir='ltr'><strong>seruaremus</strong></span> <span class='ocrx_word' id='word_1_17' title='bbox 610 629 642 682; x_wconf 89' lang='lat' dir='ltr'><strong>et</strong></span> <span class='ocrx_word' id='word_1_18' title='bbox 666 621 785 683; x_wconf 91' lang='lat' dir='ltr'><strong>seruari</strong></span> <span class='ocrx_word' id='word_1_19' title='bbox 812 640 830 683; x_wconf 85' lang='lat' dir='ltr'><strong>a</strong></span> <span class='ocrx_word' id='word_1_20' title='bbox 858 619 970 683; x_wconf 87' lang='lat' dir='ltr'><strong>nostris</strong></span> <span class='ocrx_word' id='word_1_21' title='bbox 996 619 1126 683; x_wconf 90' lang='lat' dir='ltr'><strong>subditis</strong></span> <span class='ocrx_word' id='word_1_22' title='bbox 1155 620 1240 682; x_wconf 84' lang='lat' dir='ltr'><strong>lace-</strong></span> 
     </span>
     <span class='ocr_line' id='line_1_4' title="bbox 293 752 410 796; baseline -0.017 0"><span class='ocrx_word' id='word_1_23' title='bbox 293 752 410 796; x_wconf 89' lang='lat' dir='ltr'><strong>remus.</strong></span> 
     </span>
    </p>

    <p class='ocr_par' dir='ltr' id='par_1_3' title="bbox 207 840 1339 2466">
     <span class='ocr_line' id='line_1_5' title="bbox 207 840 1240 926; baseline -0.004 -18"><span class='ocrx_word' id='word_1_24' title='bbox 207 844 340 908; x_wconf 71' lang='lat' dir='ltr'><strong>Domum</strong></span> <span class='ocrx_word' id='word_1_25' title='bbox 364 843 562 926; x_wconf 79' lang='lat' dir='ltr'>promisimus</span> <span class='ocrx_word' id='word_1_26' title='bbox 583 852 615 906; x_wconf 91' lang='lat' dir='ltr'><strong>et</strong></span> <span class='ocrx_word' id='word_1_27' title='bbox 630 843 802 905; x_wconf 88' lang='lat' dir='ltr'><strong>iurauimus</strong></span> <span class='ocrx_word' id='word_1_28' title='bbox 819 840 993 903; x_wconf 87' lang='lat' dir='ltr'><strong>uenerabili</strong></span> <span class='ocrx_word' id='word_1_29' title='bbox 1016 842 1096 922; x_wconf 88' lang='lat' dir='ltr'><strong>patri</strong></span> <span class='ocrx_word' id='word_1_30' title='bbox 1110 842 1240 904; x_wconf 92' lang='lat' dir='ltr'><strong>domino</strong></span> 
     </span>
     <span class='ocr_line' id='line_1_6' title="bbox 290 952 1240 1037; baseline -0.001 -21"><span class='ocrx_word' id='word_1_31' title='bbox 290 953 394 1037; x_wconf 81' lang='lat' dir='ltr'><strong>legato</strong></span> <span class='ocrx_word' id='word_1_32' title='bbox 410 955 530 1036; x_wconf 86' lang='lat' dir='ltr'><strong>prelato</strong></span> <span class='ocrx_word' id='word_1_33' title='bbox 546 954 710 1019; x_wconf 85' lang='lat' dir='ltr'><strong>attendere</strong></span> <span class='ocrx_word' id='word_1_34' title='bbox 725 962 756 1015; x_wconf 87' lang='lat' dir='ltr'><strong>ct</strong></span> <span class='ocrx_word' id='word_1_35' title='bbox 770 954 891 1015; x_wconf 87' lang='lat' dir='ltr'><strong>seruari</strong></span> <span class='ocrx_word' id='word_1_36' title='bbox 906 952 1011 1015; x_wconf 82' lang='lat' dir='ltr'><strong>lucere</strong></span> <span class='ocrx_word' id='word_1_37' title='bbox 1028 954 1176 1015; x_wconf 79' lang='lat' dir='ltr'><strong>articulos</strong></span> <span class='ocrx_word' id='word_1_38' title='bbox 1193 955 1240 1016; x_wconf 90' lang='lat' dir='ltr'><strong>iu·</strong></span> 
     </span>
     <span class='ocr_line' id='line_1_7' title="bbox 291 1063 1240 1149; baseline -0.002 -21"><span class='ocrx_word' id='word_1_39' title='bbox 291 1065 486 1149; x_wconf 74' lang='lat' dir='ltr'><strong>trascriptns,</strong></span> <span class='ocrx_word' id='word_1_40' title='bbox 508 1085 587 1147; x_wconf 87' lang='lat' dir='ltr'><strong>quos</strong></span> <span class='ocrx_word' id='word_1_41' title='bbox 605 1083 661 1146; x_wconf 89' lang='lat' dir='ltr'><strong>pro</strong></span> <span class='ocrx_word' id='word_1_42' title='bbox 677 1064 762 1126; x_wconf 90' lang='lat' dir='ltr'><strong>cultu</strong></span> <span class='ocrx_word' id='word_1_43' title='bbox 780 1063 900 1126; x_wconf 80' lang='lat' dir='ltr'><strong>iusticie</strong></span> <span class='ocrx_word' id='word_1_44' title='bbox 916 1072 948 1126; x_wconf 91' lang='lat' dir='ltr'><strong>et</strong></span> <span class='ocrx_word' id='word_1_45' title='bbox 963 1065 1080 1127; x_wconf 85' lang='lat' dir='ltr'><strong>unitate</strong></span> <span class='ocrx_word' id='word_1_46' title='bbox 1094 1063 1168 1127; x_wconf 88' lang='lat' dir='ltr'><strong>lidei</strong></span> <span class='ocrx_word' id='word_1_47' title='bbox 1184 1065 1240 1126; x_wconf 88' lang='lat' dir='ltr'><strong>ob·</strong></span> 
     </span>
     <span class='ocr_line' id='line_1_8' title="bbox 291 1175 1241 1267; baseline -0.004 -26"><span class='ocrx_word' id='word_1_48' title='bbox 291 1179 448 1241; x_wconf 87' lang='lat' dir='ltr'><strong>seruanda</strong></span> <span class='ocrx_word' id='word_1_49' title='bbox 476 1178 591 1240; x_wconf 86' lang='lat' dir='ltr'><strong>Uzacus</strong></span> <span class='ocrx_word' id='word_1_50' title='bbox 616 1186 648 1241; x_wconf 88' lang='lat' dir='ltr'><strong>et</strong></span> <span class='ocrx_word' id='word_1_51' title='bbox 671 1175 770 1238; x_wconf 90' lang='lat' dir='ltr'><strong>Tolon</strong></span> <span class='ocrx_word' id='word_1_52' title='bbox 798 1175 986 1267; x_wconf 79' lang='lat' dir='ltr'><strong>principales</strong></span> <span class='ocrx_word' id='word_1_53' title='bbox 1012 1175 1241 1249; x_wconf 83' lang='lat' dir='ltr'><strong>Cumanorum,</strong></span> 
     </span>
     <span class='ocr_line' id='line_1_9' title="bbox 291 1285 1240 1374; baseline -0.002 -22"><span class='ocrx_word' id='word_1_54' title='bbox 291 1308 426 1374; x_wconf 90' lang='lat' dir='ltr'><strong>qnorum</strong></span> <span class='ocrx_word' id='word_1_55' title='bbox 446 1290 549 1352; x_wconf 90' lang='lat' dir='ltr'><strong>uicem</strong></span> <span class='ocrx_word' id='word_1_56' title='bbox 573 1298 605 1352; x_wconf 90' lang='lat' dir='ltr'><strong>et</strong></span> <span class='ocrx_word' id='word_1_57' title='bbox 619 1307 805 1350; x_wconf 88' lang='lat' dir='ltr'><strong>consensum</strong></span> <span class='ocrx_word' id='word_1_58' title='bbox 826 1307 860 1350; x_wconf 85' lang='lat' dir='ltr'><strong>sa</strong></span> <span class='ocrx_word' id='word_1_59' title='bbox 882 1285 1001 1349; x_wconf 83' lang='lat' dir='ltr'><strong>habere</strong></span> <span class='ocrx_word' id='word_1_60' title='bbox 1022 1288 1186 1361; x_wconf 86' lang='lat' dir='ltr'><strong>dicebant,</strong></span> <span class='ocrx_word' id='word_1_61' title='bbox 1208 1290 1240 1350; x_wconf 91' lang='lat' dir='ltr'><strong>in</strong></span> 
     </span>
     <span class='ocr_line' id='line_1_10' title="bbox 291 1398 1242 1484; baseline -0.003 -20"><span class='ocrx_word' id='word_1_62' title='bbox 291 1402 457 1484; x_wconf 80' lang='lat' dir='ltr'><strong>presencia</strong></span> <span class='ocrx_word' id='word_1_63' title='bbox 479 1401 620 1463; x_wconf 89' lang='lat' dir='ltr'><strong>eiusdem</strong></span> <span class='ocrx_word' id='word_1_64' title='bbox 636 1400 754 1462; x_wconf 92' lang='lat' dir='ltr'><strong>domini</strong></span> <span class='ocrx_word' id='word_1_65' title='bbox 777 1398 870 1481; x_wconf 78' lang='lat' dir='ltr'><strong>legati</strong></span> <span class='ocrx_word' id='word_1_66' title='bbox 892 1408 924 1460; x_wconf 91' lang='lat' dir='ltr'><strong>et</strong></span> <span class='ocrx_word' id='word_1_67' title='bbox 938 1407 1044 1461; x_wconf 87' lang='lat' dir='ltr'><strong>nostra</strong></span> <span class='ocrx_word' id='word_1_68' title='bbox 1059 1399 1242 1461; x_wconf 87' lang='lat' dir='ltr'><strong>solemniter</strong></span> 
     </span>
     <span class='ocr_line' id='line_1_11' title="bbox 291 1510 1242 1594; baseline -0.003 -18"><span class='ocrx_word' id='word_1_69' title='bbox 291 1522 334 1576; x_wconf 88' lang='lat' dir='ltr'><strong>et.</strong></span> <span class='ocrx_word' id='word_1_70' title='bbox 344 1510 469 1594; x_wconf 87' lang='lat' dir='ltr'><strong>publice</strong></span> <span class='ocrx_word' id='word_1_71' title='bbox 489 1532 523 1576; x_wconf 88' lang='lat' dir='ltr'><strong>se</strong></span> <span class='ocrx_word' id='word_1_72' title='bbox 545 1511 682 1574; x_wconf 87' lang='lat' dir='ltr'><strong>facturos</strong></span> <span class='ocrx_word' id='word_1_73' title='bbox 697 1519 730 1573; x_wconf 90' lang='lat' dir='ltr'><strong>et</strong></span> <span class='ocrx_word' id='word_1_74' title='bbox 744 1518 925 1573; x_wconf 85' lang='lat' dir='ltr'><strong>seruaturus</strong></span> <span class='ocrx_word' id='word_1_75' title='bbox 941 1510 1009 1573; x_wconf 91' lang='lat' dir='ltr'><strong>sine</strong></span> <span class='ocrx_word' id='word_1_76' title='bbox 1025 1510 1242 1594; x_wconf 79' lang='lat' dir='ltr'><strong>refragacioue</strong></span> 
     </span>
     <span class='ocr_line' id='line_1_12' title="bbox 291 1622 1339 1717; baseline -0.001 -31"><span class='ocrx_word' id='word_1_77' title='bbox 291 1623 430 1707; x_wconf 84' lang='lat' dir='ltr'><strong>qualibet</strong></span> <span class='ocrx_word' id='word_1_78' title='bbox 448 1633 695 1704; x_wconf 85' lang='lat' dir='ltr'><strong>assumpserunt.</strong></span> <span class='ocrx_word' id='word_1_79' title='bbox 718 1622 871 1685; x_wconf 82' lang='lat' dir='ltr'><strong>almodis</strong></span> <span class='ocrx_word' id='word_1_80' title='bbox 895 1622 1041 1684; x_wconf 91' lang='lat' dir='ltr'><strong>omnibus</strong></span> <span class='ocrx_word' id='word_1_81' title='bbox 1063 1624 1241 1685; x_wconf 75' lang='lat' dir='ltr'>curabimus</span> <span class='ocrx_word' id='word_1_82' title='bbox 1331 1705 1339 1717; x_wconf 29' lang='grc' dir='ltr'>ι</span> 
     </span>
     <span class='ocr_line' id='line_1_13' title="bbox 292 1733 1240 1816; baseline 0.001 -19"><span class='ocrx_word' id='word_1_83' title='bbox 292 1735 370 1798; x_wconf 85' lang='lat' dir='ltr'><strong>acin</strong></span> <span class='ocrx_word' id='word_1_84' title='bbox 383 1743 524 1798; x_wconf 91' lang='lat' dir='ltr'><strong>nostrum</strong></span> <span class='ocrx_word' id='word_1_85' title='bbox 536 1734 723 1816; x_wconf 81' lang='lat' dir='ltr'><strong>suscipimus</strong></span> <span class='ocrx_word' id='word_1_86' title='bbox 734 1733 874 1794; x_wconf 78' lang='lat' dir='ltr'><strong>officium</strong></span> <span class='ocrx_word' id='word_1_87' title='bbox 891 1743 922 1796; x_wconf 91' lang='lat' dir='ltr'><strong>et</strong></span> <span class='ocrx_word' id='word_1_88' title='bbox 933 1733 1137 1797; x_wconf 88' lang='lat' dir='ltr'><strong>ministerium</strong></span> <span class='ocrx_word' id='word_1_89' title='bbox 1153 1736 1240 1816; x_wconf 75' lang='lat' dir='ltr'><strong>regia</strong></span> 
     </span>
     <span class='ocr_line' id='line_1_14' title="bbox 292 1843 1242 1927; baseline 0.001 -20"><span class='ocrx_word' id='word_1_90' title='bbox 292 1843 477 1917; x_wconf 86' lang='lat' dir='ltr'><strong>maiestatis,</strong></span> <span class='ocrx_word' id='word_1_91' title='bbox 499 1845 558 1907; x_wconf 88' lang='lat' dir='ltr'><strong>sub</strong></span> <span class='ocrx_word' id='word_1_92' title='bbox 574 1845 748 1927; x_wconf 74' lang='lat' dir='ltr'><strong>oligacioue</strong></span> <span class='ocrx_word' id='word_1_93' title='bbox 768 1844 856 1926; x_wconf 80' lang='lat' dir='ltr'><strong>regui</strong></span> <span class='ocrx_word' id='word_1_94' title='bbox 873 1845 968 1907; x_wconf 87' lang='lat' dir='ltr'><strong>nostri</strong></span> <span class='ocrx_word' id='word_1_95' title='bbox 985 1855 1015 1909; x_wconf 89' lang='lat' dir='ltr'><strong>et</strong></span> <span class='ocrx_word' id='word_1_96' title='bbox 1031 1854 1148 1919; x_wconf 85' lang='lat' dir='ltr'><strong>nostru,</strong></span> <span class='ocrx_word' id='word_1_97' title='bbox 1170 1866 1242 1908; x_wconf 89' lang='lat' dir='ltr'><strong>eos·</strong></span> 
     </span>
     <span class='ocr_line' id='line_1_15' title="bbox 292 1953 1241 2037; baseline 0 -17"><span class='ocrx_word' id='word_1_98' title='bbox 292 1957 364 2020; x_wconf 87' lang='lat' dir='ltr'><strong>dem</strong></span> <span class='ocrx_word' id='word_1_99' title='bbox 391 1953 579 2037; x_wconf 77' lang='lat' dir='ltr'><strong>principales</strong></span> <span class='ocrx_word' id='word_1_100' title='bbox 603 1954 815 2017; x_wconf 81' lang='lat' dir='ltr'><strong>Cumanorum</strong></span> <span class='ocrx_word' id='word_1_101' title='bbox 840 1964 871 2018; x_wconf 92' lang='lat' dir='ltr'><strong>et</strong></span> <span class='ocrx_word' id='word_1_102' title='bbox 896 1957 1062 2018; x_wconf 88' lang='lat' dir='ltr'><strong>uniuersos</strong></span> <span class='ocrx_word' id='word_1_103' title='bbox 1083 1957 1241 2020; x_wconf 84' lang='lat' dir='ltr'><strong>Cumanos</strong></span> 
     </span>
     <span class='ocr_line' id='line_1_16' title="bbox 293 2065 1241 2149; baseline -0.001 -18"><span class='ocrx_word' id='word_1_104' title='bbox 293 2067 442 2131; x_wconf 71' lang='lat' dir='ltr'><strong>articulos</strong></span> <span class='ocrx_word' id='word_1_105' title='bbox 463 2067 679 2149; x_wconf 77' lang='lat' dir='ltr'><strong>infrascriptos</strong></span> <span class='ocrx_word' id='word_1_106' title='bbox 699 2065 835 2129; x_wconf 82' lang='lat' dir='ltr'><strong>fideliter</strong></span> <span class='ocrx_word' id='word_1_107' title='bbox 857 2067 1092 2142; x_wconf 86' lang='lat' dir='ltr'><strong>obseruaturos,</strong></span> <span class='ocrx_word' id='word_1_108' title='bbox 1115 2083 1241 2131; x_wconf 87' lang='lat' dir='ltr'><strong>omnem</strong></span> 
     </span>
     <span class='ocr_line' id='line_1_17' title="bbox 293 2180 1240 2263; baseline -0.001 -19"><span class='ocrx_word' id='word_1_109' title='bbox 293 2183 333 2244; x_wconf 87' lang='lat' dir='ltr'><strong>ad</strong></span> <span class='ocrx_word' id='word_1_110' title='bbox 347 2181 425 2253; x_wconf 89' lang='lat' dir='ltr'><strong>hoc,</strong></span> <span class='ocrx_word' id='word_1_111' title='bbox 446 2188 597 2263; x_wconf 89' lang='lat' dir='ltr'><strong>quantum</strong></span> <span class='ocrx_word' id='word_1_112' title='bbox 613 2180 653 2242; x_wconf 89' lang='lat' dir='ltr'><strong>ad</strong></span> <span class='ocrx_word' id='word_1_113' title='bbox 666 2189 808 2242; x_wconf 89' lang='lat' dir='ltr'><strong>nostrum</strong></span> <span class='ocrx_word' id='word_1_114' title='bbox 823 2188 945 2261; x_wconf 88' lang='lat' dir='ltr'><strong>spectat</strong></span> <span class='ocrx_word' id='word_1_115' title='bbox 960 2180 1114 2254; x_wconf 82' lang='lat' dir='ltr'><strong>osticium,</strong></span> <span class='ocrx_word' id='word_1_116' title='bbox 1133 2200 1240 2243; x_wconf 87' lang='lat' dir='ltr'><strong>curam</strong></span> 
     </span>
     <span class='ocr_line' id='line_1_18' title="bbox 301 2275 1243 2374; baseline -0.001 -20"><span class='ocrx_word' id='word_1_117' title='bbox 301 2302 330 2354; x_wconf 87' lang='lat' dir='ltr'><strong>et</strong></span> <span class='ocrx_word' id='word_1_118' title='bbox 353 2311 481 2374; x_wconf 87' lang='lat' dir='ltr'><strong>operam</strong></span> <span class='ocrx_word' id='word_1_119' title='bbox 504 2290 728 2373; x_wconf 89' lang='lat' dir='ltr'><strong>impendendo,</strong></span> <span class='ocrx_word' id='word_1_120' title='bbox 750 2275 947 2373; x_wconf 87' lang='lat' dir='ltr'><strong>quiquidem</strong></span> <span class='ocrx_word' id='word_1_121' title='bbox 969 2291 1091 2353; x_wconf 84' lang='lat' dir='ltr'><strong>articuli</strong></span> <span class='ocrx_word' id='word_1_122' title='bbox 1111 2292 1170 2356; x_wconf 89' lang='lat' dir='ltr'><strong>hoc</strong></span> <span class='ocrx_word' id='word_1_123' title='bbox 1192 2313 1243 2355; x_wconf 91' lang='lat' dir='ltr'><strong>or-</strong></span> 
     </span>
     <span class='ocr_line' id='line_1_19' title="bbox 295 2402 595 2466; baseline -0.003 -1"><span class='ocrx_word' id='word_1_124' title='bbox 295 2405 368 2466; x_wconf 86' lang='lat' dir='ltr'><strong>dino</strong></span> <span class='ocrx_word' id='word_1_125' title='bbox 385 2402 595 2466; x_wconf 85' lang='lat' dir='ltr'><strong>declarantur.</strong></span> 
     </span>
    </p>
   </div>
   <div class='ocr_carea' id='block_1_3' title="bbox 495 2601 962 2665">
    <p class='ocr_par' dir='ltr' id='par_1_4' title="bbox 495 2601 962 2665">
     <span class='ocr_line' id='line_1_20' title="bbox 495 2601 962 2665; baseline -0.004 -1"><span class='ocrx_word' id='word_1_126' title='bbox 495 2601 660 2665; x_wconf 74' lang='lat' dir='ltr'><strong>Articull</strong></span> <span class='ocrx_word' id='word_1_127' title='bbox 682 2603 962 2665; x_wconf 76' lang='lat' dir='ltr'><strong>cantariorum.</strong></span> 
     </span>
    </p>
   </div>
   <div class='ocr_carea' id='block_1_4' title="bbox 227 2738 1253 4169">
    <p class='ocr_par' dir='ltr' id='par_1_5' title="bbox 241 2738 1248 3604">
     <span class='ocr_line' id='line_1_21' title="bbox 241 2738 1245 2823; baseline 0.001 -22"><span class='ocrx_word' id='word_1_128' title='bbox 241 2739 264 2801; x_wconf 82' lang='grc' dir='ltr'><strong>Ι.</strong></span> <span class='ocrx_word' id='word_1_129' title='bbox 295 2740 332 2802; x_wconf 92' lang='lat' dir='ltr'><strong>Ut</strong></span> <span class='ocrx_word' id='word_1_130' title='bbox 356 2738 476 2802; x_wconf 88' lang='lat' dir='ltr'><strong>scilicet</strong></span> <span class='ocrx_word' id='word_1_131' title='bbox 501 2740 642 2802; x_wconf 87' lang='lat' dir='ltr'><strong>uniuersi</strong></span> <span class='ocrx_word' id='word_1_132' title='bbox 668 2741 798 2802; x_wconf 83' lang='lat' dir='ltr'><strong>Cumani</strong></span> <span class='ocrx_word' id='word_1_133' title='bbox 825 2750 855 2802; x_wconf 90' lang='lat' dir='ltr'><strong>et</strong></span> <span class='ocrx_word' id='word_1_134' title='bbox 885 2740 1000 2821; x_wconf 81' lang='lat' dir='ltr'><strong>singuli</strong></span> <span class='ocrx_word' id='word_1_135' title='bbox 1029 2739 1245 2823; x_wconf 88' lang='lat' dir='ltr'><strong>cuiuscunque</strong></span> 
     </span>
     <span class='ocr_line' id='line_1_22' title="bbox 294 2851 1245 2932; baseline -0.001 -20"><span class='ocrx_word' id='word_1_136' title='bbox 294 2851 385 2912; x_wconf 86' lang='lat' dir='ltr'><strong>etatis</strong></span> <span class='ocrx_word' id='word_1_137' title='bbox 409 2859 441 2912; x_wconf 89' lang='lat' dir='ltr'><strong>el</strong></span> <span class='ocrx_word' id='word_1_138' title='bbox 465 2870 570 2923; x_wconf 81' lang='lat' dir='ltr'><strong>senus,</strong></span> <span class='ocrx_word' id='word_1_139' title='bbox 601 2851 793 2932; x_wconf 87' lang='lat' dir='ltr'><strong>quicumque</strong></span> <span class='ocrx_word' id='word_1_140' title='bbox 821 2852 958 2911; x_wconf 91' lang='lat' dir='ltr'><strong>nondum</strong></span> <span class='ocrx_word' id='word_1_141' title='bbox 986 2859 1058 2914; x_wconf 90' lang='lat' dir='ltr'><strong>sunt</strong></span> <span class='ocrx_word' id='word_1_142' title='bbox 1087 2852 1245 2932; x_wconf 81' lang='lat' dir='ltr'><strong>baptisati,</strong></span> 
     </span>
     <span class='ocr_line' id='line_1_23' title="bbox 298 2961 1247 3045; baseline 0 -21"><span class='ocrx_word' id='word_1_143' title='bbox 298 2961 409 3025; x_wconf 88' lang='lat' dir='ltr'><strong>uolunt</strong></span> <span class='ocrx_word' id='word_1_144' title='bbox 424 2970 455 3024; x_wconf 92' lang='lat' dir='ltr'><strong>et</strong></span> <span class='ocrx_word' id='word_1_145' title='bbox 466 2961 645 3025; x_wconf 84' lang='lat' dir='ltr'><strong>desiderant</strong></span> <span class='ocrx_word' id='word_1_146' title='bbox 656 2962 798 3043; x_wconf 84' lang='lat' dir='ltr'><strong>recipere</strong></span> <span class='ocrx_word' id='word_1_147' title='bbox 812 2962 1004 3045; x_wconf 86' lang='lat' dir='ltr'><strong>baptismatis</strong></span> <span class='ocrx_word' id='word_1_148' title='bbox 1016 2975 1247 3026; x_wconf 83' lang='lat' dir='ltr'><strong>sacramentum</strong></span> 
     </span>
     <span class='ocr_line' id='line_1_24' title="bbox 297 3074 1244 3156; baseline 0 -20"><span class='ocrx_word' id='word_1_149' title='bbox 297 3082 328 3136; x_wconf 90' lang='lat' dir='ltr'><strong>et</strong></span> <span class='ocrx_word' id='word_1_150' title='bbox 342 3076 501 3156; x_wconf 88' lang='lat' dir='ltr'><strong>suscipere</strong></span> <span class='ocrx_word' id='word_1_151' title='bbox 516 3083 549 3136; x_wconf 90' lang='lat' dir='ltr'><strong>et</strong></span> <span class='ocrx_word' id='word_1_152' title='bbox 563 3082 671 3136; x_wconf 88' lang='lat' dir='ltr'><strong>tenere</strong></span> <span class='ocrx_word' id='word_1_153' title='bbox 687 3074 792 3136; x_wconf 88' lang='lat' dir='ltr'><strong>onmia</strong></span> <span class='ocrx_word' id='word_1_154' title='bbox 806 3074 1022 3139; x_wconf 87' lang='lat' dir='ltr'><strong>ecclesiastica</strong></span> <span class='ocrx_word' id='word_1_155' title='bbox 1037 3084 1244 3146; x_wconf 85' lang='lat' dir='ltr'><strong>sacramenta,</strong></span> 
     </span>
     <span class='ocr_line' id='line_1_25' title="bbox 297 3185 1246 3269; baseline -0.002 -20"><span class='ocrx_word' id='word_1_156' title='bbox 297 3194 329 3249; x_wconf 87' lang='lat' dir='ltr'><strong>et</strong></span> <span class='ocrx_word' id='word_1_157' title='bbox 343 3206 532 3269; x_wconf 87' lang='lat' dir='ltr'><strong>quecunque</strong></span> <span class='ocrx_word' id='word_1_158' title='bbox 555 3185 616 3248; x_wconf 86' lang='lat' dir='ltr'><strong>alia</strong></span> <span class='ocrx_word' id='word_1_159' title='bbox 634 3186 791 3249; x_wconf 87' lang='lat' dir='ltr'><strong>seruanda</strong></span> <span class='ocrx_word' id='word_1_160' title='bbox 812 3186 923 3260; x_wconf 89' lang='lat' dir='ltr'><strong>docet,</strong></span> <span class='ocrx_word' id='word_1_161' title='bbox 945 3195 1031 3249; x_wconf 87' lang='lat' dir='ltr'><strong>tenet</strong></span> <span class='ocrx_word' id='word_1_162' title='bbox 1053 3196 1086 3249; x_wconf 89' lang='lat' dir='ltr'><strong>et</strong></span> <span class='ocrx_word' id='word_1_163' title='bbox 1104 3187 1246 3267; x_wconf 87' lang='lat' dir='ltr'><strong>predicat</strong></span> 
     </span>
     <span class='ocr_line' id='line_1_26' title="bbox 297 3298 1245 3371; baseline -0.005 -9"><span class='ocrx_word' id='word_1_164' title='bbox 297 3301 436 3363; x_wconf 82' lang='lat' dir='ltr'><strong>ltomaua</strong></span> <span class='ocrx_word' id='word_1_165' title='bbox 458 3299 591 3364; x_wconf 84' lang='lat' dir='ltr'><strong>ecclesia</strong></span> <span class='ocrx_word' id='word_1_166' title='bbox 611 3308 828 3371; x_wconf 85' lang='lat' dir='ltr'><strong>sacrosancta,</strong></span> <span class='ocrx_word' id='word_1_167' title='bbox 851 3307 881 3361; x_wconf 90' lang='lat' dir='ltr'><strong>et</strong></span> <span class='ocrx_word' id='word_1_168' title='bbox 896 3298 1052 3362; x_wconf 91' lang='lat' dir='ltr'><strong>idolorum</strong></span> <span class='ocrx_word' id='word_1_169' title='bbox 1068 3301 1189 3361; x_wconf 87' lang='lat' dir='ltr'><strong>cultura</strong></span> <span class='ocrx_word' id='word_1_170' title='bbox 1209 3317 1245 3358; x_wconf 90' lang='lat' dir='ltr'><strong>ac</strong></span> 
     </span>
     <span class='ocr_line' id='line_1_27' title="bbox 298 3409 1248 3496; baseline -0.006 -20"><span class='ocrx_word' id='word_1_171' title='bbox 298 3413 445 3476; x_wconf 88' lang='lat' dir='ltr'><strong>omnibus</strong></span> <span class='ocrx_word' id='word_1_172' title='bbox 473 3422 505 3476; x_wconf 89' lang='lat' dir='ltr'><strong>et</strong></span> <span class='ocrx_word' id='word_1_173' title='bbox 532 3411 662 3496; x_wconf 81' lang='lat' dir='ltr'><strong>singulis</strong></span> <span class='ocrx_word' id='word_1_174' title='bbox 691 3431 884 3495; x_wconf 81' lang='lat' dir='ltr'><strong>paganorum</strong></span> <span class='ocrx_word' id='word_1_175' title='bbox 914 3409 1023 3473; x_wconf 84' lang='lat' dir='ltr'><strong>ritibus</strong></span> <span class='ocrx_word' id='word_1_176' title='bbox 1052 3410 1187 3473; x_wconf 86' lang='lat' dir='ltr'><strong>dimissis</strong></span> <span class='ocrx_word' id='word_1_177' title='bbox 1216 3418 1248 3471; x_wconf 89' lang='lat' dir='ltr'><strong>ct</strong></span> 
     </span>
     <span class='ocr_line' id='line_1_28' title="bbox 298 3520 1154 3604; baseline -0.002 -19"><span class='ocrx_word' id='word_1_178' title='bbox 298 3543 425 3604; x_wconf 87' lang='lat' dir='ltr'><strong>prorsus</strong></span> <span class='ocrx_word' id='word_1_179' title='bbox 439 3524 567 3597; x_wconf 85' lang='lat' dir='ltr'><strong>relictis,</strong></span> <span class='ocrx_word' id='word_1_180' title='bbox 588 3542 717 3586; x_wconf 88' lang='lat' dir='ltr'><strong>seruare</strong></span> <span class='ocrx_word' id='word_1_181' title='bbox 733 3521 887 3585; x_wconf 85' lang='lat' dir='ltr'><strong>catholice</strong></span> <span class='ocrx_word' id='word_1_182' title='bbox 903 3520 976 3584; x_wconf 82' lang='lat' dir='ltr'><strong>fidei</strong></span> <span class='ocrx_word' id='word_1_183' title='bbox 992 3523 1154 3584; x_wconf 87' lang='lat' dir='ltr'><strong>unitatem.</strong></span> 
     </span>
    </p>

    <p class='ocr_par' dir='ltr' id='par_1_6' title="bbox 227 3634 1253 4169">
     <span class='ocr_line' id='line_1_29' title="bbox 227 3634 1249 3717; baseline 0 -21"><span class='ocrx_word' id='word_1_184' title='bbox 227 3634 265 3697; x_wconf 89' lang='lat' dir='ltr'><strong>ll.</strong></span> <span class='ocrx_word' id='word_1_185' title='bbox 296 3637 336 3697; x_wconf 86' lang='lat' dir='ltr'><strong>Et</strong></span> <span class='ocrx_word' id='word_1_186' title='bbox 358 3636 443 3717; x_wconf 90' lang='lat' dir='ltr'><strong>quod</strong></span> <span class='ocrx_word' id='word_1_187' title='bbox 469 3636 631 3697; x_wconf 89' lang='lat' dir='ltr'><strong>discedent</strong></span> <span class='ocrx_word' id='word_1_188' title='bbox 662 3642 694 3698; x_wconf 81' lang='lat' dir='ltr'><strong>et</strong></span> <span class='ocrx_word' id='word_1_189' title='bbox 722 3636 870 3698; x_wconf 85' lang='lat' dir='ltr'><strong>recedent</strong></span> <span class='ocrx_word' id='word_1_190' title='bbox 899 3654 917 3698; x_wconf 88' lang='lat' dir='ltr'><strong>a</strong></span> <span class='ocrx_word' id='word_1_191' title='bbox 945 3634 1154 3697; x_wconf 84' lang='lat' dir='ltr'><strong>tabernaculis</strong></span> <span class='ocrx_word' id='word_1_192' title='bbox 1183 3635 1249 3696; x_wconf 88' lang='lat' dir='ltr'><strong>suis</strong></span> 
     </span>
     <span class='ocr_line' id='line_1_30' title="bbox 298 3744 1248 3819; baseline 0 -11"><span class='ocrx_word' id='word_1_193' title='bbox 298 3756 330 3809; x_wconf 89' lang='lat' dir='ltr'><strong>et</strong></span> <span class='ocrx_word' id='word_1_194' title='bbox 349 3744 493 3808; x_wconf 89' lang='lat' dir='ltr'><strong>domibus</strong></span> <span class='ocrx_word' id='word_1_195' title='bbox 521 3745 660 3819; x_wconf 84' lang='lat' dir='ltr'><strong>liltriuis,</strong></span> <span class='ocrx_word' id='word_1_196' title='bbox 689 3755 720 3809; x_wconf 90' lang='lat' dir='ltr'><strong>et</strong></span> <span class='ocrx_word' id='word_1_197' title='bbox 741 3747 882 3809; x_wconf 88' lang='lat' dir='ltr'><strong>habitare</strong></span> <span class='ocrx_word' id='word_1_198' title='bbox 904 3756 935 3809; x_wconf 94' lang='lat' dir='ltr'><strong>et</strong></span> <span class='ocrx_word' id='word_1_199' title='bbox 957 3747 1072 3809; x_wconf 85' lang='lat' dir='ltr'><strong>morari</strong></span> <span class='ocrx_word' id='word_1_200' title='bbox 1102 3747 1135 3808; x_wconf 92' lang='lat' dir='ltr'><strong>in</strong></span> <span class='ocrx_word' id='word_1_201' title='bbox 1165 3745 1248 3808; x_wconf 90' lang='lat' dir='ltr'><strong>uillis</strong></span> 
     </span>
     <span class='ocr_line' id='line_1_31' title="bbox 302 3857 1250 3924; baseline 0.002 -5"><span class='ocrx_word' id='word_1_202' title='bbox 302 3857 479 3920; x_wconf 83' lang='lat' dir='ltr'><strong>Christiano</strong></span> <span class='ocrx_word' id='word_1_203' title='bbox 503 3878 591 3919; x_wconf 87' lang='lat' dir='ltr'><strong>more</strong></span> <span class='ocrx_word' id='word_1_204' title='bbox 613 3860 644 3920; x_wconf 93' lang='lat' dir='ltr'><strong>iu</strong></span> <span class='ocrx_word' id='word_1_205' title='bbox 664 3859 794 3922; x_wconf 85' lang='lat' dir='ltr'><strong>edificiis</strong></span> <span class='ocrx_word' id='word_1_206' title='bbox 813 3869 844 3924; x_wconf 88' lang='lat' dir='ltr'><strong>et</strong></span> <span class='ocrx_word' id='word_1_207' title='bbox 858 3860 1004 3923; x_wconf 89' lang='lat' dir='ltr'><strong>domibus</strong></span> <span class='ocrx_word' id='word_1_208' title='bbox 1026 3859 1094 3922; x_wconf 92' lang='lat' dir='ltr'><strong>solo</strong></span> <span class='ocrx_word' id='word_1_209' title='bbox 1108 3858 1178 3922; x_wconf 84' lang='lat' dir='ltr'><strong>finis</strong></span> <span class='ocrx_word' id='word_1_210' title='bbox 1193 3879 1250 3921; x_wconf 84' lang='lat' dir='ltr'><strong>ex·</strong></span> 
     </span>
     <span class='ocr_line' id='line_1_32' title="bbox 298 3969 1251 4052; baseline 0.005 -21"><span class='ocrx_word' id='word_1_211' title='bbox 298 3969 437 4052; x_wconf 82' lang='lat' dir='ltr'><strong>pressius</strong></span> <span class='ocrx_word' id='word_1_212' title='bbox 459 3980 715 4051; x_wconf 87' lang='lat' dir='ltr'><strong>assumpserunt,</strong></span> <span class='ocrx_word' id='word_1_213' title='bbox 737 3981 768 4035; x_wconf 87' lang='lat' dir='ltr'><strong>et</strong></span> <span class='ocrx_word' id='word_1_214' title='bbox 784 3972 983 4036; x_wconf 73' lang='lat' dir='ltr'><strong>conformare</strong></span> <span class='ocrx_word' id='word_1_215' title='bbox 1001 3993 1034 4037; x_wconf 88' lang='lat' dir='ltr'><strong>se</strong></span> <span class='ocrx_word' id='word_1_216' title='bbox 1055 3974 1086 4035; x_wconf 89' lang='lat' dir='ltr'><strong>iu</strong></span> <span class='ocrx_word' id='word_1_217' title='bbox 1102 3972 1251 4036; x_wconf 85' lang='lat' dir='ltr'><strong>omuibus</strong></span> 
     </span>
     <span class='ocr_line' id='line_1_33' title="bbox 299 4081 1253 4169; baseline 0.005 -25"><span class='ocrx_word' id='word_1_218' title='bbox 299 4081 439 4145; x_wconf 83' lang='lat' dir='ltr'><strong>moribus</strong></span> <span class='ocrx_word' id='word_1_219' title='bbox 461 4092 492 4145; x_wconf 88' lang='lat' dir='ltr'><strong>et</strong></span> <span class='ocrx_word' id='word_1_220' title='bbox 513 4081 624 4145; x_wconf 86' lang='lat' dir='ltr'><strong>ritibus</strong></span> <span class='ocrx_word' id='word_1_221' title='bbox 645 4083 830 4148; x_wconf 80' lang='lat' dir='ltr'><strong>Christianis</strong></span> <span class='ocrx_word' id='word_1_222' title='bbox 854 4085 1067 4169; x_wconf 87' lang='lat' dir='ltr'><strong>promiserunt</strong></span> <span class='ocrx_word' id='word_1_223' title='bbox 1091 4104 1253 4167; x_wconf 83' lang='lat' dir='ltr'><strong>expresse.</strong></span> 
     </span>
    </p>
   </div>
   <div class='ocr_carea' id='block_1_5' title="bbox 0 0 1415 4764">
    <p class='ocr_par' dir='ltr' id='par_1_7' title="bbox 0 0 1415 4764">
     <span class='ocr_line' id='line_1_34' title="bbox 0 0 1415 4764; baseline 0 0"><span class='ocrx_word' id='word_1_224' title='bbox 0 0 1415 4764; x_wconf 95' lang='lat' dir='ltr'><strong> </strong></span> 
     </span>
    </p>
   </div>
  </div>
 </body>
</html>
