<?xml version="1.0" encoding="UTF-8"?>
<!DOCTYPE html PUBLIC "-//W3C//DTD XHTML 1.0 Transitional//EN"
    "http://www.w3.org/TR/xhtml1/DTD/xhtml1-transitional.dtd">
<html xmlns="http://www.w3.org/1999/xhtml" xml:lang="en" lang="en">
 <head>
  <title>
</title>
<meta http-equiv="Content-Type" content="text/html;charset=utf-8" />
  <meta name='ocr-system' content='tesseract 3.04.00' />
  <meta name='ocr-capabilities' content='ocr_page ocr_carea ocr_par ocr_line ocrx_word'/>
</head>
<body>
  <div class='ocr_page' id='page_1' title='image "./rerumhungaricar00endlgoog/rerumhungaricar00endlgoog_0712.png"; bbox 0 0 2798 4764; ppageno 0'>
   <div class='ocr_carea' id='block_1_1' title="bbox 470 318 1173 403">
    <p class='ocr_par' dir='ltr' id='par_1_1' title="bbox 470 318 1173 403">
     <span class='ocr_line' id='line_1_1' title="bbox 470 318 1173 403; baseline 0.003 -16"><span class='ocrx_word' id='word_1_1' title='bbox 470 338 653 389; x_wconf 75' lang='lat' dir='ltr'>noascnott</span> <span class='ocrx_word' id='word_1_2' title='bbox 677 337 719 401; x_wconf 65' lang='lat' dir='ltr'>nt</span> <span class='ocrx_word' id='word_1_3' title='bbox 740 337 855 403; x_wconf 57' lang='lat' dir='ltr'>imo,</span> <span class='ocrx_word' id='word_1_4' title='bbox 1112 318 1173 389; x_wconf 79' lang='lat' dir='ltr'>tot</span> 
     </span>
    </p>
   </div>
   <div class='ocr_carea' id='block_1_2' title="bbox 76 492 1176 686">
    <p class='ocr_par' dir='ltr' id='par_1_2' title="bbox 76 492 1176 686">
     <span class='ocr_line' id='line_1_2' title="bbox 152 492 1174 580; baseline -0.005 -18"><span class='ocrx_word' id='word_1_5' title='bbox 152 495 289 580; x_wconf 77' lang='lat' dir='ltr'>prefatus</span> <span class='ocrx_word' id='word_1_6' title='bbox 310 494 407 559; x_wconf 85' lang='lat' dir='ltr'>iudex</span> <span class='ocrx_word' id='word_1_7' title='bbox 429 492 590 577; x_wconf 74' lang='lat' dir='ltr'>delegatus</span> <span class='ocrx_word' id='word_1_8' title='bbox 612 495 716 576; x_wconf 81' lang='lat' dir='ltr'><strong>posuit</strong></span> <span class='ocrx_word' id='word_1_9' title='bbox 734 515 830 577; x_wconf 79' lang='lat' dir='ltr'>cuper</span> <span class='ocrx_word' id='word_1_10' title='bbox 846 495 1055 558; x_wconf 84' lang='lat' dir='ltr'>iuramentum</span> <span class='ocrx_word' id='word_1_11' title='bbox 1077 493 1174 575; x_wconf 88' lang='lat' dir='ltr'>ipsius</span> 
     </span>
     <span class='ocr_line' id='line_1_3' title="bbox 76 599 1176 686; baseline -0.006 -12"><span class='ocrx_word' id='word_1_12' title='bbox 76 599 79 607; x_wconf 67' lang='grc'>’</span> <span class='ocrx_word' id='word_1_13' title='bbox 152 607 278 674; x_wconf 82' lang='lat' dir='ltr'>loannis</span> <span class='ocrx_word' id='word_1_14' title='bbox 292 613 323 670; x_wconf 86' lang='lat' dir='ltr'>et</span> <span class='ocrx_word' id='word_1_15' title='bbox 336 606 445 679; x_wconf 91' lang='lat' dir='ltr'>lromi,</span> <span class='ocrx_word' id='word_1_16' title='bbox 459 614 491 669; x_wconf 87' lang='lat' dir='ltr'>et</span> <span class='ocrx_word' id='word_1_17' title='bbox 506 616 650 686; x_wconf 76' lang='lat' dir='ltr'>pireterea</span> <span class='ocrx_word' id='word_1_18' title='bbox 666 606 775 669; x_wconf 90' lang='lat' dir='ltr'>decem</span> <span class='ocrx_word' id='word_1_19' title='bbox 789 605 929 679; x_wconf 87' lang='lat' dir='ltr'>testium,</span> <span class='ocrx_word' id='word_1_20' title='bbox 942 605 1073 668; x_wconf 86' lang='lat' dir='ltr'>scilicet:</span> <span class='ocrx_word' id='word_1_21' title='bbox 1095 601 1176 668; x_wconf 81' lang='lat' dir='ltr'>Lodt</span> 
     </span>
    </p>
   </div>
   <div class='ocr_carea' id='block_1_3' title="bbox 152 715 1265 4229">
    <p class='ocr_par' dir='ltr' id='par_1_3' title="bbox 152 715 1180 1663">
     <span class='ocr_line' id='line_1_4' title="bbox 152 715 1177 799; baseline -0.007 -15"><span class='ocrx_word' id='word_1_22' title='bbox 152 718 272 784; x_wconf 84' lang='lat' dir='ltr'>abbatis</span> <span class='ocrx_word' id='word_1_23' title='bbox 286 718 325 781; x_wconf 95' lang='lat' dir='ltr'>de</span> <span class='ocrx_word' id='word_1_24' title='bbox 334 717 448 790; x_wconf 78' lang='lat' dir='ltr'>-Chott,</span> <span class='ocrx_word' id='word_1_25' title='bbox 469 716 572 780; x_wconf 86' lang='lat' dir='ltr'>llesce</span> <span class='ocrx_word' id='word_1_26' title='bbox 591 718 630 779; x_wconf 94' lang='lat' dir='ltr'>de</span> <span class='ocrx_word' id='word_1_27' title='bbox 645 715 720 781; x_wconf 85' lang='lat' dir='ltr'>uilla</span> <span class='ocrx_word' id='word_1_28' title='bbox 736 716 843 790; x_wconf 87' lang='lat' dir='ltr'>Carol,</span> <span class='ocrx_word' id='word_1_29' title='bbox 862 717 947 799; x_wconf 83' lang='lat' dir='ltr'>Ape,</span> <span class='ocrx_word' id='word_1_30' title='bbox 966 717 1064 789; x_wconf 87' lang='lat' dir='ltr'>llice,</span> <span class='ocrx_word' id='word_1_31' title='bbox 1084 716 1177 778; x_wconf 64' lang='lat' dir='ltr'>torm</span> 
     </span>
     <span class='ocr_line' id='line_1_5' title="bbox 152 825 1177 909; baseline -0.004 -14"><span class='ocrx_word' id='word_1_32' title='bbox 152 832 216 904; x_wconf 81' lang='lat' dir='ltr'>nis,</span> <span class='ocrx_word' id='word_1_33' title='bbox 235 828 388 893; x_wconf 87' lang='lat' dir='ltr'>Dominici</span> <span class='ocrx_word' id='word_1_34' title='bbox 409 835 441 891; x_wconf 88' lang='lat' dir='ltr'>et</span> <span class='ocrx_word' id='word_1_35' title='bbox 458 826 554 889; x_wconf 81' lang='lat' dir='ltr'>Balad</span> <span class='ocrx_word' id='word_1_36' title='bbox 576 828 615 890; x_wconf 93' lang='lat' dir='ltr'>de</span> <span class='ocrx_word' id='word_1_37' title='bbox 633 847 750 909; x_wconf 79' lang='lat' dir='ltr'>genere</span> <span class='ocrx_word' id='word_1_38' title='bbox 765 828 876 900; x_wconf 89' lang='lat' dir='ltr'>Borsa,</span> <span class='ocrx_word' id='word_1_39' title='bbox 898 825 1052 889; x_wconf 78' lang='lat' dir='ltr'>leonardi</span> <span class='ocrx_word' id='word_1_40' title='bbox 1067 826 1106 888; x_wconf 91' lang='lat' dir='ltr'>de</span> <span class='ocrx_word' id='word_1_41' title='bbox 1120 845 1177 909; x_wconf 76' lang='lat' dir='ltr'>gc·</span> 
     </span>
     <span class='ocr_line' id='line_1_6' title="bbox 152 935 1176 1019; baseline -0.005 -15"><span class='ocrx_word' id='word_1_42' title='bbox 152 959 229 1004; x_wconf 86' lang='lat' dir='ltr'>nere</span> <span class='ocrx_word' id='word_1_43' title='bbox 242 940 356 1011; x_wconf 90' lang='lat' dir='ltr'>Zuord,</span> <span class='ocrx_word' id='word_1_44' title='bbox 377 937 528 1001; x_wconf 85' lang='lat' dir='ltr'>Beliamiu</span> <span class='ocrx_word' id='word_1_45' title='bbox 542 939 711 1001; x_wconf 82' lang='lat' dir='ltr'>sacerdotis</span> <span class='ocrx_word' id='word_1_46' title='bbox 726 939 765 1001; x_wconf 95' lang='lat' dir='ltr'>de</span> <span class='ocrx_word' id='word_1_47' title='bbox 780 938 853 1001; x_wconf 89' lang='lat' dir='ltr'>uilla</span> <span class='ocrx_word' id='word_1_48' title='bbox 869 936 1020 1019; x_wconf 85' lang='lat' dir='ltr'>Zigholm,</span> <span class='ocrx_word' id='word_1_49' title='bbox 1043 944 1074 1000; x_wconf 92' lang='lat' dir='ltr'>et</span> <span class='ocrx_word' id='word_1_50' title='bbox 1088 935 1176 1000; x_wconf 83' lang='lat' dir='ltr'>Pauli</span> 
     </span>
     <span class='ocr_line' id='line_1_7' title="bbox 152 1047 1177 1131; baseline -0.003 -17"><span class='ocrx_word' id='word_1_51' title='bbox 152 1049 275 1115; x_wconf 86' lang='lat' dir='ltr'>comitis</span> <span class='ocrx_word' id='word_1_52' title='bbox 285 1051 324 1112; x_wconf 89' lang='lat' dir='ltr'>de</span> <span class='ocrx_word' id='word_1_53' title='bbox 334 1069 450 1131; x_wconf 81' lang='lat' dir='ltr'>genere</span> <span class='ocrx_word' id='word_1_54' title='bbox 462 1048 636 1129; x_wconf 73' lang='lat' dir='ltr'>smaragdi.</span> <span class='ocrx_word' id='word_1_55' title='bbox 658 1050 710 1130; x_wconf 86' lang='lat' dir='ltr'>qui</span> <span class='ocrx_word' id='word_1_56' title='bbox 723 1069 832 1111; x_wconf 87' lang='lat' dir='ltr'>omnes</span> <span class='ocrx_word' id='word_1_57' title='bbox 843 1067 913 1111; x_wconf 91' lang='lat' dir='ltr'>cum</span> <span class='ocrx_word' id='word_1_58' title='bbox 926 1049 965 1111; x_wconf 90' lang='lat' dir='ltr'>ad</span> <span class='ocrx_word' id='word_1_59' title='bbox 976 1047 1177 1129; x_wconf 80' lang='lat' dir='ltr'>sepulchrum</span> 
     </span>
     <span class='ocr_line' id='line_1_8' title="bbox 153 1158 1178 1241; baseline -0.006 -16"><span class='ocrx_word' id='word_1_60' title='bbox 153 1159 325 1225; x_wconf 73' lang='lat' dir='ltr'>oLadislai</span> <span class='ocrx_word' id='word_1_61' title='bbox 336 1159 419 1241; x_wconf 72' lang='lat' dir='ltr'>repis</span> <span class='ocrx_word' id='word_1_62' title='bbox 433 1158 562 1225; x_wconf 88' lang='lat' dir='ltr'>iuraturi</span> <span class='ocrx_word' id='word_1_63' title='bbox 577 1159 790 1232; x_wconf 77' lang='lat' dir='ltr'>accessissent,</span> <span class='ocrx_word' id='word_1_64' title='bbox 803 1178 880 1239; x_wconf 80' lang='lat' dir='ltr'>repe</span> <span class='ocrx_word' id='word_1_65' title='bbox 894 1159 954 1219; x_wconf 88' lang='lat' dir='ltr'>iam</span> <span class='ocrx_word' id='word_1_66' title='bbox 970 1158 1043 1221; x_wconf 92' lang='lat' dir='ltr'>dieti</span> <span class='ocrx_word' id='word_1_67' title='bbox 1057 1166 1178 1220; x_wconf 81' lang='lat' dir='ltr'>actum</span> 
     </span>
     <span class='ocr_line' id='line_1_9' title="bbox 154 1268 1178 1350; baseline -0.003 -16"><span class='ocrx_word' id='word_1_68' title='bbox 154 1291 219 1335; x_wconf 91' lang='lat' dir='ltr'>nou</span> <span class='ocrx_word' id='word_1_69' title='bbox 242 1271 309 1333; x_wconf 90' lang='lat' dir='ltr'>ausi</span> <span class='ocrx_word' id='word_1_70' title='bbox 331 1279 405 1334; x_wconf 89' lang='lat' dir='ltr'>sunt</span> <span class='ocrx_word' id='word_1_71' title='bbox 427 1289 482 1332; x_wconf 88' lang='lat' dir='ltr'>eos</span> <span class='ocrx_word' id='word_1_72' title='bbox 505 1269 659 1331; x_wconf 90' lang='lat' dir='ltr'>adiurare.</span> <span class='ocrx_word' id='word_1_73' title='bbox 688 1269 805 1331; x_wconf 88' lang='lat' dir='ltr'>scilicet</span> <span class='ocrx_word' id='word_1_74' title='bbox 819 1268 1016 1331; x_wconf 87' lang='lat' dir='ltr'>aduersarios</span> <span class='ocrx_word' id='word_1_75' title='bbox 1031 1288 1104 1331; x_wconf 91' lang='lat' dir='ltr'>suos</span> <span class='ocrx_word' id='word_1_76' title='bbox 1118 1287 1178 1350; x_wconf 90' lang='lat' dir='ltr'>pro</span> 
     </span>
     <span class='ocr_line' id='line_1_10' title="bbox 154 1377 1179 1461; baseline -0.002 -18"><span class='ocrx_word' id='word_1_77' title='bbox 154 1381 243 1443; x_wconf 81' lang='lat' dir='ltr'>iustis</span> <span class='ocrx_word' id='word_1_78' title='bbox 258 1379 454 1451; x_wconf 89' lang='lat' dir='ltr'>dimittendo,</span> <span class='ocrx_word' id='word_1_79' title='bbox 473 1398 583 1461; x_wconf 91' lang='lat' dir='ltr'>pacem</span> <span class='ocrx_word' id='word_1_80' title='bbox 605 1397 715 1440; x_wconf 89' lang='lat' dir='ltr'>eorum</span> <span class='ocrx_word' id='word_1_81' title='bbox 732 1379 911 1441; x_wconf 86' lang='lat' dir='ltr'>interuentu</span> <span class='ocrx_word' id='word_1_82' title='bbox 930 1378 1101 1439; x_wconf 89' lang='lat' dir='ltr'>amicorum</span> <span class='ocrx_word' id='word_1_83' title='bbox 1121 1377 1179 1441; x_wconf 88' lang='lat' dir='ltr'>im-</span> 
     </span>
     <span class='ocr_line' id='line_1_11' title="bbox 155 1487 1180 1573; baseline -0.001 -19"><span class='ocrx_word' id='word_1_84' title='bbox 155 1496 333 1573; x_wconf 89' lang='lat' dir='ltr'>petrarunt,</span> <span class='ocrx_word' id='word_1_85' title='bbox 354 1497 501 1571; x_wconf 72' lang='lat' dir='ltr'>presente</span> <span class='ocrx_word' id='word_1_86' title='bbox 521 1487 670 1568; x_wconf 84' lang='lat' dir='ltr'>pristaldo</span> <span class='ocrx_word' id='word_1_87' title='bbox 689 1489 786 1569; x_wconf 89' lang='lat' dir='ltr'>ipsius</span> <span class='ocrx_word' id='word_1_88' title='bbox 801 1508 895 1553; x_wconf 82' lang='lat' dir='ltr'>cause</span> <span class='ocrx_word' id='word_1_89' title='bbox 910 1489 1073 1553; x_wconf 79' lang='lat' dir='ltr'>Beniamin</span> <span class='ocrx_word' id='word_1_90' title='bbox 1095 1487 1180 1553; x_wconf 85' lang='lat' dir='ltr'>uice·</span> 
     </span>
     <span class='ocr_line' id='line_1_12' title="bbox 156 1597 652 1663; baseline -0.006 0"><span class='ocrx_word' id='word_1_91' title='bbox 156 1600 377 1663; x_wconf 85' lang='lat' dir='ltr'>archidiacono</span> <span class='ocrx_word' id='word_1_92' title='bbox 391 1600 431 1662; x_wconf 90' lang='lat' dir='ltr'>de</span> <span class='ocrx_word' id='word_1_93' title='bbox 445 1597 518 1663; x_wconf 84' lang='lat' dir='ltr'>uilla</span> <span class='ocrx_word' id='word_1_94' title='bbox 534 1600 652 1662; x_wconf 86' lang='lat' dir='ltr'>Nadan.</span> 
     </span>
    </p>

    <p class='ocr_par' dir='ltr' id='par_1_4' title="bbox 154 1707 1265 4229">
     <span class='ocr_line' id='line_1_13' title="bbox 237 1707 1179 1792; baseline 0.001 -20"><span class='ocrx_word' id='word_1_95' title='bbox 237 1710 336 1784; x_wconf 66' lang='lat' dir='ltr'>(did)</span> <span class='ocrx_word' id='word_1_96' title='bbox 356 1709 523 1773; x_wconf 73' lang='lat' dir='ltr'>Multitudo</span> <span class='ocrx_word' id='word_1_97' title='bbox 545 1707 750 1772; x_wconf 88' lang='lat' dir='ltr'>castrensium</span> <span class='ocrx_word' id='word_1_98' title='bbox 773 1708 812 1771; x_wconf 90' lang='lat' dir='ltr'>de</span> <span class='ocrx_word' id='word_1_99' title='bbox 834 1709 972 1782; x_wconf 85' lang='lat' dir='ltr'>Bursod,</span> <span class='ocrx_word' id='word_1_100' title='bbox 1001 1708 1179 1792; x_wconf 76' lang='lat' dir='ltr'>etquidem</span> 
     </span>
     <span class='ocr_line' id='line_1_14' title="bbox 154 1818 1181 1906; baseline -0.002 -23"><span class='ocrx_word' id='word_1_101' title='bbox 154 1820 358 1902; x_wconf 74' lang='lat' dir='ltr'>ioubapiones</span> <span class='ocrx_word' id='word_1_102' title='bbox 373 1820 514 1883; x_wconf 85' lang='lat' dir='ltr'>eiusdem</span> <span class='ocrx_word' id='word_1_103' title='bbox 529 1821 638 1893; x_wconf 84' lang='lat' dir='ltr'>castri,</span> <span class='ocrx_word' id='word_1_104' title='bbox 658 1819 778 1882; x_wconf 88' lang='lat' dir='ltr'>scilieet</span> <span class='ocrx_word' id='word_1_105' title='bbox 792 1820 902 1883; x_wconf 87' lang='lat' dir='ltr'>Petrus</span> <span class='ocrx_word' id='word_1_106' title='bbox 917 1828 949 1882; x_wconf 89' lang='lat' dir='ltr'>et</span> <span class='ocrx_word' id='word_1_107' title='bbox 963 1818 1103 1894; x_wconf 81' lang='lat' dir='ltr'>Colman,</span> <span class='ocrx_word' id='word_1_108' title='bbox 1123 1838 1181 1906; x_wconf 83' lang='lat' dir='ltr'>up·</span> 
     </span>
     <span class='ocr_line' id='line_1_15' title="bbox 155 1931 1183 2014; baseline 0 -20"><span class='ocrx_word' id='word_1_109' title='bbox 155 1931 274 1995; x_wconf 84' lang='lat' dir='ltr'>ciferati</span> <span class='ocrx_word' id='word_1_110' title='bbox 288 1941 361 1996; x_wconf 85' lang='lat' dir='ltr'>suot</span> <span class='ocrx_word' id='word_1_111' title='bbox 374 1941 486 1995; x_wconf 86' lang='lat' dir='ltr'>contra</span> <span class='ocrx_word' id='word_1_112' title='bbox 500 1932 693 1995; x_wconf 75' lang='lat' dir='ltr'>Demetrium</span> <span class='ocrx_word' id='word_1_113' title='bbox 714 1931 861 1995; x_wconf 89' lang='lat' dir='ltr'>comitem</span> <span class='ocrx_word' id='word_1_114' title='bbox 882 1931 1023 2013; x_wconf 89' lang='lat' dir='ltr'>ipsorum</span> <span class='ocrx_word' id='word_1_115' title='bbox 1037 1931 1105 2014; x_wconf 78' lang='lat' dir='ltr'>regi</span> <span class='ocrx_word' id='word_1_116' title='bbox 1119 1932 1183 2013; x_wconf 78' lang='lat' dir='ltr'>Ap·</span> 
     </span>
     <span class='ocr_line' id='line_1_16' title="bbox 156 2041 1182 2124; baseline 0 -19"><span class='ocrx_word' id='word_1_117' title='bbox 156 2043 249 2114; x_wconf 89' lang='lat' dir='ltr'>dree,</span> <span class='ocrx_word' id='word_1_118' title='bbox 271 2043 412 2106; x_wconf 87' lang='lat' dir='ltr'>diceutes</span> <span class='ocrx_word' id='word_1_119' title='bbox 426 2043 515 2124; x_wconf 90' lang='lat' dir='ltr'>quod</span> <span class='ocrx_word' id='word_1_120' title='bbox 533 2041 654 2104; x_wconf 88' lang='lat' dir='ltr'>iniustis</span> <span class='ocrx_word' id='word_1_121' title='bbox 668 2041 790 2105; x_wconf 80' lang='lat' dir='ltr'>iudiciis</span> <span class='ocrx_word' id='word_1_122' title='bbox 805 2051 837 2104; x_wconf 88' lang='lat' dir='ltr'>et</span> <span class='ocrx_word' id='word_1_123' title='bbox 849 2041 995 2105; x_wconf 88' lang='lat' dir='ltr'>indebitis</span> <span class='ocrx_word' id='word_1_124' title='bbox 1010 2041 1182 2119; x_wconf 83' lang='lat' dir='ltr'>exactioni·</span> 
     </span>
     <span class='ocr_line' id='line_1_17' title="bbox 156 2151 1181 2235; baseline 0.001 -20"><span class='ocrx_word' id='word_1_125' title='bbox 156 2153 216 2215; x_wconf 85' lang='lat' dir='ltr'>bus</span> <span class='ocrx_word' id='word_1_126' title='bbox 233 2171 288 2215; x_wconf 87' lang='lat' dir='ltr'>eos</span> <span class='ocrx_word' id='word_1_127' title='bbox 310 2160 523 2235; x_wconf 73' lang='lat' dir='ltr'>apprauasset.</span> <span class='ocrx_word' id='word_1_128' title='bbox 550 2152 690 2234; x_wconf 82' lang='lat' dir='ltr'>prelatus</span> <span class='ocrx_word' id='word_1_129' title='bbox 712 2160 815 2216; x_wconf 89' lang='lat' dir='ltr'>autem</span> <span class='ocrx_word' id='word_1_130' title='bbox 837 2172 942 2216; x_wconf 89' lang='lat' dir='ltr'>comes</span> <span class='ocrx_word' id='word_1_131' title='bbox 964 2154 1091 2234; x_wconf 81' lang='lat' dir='ltr'>negauit</span> <span class='ocrx_word' id='word_1_132' title='bbox 1104 2151 1181 2228; x_wconf 90' lang='lat' dir='ltr'>hoc,</span> 
     </span>
     <span class='ocr_line' id='line_1_18' title="bbox 158 2262 1182 2345; baseline 0 -21"><span class='ocrx_word' id='word_1_133' title='bbox 158 2263 245 2344; x_wconf 85' lang='lat' dir='ltr'>quin·</span> <span class='ocrx_word' id='word_1_134' title='bbox 255 2263 317 2324; x_wconf 86' lang='lat' dir='ltr'>imo</span> <span class='ocrx_word' id='word_1_135' title='bbox 337 2263 452 2325; x_wconf 87' lang='lat' dir='ltr'>adiecit</span> <span class='ocrx_word' id='word_1_136' title='bbox 467 2263 552 2345; x_wconf 86' lang='lat' dir='ltr'>quod</span> <span class='ocrx_word' id='word_1_137' title='bbox 572 2262 617 2326; x_wconf 93' lang='lat' dir='ltr'>illi</span> <span class='ocrx_word' id='word_1_138' title='bbox 632 2262 727 2326; x_wconf 86' lang='lat' dir='ltr'>multa</span> <span class='ocrx_word' id='word_1_139' title='bbox 742 2263 771 2325; x_wconf 90' lang='lat' dir='ltr'>ei</span> <span class='ocrx_word' id='word_1_140' title='bbox 785 2266 945 2327; x_wconf 88' lang='lat' dir='ltr'>damna-et</span> <span class='ocrx_word' id='word_1_141' title='bbox 959 2264 1085 2327; x_wconf 89' lang='lat' dir='ltr'>iniurias</span> <span class='ocrx_word' id='word_1_142' title='bbox 1098 2264 1182 2339; x_wconf 53' lang='lat' dir='ltr'>tntu,</span> 
     </span>
     <span class='ocr_line' id='line_1_19' title="bbox 157 2372 1183 2458; baseline -0.001 -20"><span class='ocrx_word' id='word_1_143' title='bbox 157 2375 282 2446; x_wconf 81' lang='lat' dir='ltr'>iissent,</span> <span class='ocrx_word' id='word_1_144' title='bbox 304 2383 336 2438; x_wconf 83' lang='lat' dir='ltr'>ct</span> <span class='ocrx_word' id='word_1_145' title='bbox 347 2373 408 2437; x_wconf 90' lang='lat' dir='ltr'>hoc</span> <span class='ocrx_word' id='word_1_146' title='bbox 423 2374 525 2455; x_wconf 89' lang='lat' dir='ltr'>ipsum</span> <span class='ocrx_word' id='word_1_147' title='bbox 540 2394 650 2437; x_wconf 86' lang='lat' dir='ltr'>omnes</span> <span class='ocrx_word' id='word_1_148' title='bbox 664 2375 715 2437; x_wconf 89' lang='lat' dir='ltr'>alii</span> <span class='ocrx_word' id='word_1_149' title='bbox 734 2375 949 2458; x_wconf 75' lang='lat' dir='ltr'>ioubagiones,</span> <span class='ocrx_word' id='word_1_150' title='bbox 970 2384 1031 2439; x_wconf 86' lang='lat' dir='ltr'>tam</span> <span class='ocrx_word' id='word_1_151' title='bbox 1046 2372 1183 2457; x_wconf 84' lang='lat' dir='ltr'>exempti</span> 
     </span>
     <span class='ocr_line' id='line_1_20' title="bbox 158 2485 1184 2569; baseline -0.001 -19"><span class='ocrx_word' id='word_1_152' title='bbox 158 2506 252 2569; x_wconf 88' lang='lat' dir='ltr'>quam</span> <span class='ocrx_word' id='word_1_153' title='bbox 264 2485 355 2549; x_wconf 83' lang='lat' dir='ltr'>liberi</span> <span class='ocrx_word' id='word_1_154' title='bbox 365 2487 464 2550; x_wconf 79' lang='lat' dir='ltr'>sancti</span> <span class='ocrx_word' id='word_1_155' title='bbox 475 2486 569 2568; x_wconf 79' lang='lat' dir='ltr'>regis,</span> <span class='ocrx_word' id='word_1_156' title='bbox 583 2495 615 2548; x_wconf 90' lang='lat' dir='ltr'>et</span> <span class='ocrx_word' id='word_1_157' title='bbox 626 2487 830 2568; x_wconf 77' lang='lat' dir='ltr'>quadraginta</span> <span class='ocrx_word' id='word_1_158' title='bbox 841 2486 982 2550; x_wconf 85' lang='lat' dir='ltr'>homines</span> <span class='ocrx_word' id='word_1_159' title='bbox 995 2488 1033 2550; x_wconf 90' lang='lat' dir='ltr'>de</span> <span class='ocrx_word' id='word_1_160' title='bbox 1045 2495 1184 2549; x_wconf 83' lang='lat' dir='ltr'>castren·</span> 
     </span>
     <span class='ocr_line' id='line_1_21' title="bbox 159 2597 1183 2679; baseline -0.001 -20"><span class='ocrx_word' id='word_1_161' title='bbox 159 2597 245 2659; x_wconf 86' lang='lat' dir='ltr'>sibus</span> <span class='ocrx_word' id='word_1_162' title='bbox 260 2602 469 2659; x_wconf 85' lang='lat' dir='ltr'>astruxerunt.</span> <span class='ocrx_word' id='word_1_163' title='bbox 491 2605 684 2660; x_wconf 86' lang='lat' dir='ltr'>memoratus</span> <span class='ocrx_word' id='word_1_164' title='bbox 697 2597 802 2678; x_wconf 83' lang='lat' dir='ltr'>itaque</span> <span class='ocrx_word' id='word_1_165' title='bbox 816 2619 873 2660; x_wconf 82' lang='lat' dir='ltr'>rex</span> <span class='ocrx_word' id='word_1_166' title='bbox 886 2597 1044 2679; x_wconf 85' lang='lat' dir='ltr'>delegauit</span> <span class='ocrx_word' id='word_1_167' title='bbox 1059 2615 1183 2658; x_wconf 83' lang='lat' dir='ltr'>eausam</span> 
     </span>
     <span class='ocr_line' id='line_1_22' title="bbox 161 2705 1185 2788; baseline 0.003 -19"><span class='ocrx_word' id='word_1_168' title='bbox 161 2705 397 2769; x_wconf 84' lang='lat' dir='ltr'>corumThome</span> <span class='ocrx_word' id='word_1_169' title='bbox 408 2706 549 2788; x_wconf 76' lang='lat' dir='ltr'>dgrlensi</span> <span class='ocrx_word' id='word_1_170' title='bbox 563 2707 709 2788; x_wconf 84' lang='lat' dir='ltr'>episcopo</span> <span class='ocrx_word' id='word_1_171' title='bbox 724 2715 756 2769; x_wconf 87' lang='lat' dir='ltr'>et</span> <span class='ocrx_word' id='word_1_172' title='bbox 767 2706 923 2771; x_wconf 79' lang='lat' dir='ltr'>Salomoni</span> <span class='ocrx_word' id='word_1_173' title='bbox 939 2708 1021 2771; x_wconf 88' lang='lat' dir='ltr'>bano</span> <span class='ocrx_word' id='word_1_174' title='bbox 1037 2708 1185 2771; x_wconf 83' lang='lat' dir='ltr'>deciden-</span> 
     </span>
     <span class='ocr_line' id='line_1_23' title="bbox 161 2815 1185 2902; baseline 0.002 -23"><span class='ocrx_word' id='word_1_175' title='bbox 161 2817 242 2879; x_wconf 83' lang='lat' dir='ltr'>dam.</span> <span class='ocrx_word' id='word_1_176' title='bbox 270 2815 324 2898; x_wconf 92' lang='lat' dir='ltr'>qui</span> <span class='ocrx_word' id='word_1_177' title='bbox 345 2817 449 2879; x_wconf 86' lang='lat' dir='ltr'>uerbis</span> <span class='ocrx_word' id='word_1_178' title='bbox 467 2817 629 2899; x_wconf 88' lang='lat' dir='ltr'>utriusque</span> <span class='ocrx_word' id='word_1_179' title='bbox 648 2817 741 2899; x_wconf 85' lang='lat' dir='ltr'>partis</span> <span class='ocrx_word' id='word_1_180' title='bbox 755 2818 922 2900; x_wconf 77' lang='lat' dir='ltr'>diligenter</span> <span class='ocrx_word' id='word_1_181' title='bbox 934 2818 1108 2902; x_wconf 78' lang='lat' dir='ltr'>inquisitis,</span> <span class='ocrx_word' id='word_1_182' title='bbox 1128 2838 1185 2901; x_wconf 93' lang='lat' dir='ltr'>po·</span> 
     </span>
     <span class='ocr_line' id='line_1_24' title="bbox 160 2928 1184 3010; baseline 0.005 -21"><span class='ocrx_word' id='word_1_183' title='bbox 160 2935 292 2991; x_wconf 88' lang='lat' dir='ltr'>suerunt</span> <span class='ocrx_word' id='word_1_184' title='bbox 314 2947 409 3009; x_wconf 88' lang='lat' dir='ltr'>super</span> <span class='ocrx_word' id='word_1_185' title='bbox 433 2928 641 2991; x_wconf 89' lang='lat' dir='ltr'>iuramentum</span> <span class='ocrx_word' id='word_1_186' title='bbox 664 2928 784 2991; x_wconf 89' lang='lat' dir='ltr'>comitis</span> <span class='ocrx_word' id='word_1_187' title='bbox 807 2930 971 3003; x_wconf 87' lang='lat' dir='ltr'>Demetrii,</span> <span class='ocrx_word' id='word_1_188' title='bbox 1002 2939 1037 2994; x_wconf 92' lang='lat' dir='ltr'>ut</span> <span class='ocrx_word' id='word_1_189' title='bbox 1055 2929 1184 3010; x_wconf 83' lang='lat' dir='ltr'>prestito</span> 
     </span>
     <span class='ocr_line' id='line_1_25' title="bbox 160 3040 1186 3122; baseline 0 -19"><span class='ocrx_word' id='word_1_190' title='bbox 160 3047 357 3103; x_wconf 82' lang='lat' dir='ltr'>sacramento</span> <span class='ocrx_word' id='word_1_191' title='bbox 374 3040 522 3120; x_wconf 88' lang='lat' dir='ltr'>probaret</span> <span class='ocrx_word' id='word_1_192' title='bbox 536 3060 571 3103; x_wconf 84' lang='lat' dir='ltr'>sc</span> <span class='ocrx_word' id='word_1_193' title='bbox 582 3040 614 3103; x_wconf 89' lang='lat' dir='ltr'>in</span> <span class='ocrx_word' id='word_1_194' title='bbox 626 3040 712 3103; x_wconf 92' lang='lat' dir='ltr'>nullo</span> <span class='ocrx_word' id='word_1_195' title='bbox 726 3041 873 3121; x_wconf 90' lang='lat' dir='ltr'>populum</span> <span class='ocrx_word' id='word_1_196' title='bbox 884 3061 974 3104; x_wconf 85' lang='lat' dir='ltr'>suum</span> <span class='ocrx_word' id='word_1_197' title='bbox 987 3060 1186 3122; x_wconf 81' lang='lat' dir='ltr'>aggrauasse‚</span> 
     </span>
     <span class='ocr_line' id='line_1_26' title="bbox 160 3150 1265 3231; baseline -0.006 -18"><span class='ocrx_word' id='word_1_198' title='bbox 160 3151 255 3213; x_wconf 70' lang='lat' dir='ltr'>humo</span> <span class='ocrx_word' id='word_1_199' title='bbox 280 3170 337 3230; x_wconf 86' lang='lat' dir='ltr'>per</span> <span class='ocrx_word' id='word_1_200' title='bbox 361 3151 548 3213; x_wconf 87' lang='lat' dir='ltr'>contrarium</span> <span class='ocrx_word' id='word_1_201' title='bbox 571 3150 630 3213; x_wconf 88' lang='lat' dir='ltr'>sibi</span> <span class='ocrx_word' id='word_1_202' title='bbox 655 3152 790 3213; x_wconf 87' lang='lat' dir='ltr'>eundem</span> <span class='ocrx_word' id='word_1_203' title='bbox 816 3150 965 3231; x_wconf 90' lang='lat' dir='ltr'>populum</span> <span class='ocrx_word' id='word_1_204' title='bbox 988 3150 1132 3212; x_wconf 88' lang='lat' dir='ltr'>iniuriam</span> <span class='ocrx_word' id='word_1_205' title='bbox 1153 3157 1186 3213; x_wconf 85' lang='lat' dir='ltr'>et</span> <span class='ocrx_word' id='word_1_206' title='bbox 1262 3201 1265 3206; x_wconf 88' lang='lat'><em>.</em></span> 
     </span>
     <span class='ocr_line' id='line_1_27' title="bbox 163 3258 1186 3340; baseline 0.002 -19"><span class='ocrx_word' id='word_1_207' title='bbox 163 3260 311 3321; x_wconf 53' lang='lat' dir='ltr'>&amp;mnam</span> <span class='ocrx_word' id='word_1_208' title='bbox 330 3258 483 3321; x_wconf 86' lang='lat' dir='ltr'>intulisse.</span> <span class='ocrx_word' id='word_1_209' title='bbox 513 3278 582 3319; x_wconf 90' lang='lat' dir='ltr'>cum</span> <span class='ocrx_word' id='word_1_210' title='bbox 606 3259 711 3339; x_wconf 87' lang='lat' dir='ltr'>itaque</span> <span class='ocrx_word' id='word_1_211' title='bbox 733 3278 838 3320; x_wconf 80' lang='lat' dir='ltr'>comes</span> <span class='ocrx_word' id='word_1_212' title='bbox 858 3259 1034 3321; x_wconf 87' lang='lat' dir='ltr'>Demetrius</span> <span class='ocrx_word' id='word_1_213' title='bbox 1059 3266 1186 3340; x_wconf 76' lang='lat' dir='ltr'>paratus</span> 
     </span>
     <span class='ocr_line' id='line_1_28' title="bbox 164 3367 1187 3450; baseline 0.004 -21"><span class='ocrx_word' id='word_1_214' title='bbox 164 3376 249 3429; x_wconf 82' lang='lat' dir='ltr'>esset</span> <span class='ocrx_word' id='word_1_215' title='bbox 260 3367 381 3439; x_wconf 86' lang='lat' dir='ltr'>iurare,</span> <span class='ocrx_word' id='word_1_216' title='bbox 402 3369 564 3431; x_wconf 86' lang='lat' dir='ltr'>memorati</span> <span class='ocrx_word' id='word_1_217' title='bbox 581 3367 753 3429; x_wconf 86' lang='lat' dir='ltr'>aduersarii</span> <span class='ocrx_word' id='word_1_218' title='bbox 766 3388 800 3430; x_wconf 87' lang='lat' dir='ltr'>se</span> <span class='ocrx_word' id='word_1_219' title='bbox 815 3368 900 3450; x_wconf 88' lang='lat' dir='ltr'>ipsos</span> <span class='ocrx_word' id='word_1_220' title='bbox 914 3376 1187 3450; x_wconf 77' lang='lat' dir='ltr'>recognoscentes,</span> 
     </span>
     <span class='ocr_line' id='line_1_29' title="bbox 163 3474 1187 3559; baseline -0.001 -20"><span class='ocrx_word' id='word_1_221' title='bbox 163 3495 228 3539; x_wconf 79' lang='lat' dir='ltr'>non</span> <span class='ocrx_word' id='word_1_222' title='bbox 250 3474 316 3537; x_wconf 78' lang='lat' dir='ltr'>ouri</span> <span class='ocrx_word' id='word_1_223' title='bbox 340 3483 414 3537; x_wconf 85' lang='lat' dir='ltr'>sunt</span> <span class='ocrx_word' id='word_1_224' title='bbox 435 3476 537 3556; x_wconf 81' lang='lat' dir='ltr'>ipsum</span> <span class='ocrx_word' id='word_1_225' title='bbox 562 3477 717 3551; x_wconf 88' lang='lat' dir='ltr'>adiurare,</span> <span class='ocrx_word' id='word_1_226' title='bbox 739 3486 771 3540; x_wconf 87' lang='lat' dir='ltr'>ot</span> <span class='ocrx_word' id='word_1_227' title='bbox 795 3498 901 3541; x_wconf 89' lang='lat' dir='ltr'>coram</span> <span class='ocrx_word' id='word_1_228' title='bbox 924 3476 1072 3559; x_wconf 85' lang='lat' dir='ltr'>pristaldo</span> <span class='ocrx_word' id='word_1_229' title='bbox 1095 3477 1187 3559; x_wconf 69' lang='lat' dir='ltr'>huius</span> 
     </span>
     <span class='ocr_line' id='line_1_30' title="bbox 164 3585 1187 3675; baseline 0.002 -27"><span class='ocrx_word' id='word_1_230' title='bbox 164 3606 259 3650; x_wconf 86' lang='lat' dir='ltr'>cause</span> <span class='ocrx_word' id='word_1_231' title='bbox 280 3585 406 3647; x_wconf 87' lang='lat' dir='ltr'>nomine</span> <span class='ocrx_word' id='word_1_232' title='bbox 428 3586 487 3647; x_wconf 83' lang='lat' dir='ltr'>llas</span> <span class='ocrx_word' id='word_1_233' title='bbox 508 3587 547 3647; x_wconf 90' lang='lat' dir='ltr'>de</span> <span class='ocrx_word' id='word_1_234' title='bbox 569 3588 644 3651; x_wconf 88' lang='lat' dir='ltr'>uilla</span> <span class='ocrx_word' id='word_1_235' title='bbox 660 3589 776 3662; x_wconf 86' lang='lat' dir='ltr'>llarca,</span> <span class='ocrx_word' id='word_1_236' title='bbox 796 3588 1004 3652; x_wconf 87' lang='lat' dir='ltr'>reddiderunt</span> <span class='ocrx_word' id='word_1_237' title='bbox 1024 3610 1057 3653; x_wconf 88' lang='lat' dir='ltr'>se</span> <span class='ocrx_word' id='word_1_238' title='bbox 1080 3591 1187 3675; x_wconf 81' lang='lat' dir='ltr'>culpa·</span> 
     </span>
     <span class='ocr_line' id='line_1_31' title="bbox 164 3697 1187 3780; baseline 0.006 -20"><span class='ocrx_word' id='word_1_239' title='bbox 164 3698 252 3770; x_wconf 86' lang='lat' dir='ltr'>biles,</span> <span class='ocrx_word' id='word_1_240' title='bbox 273 3705 306 3759; x_wconf 87' lang='lat' dir='ltr'>et</span> <span class='ocrx_word' id='word_1_241' title='bbox 326 3697 473 3758; x_wconf 83' lang='lat' dir='ltr'>damnum</span> <span class='ocrx_word' id='word_1_242' title='bbox 496 3698 616 3760; x_wconf 86' lang='lat' dir='ltr'>comitis</span> <span class='ocrx_word' id='word_1_243' title='bbox 636 3698 685 3759; x_wconf 86' lang='lat' dir='ltr'>sui</span> <span class='ocrx_word' id='word_1_244' title='bbox 705 3708 884 3762; x_wconf 88' lang='lat' dir='ltr'>restaurare</span> <span class='ocrx_word' id='word_1_245' title='bbox 899 3701 1187 3780; x_wconf 71' lang='lat' dir='ltr'>compromiserunt.</span> 
     </span>
     <span class='ocr_line' id='line_1_32' title="bbox 164 3809 1186 3889; baseline 0.004 -16"><span class='ocrx_word' id='word_1_246' title='bbox 164 3829 270 3873; x_wconf 86' lang='lat' dir='ltr'>comes</span> <span class='ocrx_word' id='word_1_247' title='bbox 282 3827 359 3871; x_wconf 85' lang='lat' dir='ltr'>uero</span> <span class='ocrx_word' id='word_1_248' title='bbox 371 3827 479 3870; x_wconf 87' lang='lat' dir='ltr'>eorum</span> <span class='ocrx_word' id='word_1_249' title='bbox 496 3809 534 3870; x_wconf 88' lang='lat' dir='ltr'>ad</span> <span class='ocrx_word' id='word_1_250' title='bbox 550 3828 660 3889; x_wconf 80' lang='lat' dir='ltr'>preces</span> <span class='ocrx_word' id='word_1_251' title='bbox 675 3820 797 3873; x_wconf 80' lang='lat' dir='ltr'>nostras</span> <span class='ocrx_word' id='word_1_252' title='bbox 811 3809 940 3872; x_wconf 87' lang='lat' dir='ltr'>indulsit</span> <span class='ocrx_word' id='word_1_253' title='bbox 953 3810 1009 3883; x_wconf 82' lang='lat' dir='ltr'>eis,</span> <span class='ocrx_word' id='word_1_254' title='bbox 1024 3820 1186 3877; x_wconf 81' lang='lat' dir='ltr'>uttautun</span> 
     </span>
     <span class='ocr_line' id='line_1_33' title="bbox 165 3918 1187 4003; baseline 0.006 -22"><span class='ocrx_word' id='word_1_255' title='bbox 165 3919 244 3983; x_wconf 77' lang='lat' dir='ltr'>dune</span> <span class='ocrx_word' id='word_1_256' title='bbox 265 3939 386 3983; x_wconf 86' lang='lat' dir='ltr'>marcas</span> <span class='ocrx_word' id='word_1_257' title='bbox 405 3928 438 3983; x_wconf 92' lang='lat' dir='ltr'>et</span> <span class='ocrx_word' id='word_1_258' title='bbox 458 3918 616 3983; x_wconf 87' lang='lat' dir='ltr'>dimidiam</span> <span class='ocrx_word' id='word_1_259' title='bbox 639 3920 679 3983; x_wconf 87' lang='lat' dir='ltr'>de</span> <span class='ocrx_word' id='word_1_260' title='bbox 699 3929 764 3984; x_wconf 90' lang='lat' dir='ltr'>toto</span> <span class='ocrx_word' id='word_1_261' title='bbox 779 3921 894 3985; x_wconf 87' lang='lat' dir='ltr'>damno</span> <span class='ocrx_word' id='word_1_262' title='bbox 908 3943 966 3985; x_wconf 84' lang='lat' dir='ltr'>sun</span> <span class='ocrx_word' id='word_1_263' title='bbox 981 3922 1011 3984; x_wconf 90' lang='lat' dir='ltr'>ei</span> <span class='ocrx_word' id='word_1_264' title='bbox 1026 3923 1187 4003; x_wconf 80' lang='lat' dir='ltr'>persolue-</span> 
     </span>
     <span class='ocr_line' id='line_1_34' title="bbox 164 4030 1186 4114; baseline 0.004 -22"><span class='ocrx_word' id='word_1_265' title='bbox 164 4038 251 4104; x_wconf 88' lang='lat' dir='ltr'>ront,</span> <span class='ocrx_word' id='word_1_266' title='bbox 271 4030 420 4093; x_wconf 85' lang='lat' dir='ltr'>nominati</span> <span class='ocrx_word' id='word_1_267' title='bbox 441 4050 568 4113; x_wconf 86' lang='lat' dir='ltr'>quoque</span> <span class='ocrx_word' id='word_1_268' title='bbox 589 4034 653 4095; x_wconf 92' lang='lat' dir='ltr'>duo</span> <span class='ocrx_word' id='word_1_269' title='bbox 674 4031 880 4114; x_wconf 79' lang='lat' dir='ltr'>ioubagioner</span> <span class='ocrx_word' id='word_1_270' title='bbox 894 4052 1053 4105; x_wconf 78' lang='lat' dir='ltr'>carcerem</span> <span class='ocrx_word' id='word_1_271' title='bbox 1070 4034 1186 4103; x_wconf 74' lang='lat' dir='ltr'>intrm</span> 
     </span>
     <span class='ocr_line' id='line_1_35' title="bbox 165 4140 1050 4229; baseline 0.002 -22"><span class='ocrx_word' id='word_1_272' title='bbox 165 4147 356 4217; x_wconf 69' lang='lat' dir='ltr'>mactentur,</span> <span class='ocrx_word' id='word_1_273' title='bbox 377 4140 421 4205; x_wconf 85' lang='lat' dir='ltr'>ibi</span> <span class='ocrx_word' id='word_1_274' title='bbox 433 4142 641 4229; x_wconf 78' lang='lat' dir='ltr'>qrtoadutque</span> <span class='ocrx_word' id='word_1_275' title='bbox 659 4141 755 4209; x_wconf 86' lang='lat' dir='ltr'>uellet</span> <span class='ocrx_word' id='word_1_276' title='bbox 766 4163 872 4211; x_wconf 78' lang='lat' dir='ltr'>comes</span> <span class='ocrx_word' id='word_1_277' title='bbox 884 4145 1050 4225; x_wconf 71' lang='lat' dir='ltr'>moraturi.⁸</span> 
     </span>
    </p>
   </div>
   <div class='ocr_carea' id='block_1_4' title="bbox 0 0 1420 4764">
    <p class='ocr_par' dir='ltr' id='par_1_5' title="bbox 0 0 1420 4764">
     <span class='ocr_line' id='line_1_36' title="bbox 0 0 1420 4764; baseline 0 0"><span class='ocrx_word' id='word_1_278' title='bbox 0 0 1420 4764; x_wconf 95' lang='lat' dir='ltr'> </span> 
     </span>
    </p>
   </div>
  </div>
 </body>
</html>
