2798 4764
212 338 275 407 ibt
374 360 464 407 ason
485 360 527 407 nu
546 356 638 409 susis
661 360 867 409 oosorrrosss
889 362 1076 409 maurosus

210 520 321 597 utpote
340 512 476 597 regim,
497 532 569 576 oum
589 513 676 576 omni
698 513 805 577 debito
825 523 857 577 et
877 515 1015 589 honore,
1036 515 1116 577 siout
1130 515 1240 591 decet,

205 640 284 687 -aum
298 621 373 685 iiius
388 625 624 698 accesserimus,
646 642 717 688 oum
731 624 796 688 suis
811 624 933 688 deiioiis
946 624 1157 688 honorabunt.

294 732 343 816 (t)
364 735 512 800 Pretereo
527 735 691 799 statuimus
706 745 739 799 ut
752 736 848 798 iidem
862 735 1007 797 honines
1024 754 1094 797 eum
1106 744 1241 817 quatuor

211 845 360 909 militibus
385 845 523 910 loricatis
548 847 630 910 bene
658 847 833 930 preparatis
864 865 902 909 aa
932 847 1083 909 decenter
1103 849 1241 923 armatis,

212 976 284 1021 oum
305 957 434 1020 totidem
453 958 542 1041 equis
563 958 639 1020 satis
656 956 798 1020 honestis
820 966 852 1019 at
873 959 1040 1039 coopertis,
1061 978 1097 1019 ac
1115 959 1239 1022 duobus

212 1066 354 1131 tentoriis
378 1067 439 1130 sub
465 1075 575 1131 nostro
598 1067 715 1131 uexillo
740 1067 873 1130 militare
897 1075 1079 1141 teneantur,
1116 1078 1239 1131 etcum

211 1178 327 1242 nostris
341 1178 490 1241 militibus
504 1198 568 1241 noo
582 1180 616 1241 in
629 1177 779 1243 societate
793 1224 802 1241 .
817 1223 825 1240 .
840 1223 870 1241 ..
891 1179 1046 1242 baronum
1059 1188 1239 1243 nostrornm

212 1288 406 1353 auoendne
419 1298 595 1353 teneantur.
646 1316 649 1327 ·

295 1398 340 1483 (5)
362 1403 490 1465 Terram
509 1410 629 1476 sutem,
650 1422 744 1484 quam
759 1422 799 1464 ax
813 1401 989 1465 donacioue
1004 1411 1240 1466 antecessorum

212 1520 393 1579 nostrornm
408 1512 632 1596 possederunt,
646 1514 705 1577 sub
718 1513 837 1577 eisdem
853 1512 945 1576 metis
958 1523 990 1576 et
1003 1513 1154 1588 terminis,
1169 1516 1240 1597 qui·

212 1622 272 1689 bus
291 1624 351 1687 sub
364 1624 494 1706 antiquo
508 1631 694 1697 tenuerunt,
715 1643 793 1706 paee
808 1634 961 1706 perpetua
977 1625 1096 1688 eisdem
1112 1626 1240 1707 reliqui-

212 1752 283 1796 mus
302 1733 544 1816 possidendam,
565 1752 625 1798 neo
645 1734 747 1798 eciam
765 1736 805 1798 de
827 1736 913 1809 uiuo,
934 1737 1020 1819 quod
1042 1736 1083 1799 de
1106 1737 1240 1816 propriis

212 1842 315 1909 uineis
329 1864 439 1908 eorum
460 1844 540 1908 inira
562 1853 660 1908 motas
679 1852 763 1909 terre
784 1864 894 1908 sonim
916 1847 1007 1910 ouitis
1019 1847 1116 1910 fuerit
1130 1847 1240 1910 uinde-

213 1952 359 2029 niatum,
380 1953 497 2018 tributa
512 1952 703 2037 persoluant

92 2110 95 2115 -
294 2068 407 2130 Datum
421 2066 455 2130 in
468 2067 545 2130 uilia
557 2068 715 2130 Saxonum
731 2069 772 2131 de
786 2068 905 2142 Erisud,
925 2090 1008 2132 anno
1023 2070 1178 2133 dominice
1192 2069 1241 2131 in-

212 2176 406 2243 umsoionis
431 2175 599 2240 millesimo
620 2177 838 2241 ducentesimo
859 2178 1018 2260 trigesimo
1040 2188 1165 2243 octauo.
1190 2200 1240 2243 se-

211 2288 316 2353 eundo
329 2288 400 2351 idus
414 2287 586 2351 Februarii.
613 2288 702 2371 regni
717 2297 822 2352 autem
837 2291 936 2352 nostri
951 2308 1034 2353 anno
1049 2292 1156 2355 tercio.

556 2718 671 2801 stin
694 2718 749 2802 lv.
771 2719 892 2801 ustis

292 2878 623 2943 conmmouns
641 2879 949 2943 Porunultum
971 2878 1152 2942 casum

563 2990 879 3054 uuumnusss.

650 3129 800 3194 MCCXL.

475 3269 498 3322 lt
514 3273 658 3321 trsasunsto
675 3269 764 3323 ceroti
781 3270 803 3323 i.
821 3284 887 3321 sono
906 3269 977 3322 13Ιᾶ

292 3513 368 3578 Boia
384 3515 435 3578 dei
450 3517 554 3599 grauia
568 3514 746 3597 Hungsrie,
767 3513 942 3587 Daimaaie,
964 3513 1108 3586 Croaoie,
1130 3514 1236 3581 Rome,

210 3625 337 3697 Seruis,
365 3624 510 3700 Gallicis,
535 3626 725 3689 Lodomerie
748 3625 962 3708 Cumanieque
987 3645 1052 3687 rex.
1085 3624 1237 3686 Omnibus

210 3732 324 3798 Christi
343 3734 488 3799 fidelibus
513 3744 692 3818 presentem
712 3736 858 3819 paginam
878 3737 1082 3819 inspecturis,
1104 3735 1236 3799 salutem

209 3844 243 3908 iu
256 3844 384 3908 domino
399 3846 470 3908 iesu
487 3846 620 3910 Christo.

291 3956 340 4019 sd
354 3957 575 4020 uniuersorum
597 3959 746 4022 noticiam
765 3958 879 4022 burum
898 3958 981 4022 serie
1002 3958 1148 4022 uolumus
1166 3979 1238 4040 per-

209 4068 338 4143 uenire,
358 4069 444 4151 quod
465 4079 537 4152 post
556 4070 706 4152 adeptum
726 4071 787 4133 deo
807 4069 950 4153 propicio
973 4071 1061 4154 regni
1083 4071 1237 4151 regimen,

209 4180 356 4249 dientes
368 4180 400 4253 iu
410 4181 572 4267 obsequiis
582 4181 789 4247 castrensium
801 4179 1005 4258 interuenire,
1017 4179 1239 4245 confusionem
