2798 4764
520 957 675 1032 BELAE
702 956 768 1033 tv.
797 953 956 1033 REGIS

235 1182 238 1187 ,
279 1114 515 1200 rttvtttett
539 1113 851 1199 lblllllll’ldlllll'l
879 1112 1204 1198 Slllllllllllllldld.

641 1261 832 1324 Mdctxtn.

563 1418 585 1469 Ε
603 1421 744 1469 transamto
761 1417 821 1469 enni
840 1417 911 1470 13³5.

307 1694 382 1757 Bela
395 1694 447 1756 dei
461 1696 566 1776 pacis
579 1692 758 1774 Euagrus,
778 1691 956 1764 Dalmacie,
978 1691 1123 1764 Croacie,
1144 1693 1253 1766 ttame,

224 1806 353 1880 Seruis,
379 1804 523 1879 Gallicis,
551 1803 741 1866 Lodomerie
766 1802 980 1884 Cumauieque
1004 1821 1076 1876 rex,
1107 1803 1252 1866 omnibus

221 1918 339 2002 qulbus
360 1923 522 1999 presentes
542 1915 701 1997 patuerint
718 1914 851 1978 sulutem
870 1915 903 1976 in
924 1915 1063 1976 omnium
1084 1912 1252 1977 saluatore.

235 2050 239 2057 ·
308 2029 416 2092 Omnis
429 2027 504 2091 lidei
519 2025 671 2090 catholice
686 2026 796 2099 cultor,
810 2025 863 2108 qui
876 2026 1034 2089 Christum
1050 2047 1108 2107 pro
1121 2026 1251 2088 humani

224 2139 350 2222 generis
368 2138 587 2220 redemptione
607 2156 750 2220 passum,
771 2136 804 2198 in
819 2136 1013 2199 exaltacione
1030 2157 1087 2199 sue
1102 2136 1253 2208 ecclesie,

121 2324 123 2329 .
223 2270 318 2335 qnam
337 2250 489 2334 sanguine
503 2246 633 2332 proprio
650 2248 795 2311 fundauit
816 2257 847 2311 et
867 2248 1029 2322 stabitinit‚
1051 2268 1109 2330 pro
1128 2268 1253 2312 recom-

224 2363 416 2446 pensacione
430 2360 599 2442 transitory
613 2360 733 2441 recepit
747 2359 778 2420 in
793 2359 958 2433 heredem,
976 2361 1154 2422 mercedem
1169 2361 1253 2423 acci-

223 2473 289 2557 piet
298 2482 439 2536 eternam
450 2472 482 2534 in
494 2471 597 2555 patria
606 2471 810 2553 sempiterna.
833 2470 966 2552 proinde
979 2472 1018 2533 ad
1031 2471 1251 2534 uniuersorum

224 2592 288 2647 tem
316 2583 514 2664 presencium
541 2602 635 2663 quem
661 2581 838 2644 futurorum
861 2582 974 2644 barum
1001 2582 1083 2645 serie
1108 2581 1251 2645 uolumus

224 2695 408 2776 peruenire,
434 2694 518 2774 qnod
534 2694 608 2755 licet
622 2693 705 2755 eninr
720 2693 852 2756 ecclesie
867 2692 1088 2774 strigoniensis
1104 2695 1251 2757 sonneiis

222 2803 338 2866 nostris
353 2803 490 2884 regibus,
509 2803 787 2883 predecessoribus
807 2804 922 2866 nostris
941 2804 1083 2886 pluribus
1102 2805 1253 2867 libertati-

223 2914 299 2988 bus,
321 2912 591 2994 exemptionibus,
613 2914 759 2976 dominiis
780 2922 813 2976 et
833 2914 1087 2996 possessionariis
1103 2917 1252 2978 donacio-

223 3024 317 3089 nibus
333 3044 367 3087 ac
382 3023 606 3086 munificenciis
623 3023 822 3106 amplissimis
842 3044 859 3087 a
876 3026 973 3108 prima
988 3046 1045 3088 sua
1059 3027 1249 3090 fundacione

223 3137 401 3219 incipiendo
427 3136 467 3198 sit
489 3143 641 3217 perpetuo
666 3136 814 3199 decorata
837 3144 869 3199 et
894 3137 1104 3219 priuilegiata,
1132 3158 1169 3201 nc
1193 3158 1251 3219 per

224 3257 362 3313 sanctam
388 3249 496 3311 sedem
521 3247 722 3329 apostolicam
748 3248 946 3323 confirmata,
975 3251 1193 3331 usquemodo
1217 3251 1248 3313 in

225 3361 346 3426 eisdem
363 3360 568 3434 libertatibus,
589 3359 744 3433 dominiis,
765 3357 1010 3434 eremcionibus,
1032 3361 1251 3423 decimacioni-

225 3472 295 3545 bus,
315 3474 503 3535 urburarum
517 3470 584 3533 auri
599 3479 631 3533 et
644 3471 764 3553 argenti
778 3490 815 3533 ac
829 3492 1021 3534 camerarum
1038 3481 1179 3535 monetas
1196 3495 1251 3535 cu-

224 3581 387 3653 dendum,
415 3601 451 3643 ac
473 3583 631 3664 pecudum
652 3589 683 3644 et
704 3602 854 3662 pecorum
876 3585 915 3645 ab
931 3582 1056 3646 Olaobis
1078 3593 1109 3646 et
1127 3585 1251 3658 Siculis,

224 3710 296 3753 oum
308 3693 497 3773 proprietate
507 3702 538 3755 et
548 3692 747 3773 possessione
756 3694 927 3757 earundem
936 3695 977 3757 sit
987 3705 1083 3757 usaet
1092 3696 1174 3758 freta
1181 3697 1250 3758 sine

226 3800 448 3874 diminucione,
461 3801 536 3882 quia
549 3801 700 3866 tamenin
715 3803 864 3884 dispersis
880 3803 1049 3885 priuilegiis
1065 3815 1096 3868 et
1111 3805 1251 3889 pluribus

223 3909 324 3975 literis
338 3910 495 3991 regalibus
510 3911 714 3992 plurimorum
728 3933 841 3996 regum
855 3920 1031 3975 nostrorum
1045 3916 1253 3995 predecesso-

225 4041 296 4088 rum
307 4029 484 4084 sanctorum
497 4022 742 4104 progenitorum,
750 4043 860 4088 omnes
868 4024 1026 4088 libertates
1038 4033 1070 4088 et
1078 4026 1253 4108 exemptio-

226 4152 300 4212 nes,
330 4131 520 4198 donaciones
539 4141 570 4198 et
584 4133 814 4201 decimaciones
828 4135 861 4200 in
875 4142 941 4201 toto
957 4144 989 4203 et
1002 4135 1034 4201 in
1049 4135 1186 4222 qualibet
1200 4136 1251 4205 sui
