2798 4764
171 352 261 405 'ssu
274 356 583 405 armunensem
596 358 702 406 crum
715 357 992 407 monem:
1007 341 1098 410 Μ
1137 331 1200 408 ow

254 509 299 592 (6)
321 513 398 576 item
410 513 490 576 ultra
501 514 694 578 uoluntatem
706 535 817 578 eorum
829 535 886 596 per
896 515 1041 581 comitem
1056 515 1097 579 ad
1108 536 1200 581 exer·

173 623 267 687 citum
288 623 335 685 ire
356 643 420 685 nou
442 634 604 708 cogantur,
626 626 684 688 nisi
704 626 736 688 iu
751 627 891 689 exercitu
911 625 996 706 regie
1010 627 1068 689 sub
1082 625 1198 691 essum

173 756 243 810 suo,
265 734 315 798 uel
330 755 370 798 ex
384 737 530 799 mandato
545 738 612 800 eius
627 736 766 820 speciali.

255 845 304 926 (7)
327 849 402 910 item
423 846 544 909 uillicus
567 868 675 910 eorum
697 849 729 910 in
751 848 875 909 minutis
893 848 994 909 causis
1016 847 1102 929 ipsos
1117 848 1200 912 indis

173 958 270 1030 cubit,
292 965 324 1020 et
345 958 473 1020 terciam
495 967 616 1040 purtem
637 958 823 1021 iudiciorum
844 958 903 1020 sibi
918 957 1071 1030 seruabit,
1092 966 1124 1022 et
1137 958 1198 1024 sti·

172 1069 234 1132 due
249 1077 354 1149 portes
369 1070 473 1132 comiti
488 1090 597 1133 eorum
612 1068 832 1132 remanebunt:

254 1180 299 1262 (8)
321 1183 399 1244 item
414 1182 520 1244 comiti
534 1183 574 1244 de
588 1181 745 1263 Szeguszd
767 1180 865 1244 semel
887 1181 919 1244 in
934 1199 1017 1244 auno
1031 1180 1197 1263 prandium

173 1303 205 1357 et
227 1313 338 1356 cenem
359 1303 506 1356 tenentur
524 1293 761 1367 administrare,
781 1303 876 1374 prout
894 1293 947 1356 alii
967 1293 1109 1357 eiusdem
1121 1313 1198 1359 ωι-

172 1405 305 1469 dicionis
318 1406 544 1471 administrant.

253 1515 299 1596 (9)
322 1518 399 1580 ltem
419 1537 477 1600 pro
499 1517 637 1581 nouitate
658 1517 780 1580 comitis
798 1525 944 1581 tenentur
958 1518 1032 1582 dure
1048 1517 1127 1581 duos
1141 1517 1198 1583 tle·

172 1626 277 1690 nurios
290 1628 330 1690 de
344 1627 474 1710 singulis
490 1628 703 1692 mansionibus
717 1629 888 1691 annuatim.

254 1737 319 1819 (10)
341 1738 418 1802 ltem
439 1739 536 1802 semel
558 1741 591 1803 in
610 1760 693 1802 anno
715 1740 782 1821 regi
799 1759 931 1803 munera
949 1740 1026 1802 dare
1041 1747 1197 1816 tenentur,

172 1859 204 1914 et
226 1849 391 1933 pabulum,
412 1851 499 1934 quod
520 1851 616 1934 uulgo
631 1851 897 1925 diuturnorum),
917 1853 957 1914 od
973 1850 1103 1916 Clieium
1124 1872 1198 1937 pora

171 1969 238 2025 tore
251 1982 309 2025 suo
324 1962 419 2024 modo
434 1962 670 2044 compellantur.

254 2071 318 2155 (11)
340 2075 417 2138 ltem
439 2094 495 2156 pro
515 2074 733 2156 purificaeioue
754 2074 939 2138 sacramenti
958 2074 1037 2138 unos
1051 2075 1197 2140 denarios

170 2187 295 2251 soluere
310 2186 509 2251 tenebuntur.

251 2299 288 2362 Ut
305 2298 399 2382 igitur
411 2298 472 2362 hec
492 2307 598 2362 nostra
618 2298 778 2362 ordinacio
799 2308 951 2381 perpetue
971 2296 1125 2362 firmitatis
1143 2318 1196 2365 ro»

168 2409 228 2474 laur
241 2411 395 2485 obtineat,
415 2430 476 2474 neo
493 2411 591 2492 possit
605 2411 637 2473 in
652 2419 813 2492 posterum
836 2431 894 2493 per
908 2408 1045 2492 aliquem
1064 2410 1197 2487 irritari,

169 2529 331 2603 presentes
351 2522 458 2586 literas
479 2521 599 2586 eisdem
624 2521 797 2604 hospitibus
818 2521 1044 2596 concessimus,
1061 2522 1196 2604 duplicis

168 2630 260 2714 sigilli
282 2634 379 2697 nostri
400 2633 571 2696 munimine
594 2633 775 2714 perenniter
797 2633 970 2698 roboratas.
991 2634 1196 2699 detumannn

168 2744 286 2808 domini
308 2745 502 2811 MCGLle.
519 2745 554 2806 V.
575 2745 645 2808 idus
666 2745 751 2827 Sept.
764 2746 856 2828 regni
876 2747 1096 2810 autemnostu‘
1111 2765 1195 2821 anuo

168 2857 308 2920 xxvul.

513 3236 628 3321 ullu
647 3237 702 3323 lv.
727 3237 849 3322 uluis

207 3416 474 3495 LlBERTAS
496 3419 685 3495 cwruu
707 3414 1152 3492 zuuuuuuuusluu.
1185 3454 1198 3473 ν

583 3572 774 3636 MCCLXVI.

520 3715 557 3767 ux
573 3712 720 3781 spogrnplto
739 3727 833 3764 convo.

246 3989 322 4055 Belo
337 3991 389 4055 tlei
403 3990 509 4075 precia
523 3988 701 4072 ilungarie,
722 3987 898 4062 Delmacie,
918 3987 1064 4063 Croucie,
1085 3989 1193 4063 usne,

163 4103 290 4177 Seruio,
317 4102 463 4178 Gallioie,
488 4100 678 4166 Lodomerie
700 4099 916 4183 Cumanieque
947 4121 1019 4173 rex,
1047 4101 1194 4164 omnibns

165 4215 279 4280 Christi
300 4213 459 4290 fidelihus,
477 4210 678 4298 ntuentium
696 4218 730 4274 et
747 4211 870 4286 luturis,
890 4211 1024 4276 sulutem
1036 4210 1070 4273 in
1083 4209 1199 4275 suun·
