2798 4764
339 358 459 405 srsrosrs
478 357 519 405 ns
541 359 622 405 ιω
643 356 744 404 ossas
764 356 974 406 suscssorms
992 337 1057 424 to).
1150 338 1208 408 sat

182 512 348 577 seruicium
365 511 514 575 exhibere
527 511 698 575 uideretur.
720 513 788 593 ipse
803 532 880 574 nero
895 513 1010 576 auxilio
1025 512 1118 577 simili
1129 532 1210 596 quo-

181 644 316 707 cumque
338 644 445 707 arege
460 624 619 707 Hunqarie
640 625 723 688 foret
742 627 927 707 requisitus,
949 627 1079 690 deberet
1094 629 1210 691 subue-¹

181 736 259 799 nire.
281 736 355 818 quia
368 754 447 798 uero
457 736 620 799 Ladislaus
634 736 856 818 Hungarornm
872 756 927 799 rer
942 736 974 798 in
988 737 1084 800 corde
1099 746 1130 801 et
1144 739 1211 800 ani·

181 868 234 911 mo
254 847 432 909 occultabat
446 846 571 910 Otacari
594 848 860 929 presumptionem
881 849 1081 911 temerariam
1100 858 1209 913 contra

183 969 301 1042 patrem
320 969 351 1022 et
366 960 467 1040 ipsum
484 967 713 1040 attemptatam,
736 979 775 1022 eo
790 961 875 1042 quod
890 968 981 1024 tener
994 968 1079 1024 esset
1091 962 1209 1025 uiribus

183 1072 324 1154 corporis
346 1079 377 1134 et
397 1079 478 1134 etate
500 1071 647 1154 peticioni
667 1073 816 1156 principis
830 1074 1015 1138 Alamannis
1034 1073 1211 1138 satisfactu-

181 1205 250 1248 rum
265 1204 299 1246 se
314 1183 477 1266 disposuit.

263 1295 418 1377 Egressus
438 1314 514 1377 ergo
536 1294 576 1357 de
590 1294 718 1358 Albensi
740 1294 866 1359 ciuitate
886 1296 975 1360 uelut
987 1296 1097 1361 Martis
1117 1297 1211 1373 lilius,

183 1408 271 1470 cuius
296 1408 423 1490 quidem
450 1406 651 1470 constellacio
674 1408 871 1490 conceptioni
902 1409 1116 1492 natiuitatique
1141 1410 1209 1473 eins

184 1520 235 1582 die
250 1520 281 1582 in
295 1519 443 1592 audacis,
464 1528 496 1582 et
510 1521 623 1583 ceteris
639 1521 805 1583 uirtutibus
820 1520 1012 1585 naturalibus
1036 1523 1099 1585 nim
1115 1531 1147 1585 et
1160 1525 1209 1586 in·

183 1641 377 1695 crementum
392 1632 618 1706 subministrat,
639 1633 670 1694 in
687 1633 801 1696 uirtute
820 1634 958 1696 altissimi
974 1643 1004 1697 et
1019 1654 1208 1717 proauorum

183 1764 327 1816 suorum,
348 1744 467 1806 scilicet
489 1744 519 1806 S.
536 1743 700 1824 Stephani,
725 1746 860 1807 Emerioi
882 1754 976 1828 atque
997 1746 1134 1809 Ladislai
1156 1768 1208 1810 re·
1321 1768 1324 1772 ’

183 1877 257 1940 qum
271 1875 308 1918 ac
322 1865 501 1919 sauctorum
517 1857 631 1918 uotiuis
650 1876 835 1939 presumens
857 1858 1082 1941 confidensque
1097 1861 1208 1924 sutfra-

182 1969 251 2050 piis,
272 1976 377 2031 erecto
391 1968 523 2031 banerio
537 1969 622 2050 regie
637 1969 806 2031 maiestatis
821 1969 1020 2051 lindolpbum
1035 1971 1067 2032 in
1078 1971 1207 2034 Matheo

182 2079 344 2143 coniunxit
360 2099 433 2141 cunr
456 2081 607 2153 exercitu,
629 2081 682 2162 qui
704 2080 800 2161 ipsius
822 2083 992 2144 aduentum
1013 2090 1044 2144 et
1059 2083 1209 2146 auxilium

181 2192 261 2254 sicut
281 2190 332 2253 dei
353 2191 529 2272 exoptabat.
559 2191 777 2274 sedquoniam
793 2191 1044 2273 genslludolphi
1066 2193 1097 2253 in
1120 2201 1208 2256 motu

181 2302 286 2383 grauis
307 2312 374 2364 erut
395 2310 524 2383 propter
545 2320 631 2365 arma
652 2303 813 2383 grauiora,
835 2303 989 2384 nimisque
1011 2303 1154 2364 timorata
1168 2303 1208 2366 ad

180 2414 391 2477 resistendum
413 2422 476 2476 tam
496 2414 602 2476 ualide
624 2415 829 2486 multitudini,
859 2423 893 2476 ut
913 2415 1064 2476 Otacarus
1090 2414 1209 2476 condu-

180 2546 254 2589 cere
268 2526 438 2600 serebatnr,
460 2547 515 2608 pro
531 2546 570 2588 eo
586 2527 740 2588 contraire
756 2536 787 2589 et
802 2526 922 2588 moueri
933 2525 1109 2591 dubitabat.
1146 2526 1209 2590 hoc

180 2647 285 2699 sutem
300 2638 445 2700 Ledislao
466 2657 540 2719 rege
562 2638 631 2699 uiso
646 2645 677 2699 et
691 2646 841 2719 percepto
856 2638 993 2699 Otaearo
1013 2638 1052 2699 ad
1074 2637 1207 2719 prelium

179 2750 378 2832 properanti,
400 2769 436 2812 ac
450 2757 560 2831 parato
574 2750 658 2811 circa
673 2759 809 2812 castrum
824 2749 942 2826 Sulirid
964 2768 1062 2831 prope
1076 2749 1208 2813 duuium

179 2861 319 2924 blorosre
341 2861 588 2943 adpropinquat,
609 2861 791 2924 Boemicum
812 2861 985 2924 exercitum
1000 2860 1208 2925 conuallando

180 2973 435 3056 circumquaque.
453 2992 587 3054 quornm
602 2973 731 3055 quidem
745 2992 854 3056 equos,
866 2981 898 3035 et
908 2972 1006 3034 eciam
1023 2975 1208 3054 semetipsos

179 3085 300 3168 sagittis
314 3084 454 3166 Hungari
476 3092 508 3147 et
522 3084 652 3146 Comani
672 3085 753 3166 regis
775 3086 820 3146 sic
839 3084 987 3146 infestant
1001 3083 1209 3157 uulnernndo,

180 3199 265 3280 quod
290 3197 378 3258 blitot
402 3195 510 3259 militie
535 3215 591 3259 sue
617 3197 772 3278 princeps,
802 3196 834 3258 in
856 3217 920 3278 quo
942 3195 1032 3278 copie
1053 3196 1208 3260 exercitus

179 3307 346 3389 presertim
369 3307 559 3380 confidebat,
594 3308 749 3370 sustinere
770 3328 834 3369 non
857 3307 966 3371 ualens
987 3307 1209 3389 Hungsiorum

181 3417 332 3498 impetum
347 3437 384 3481 ac
397 3419 543 3499 sagittas,
565 3437 636 3479 cum
650 3418 713 3480 suis
728 3417 834 3499 iugem
854 3418 956 3490 dedit,
978 3425 1010 3478 et
1024 3425 1093 3498 post
1107 3415 1209 3497 ipsum

183 3529 292 3592 Potoni
313 3530 516 3605 conducticii,
545 3530 696 3592 dissoluto
718 3530 858 3591 exercitu
880 3528 1025 3610 sugerent
1044 3546 1116 3590 cum
1131 3527 1210 3590 Boc·

183 3641 257 3716 nis,
288 3641 432 3705 Comanis
458 3662 538 3705 uero
561 3641 642 3704 inter
663 3643 722 3704 ists
748 3640 861 3722 prelia,
888 3639 1008 3702 honera
1030 3648 1061 3702 et
1085 3639 1210 3704 arnesis

181 3754 370 3817 boemorum
381 3757 476 3837 regis,
487 3754 599 3835 suique
611 3753 767 3817 exercitus
778 3750 1010 3814 sustollentibus
1019 3750 1210 3832 dissipando.

183 3864 215 3927 in
235 3866 296 3928 isto
317 3865 412 3946 igitur
433 3866 533 3949 prelio
554 3885 611 3928 rex
625 3866 779 3928 Otacarus
802 3865 944 3947 dispersa
965 3872 1070 3926 mente
1086 3871 1117 3926 et
1134 3881 1210 3925 con-

183 3977 253 4040 run
266 3978 414 4059 negando
428 3978 461 4039 in
475 3978 615 4042 exercitu
629 3985 737 4059 eaptus
752 3976 915 4040 occiditur.
938 3975 1033 4039 Filius
1047 3995 1128 4040 uero
1142 3973 1210 4038 eius

183 4089 252 4152 Ilnx
266 4088 414 4153 Nicolaus
428 4091 459 4153 in
474 4090 665 4173 Hunqarism
682 4090 847 4153 deducitur
860 4090 1044 4172 captlustus,
1058 4108 1127 4150 curn
1143 4086 1211 4148 aliis

184 4202 316 4288 captiuis
335 4203 517 4281 baronibus,
546 4203 726 4282 comitibus,
756 4211 789 4268 et
808 4201 956 4270 militibus
976 4200 1045 4266 sins
1067 4212 1210 4264 rsursscro·¹
1234 4238 1237 4242 <
