2798 4764
175 355 238 419 '188
495 371 678 419 namon
706 371 753 418 na·
768 370 882 417 rana.

176 526 317 590 Marcam
338 526 493 590 miserunt
511 525 700 589 Uaradinrrm
726 525 766 587 ad
787 542 919 586 examen
938 521 1018 585 terri
1039 520 1236 596 madentis,

177 638 232 701 ubi
252 638 429 701 nominatus
449 639 559 700 Petrus
588 645 709 719 portato
732 636 817 698 forro
844 653 902 717 pro
923 653 957 697 se
980 641 1015 696 et
1035 632 1149 697 fratre
1169 652 1235 697 suo

177 748 362 814 iustificatos
381 758 438 813 est.

261 856 348 940 (357)
377 858 453 922 Cum
477 859 668 923 hereditaria
690 859 798 940 porcio
820 857 938 922 Niooiai
960 857 1017 920 filii
1041 857 1165 920 Endos
1188 858 1233 921 de

180 975 262 1033 terra
275 969 429 1032 Boroziou
452 971 483 1031 in
502 971 552 1032 ius
566 971 650 1032 Petri
672 969 727 1032 liiii
742 971 826 1033 Petri
849 969 960 1032 ordine
981 968 1129 1031 iudiciali
1157 989 1233 1033 ees·

180 1078 288 1154 sisset,
308 1079 393 1143 idem
408 1081 518 1143 Petrus
542 1082 689 1154 astruxit,
710 1081 795 1164 quod
816 1081 1056 1162 prenominatus
1073 1079 1231 1144 Nicotaus

180 1192 213 1254 in
231 1200 317 1254 terra
338 1192 449 1255 eadem
470 1200 591 1273 partem
614 1194 791 1274 empticium
812 1193 943 1255 haberet
964 1199 1077 1274 proter
1092 1192 1231 1256 heredi·

181 1303 302 1367 tariam.
338 1303 424 1385 quod
449 1323 519 1366 oum
542 1304 714 1366 coheredes
736 1304 876 1366 eiusdem
900 1300 1036 1373 Nicolai‚
1067 1302 1230 1367 uidelicet

184 1413 327 1496 Cepanus
345 1435 462 1490 eomes,
483 1417 603 1490 Petrus,
625 1416 756 1478 ioannes
779 1425 810 1478 et
825 1415 938 1476 Paulus
960 1423 1141 1496 negarent,
1165 1416 1229 1479 La·

183 1525 299 1589 dialana
315 1545 422 1589 comes
434 1528 540 1609 posuit
552 1547 648 1608 super
661 1527 868 1589 iuramentum
883 1525 1060 1587 eorundem
1074 1525 1229 1588 condini-

183 1655 307 1712 sorum,
326 1646 358 1701 et
372 1639 445 1702 dato
461 1633 610 1719 pristaldo
625 1639 752 1700 nomine
765 1638 869 1700 Becha
883 1636 947 1698 tilio
963 1638 1048 1699 Petri
1063 1637 1157 1699 misit
1171 1656 1228 1701 ens

184 1748 391 1821 Uaradinum,
422 1749 475 1809 ubi
499 1768 570 1810 cnm
595 1750 698 1811 iurare
726 1749 859 1812 iniissent
883 1748 998 1828 parati,
1029 1759 1228 1829 procurator

184 1858 269 1920 Petri
289 1860 414 1920 nomine
435 1858 546 1923 Habeo
565 1860 720 1921 iusticiam
742 1861 996 1924 odirerssriorum
1022 1860 1153 1923 domini
1178 1861 1229 1924 sni

81 1987 84 1992 ·
184 1986 427 2050 recognoscens,
437 1988 501 2033 non
511 1969 667 2033 adiurnuit
677 1989 745 2044 eos,
756 1971 915 2035 dimittens
930 1971 977 2032 eis
991 1979 1116 2033 terram
1128 1992 1229 2054 qum

186 2078 525 2144 dominuaeinsPetrns
536 2100 593 2162 pro
605 2081 750 2163 emptieia
761 2090 849 2164 parte
865 2081 1062 2163 requisierat,
1068 2084 1231 2146 conuenit

187 2191 287 2255 eniam
307 2192 358 2255 ille
373 2192 486 2255 Huhuo
505 2194 599 2256 indici
618 2194 798 2256 satisfacere
821 2193 852 2255 in
868 2189 944 2266 toto,
965 2192 1124 2274 pristaldo
1146 2212 1230 2257 nero

185 2303 219 2366 in
234 2312 332 2385 parte.
354 2313 499 2387 preterea
513 2303 712 2387 supradictos
725 2306 832 2366 Petrus
846 2303 1013 2385 roquisirtit
1025 2304 1111 2366 duas
1123 2305 1231 2379 uillas,

185 2415 460 2490 annonantur,
476 2422 508 2478 et
521 2415 677 2488 Feiretha,
689 2435 746 2496 pro
761 2425 846 2478 terra
857 2412 974 2476 Nicolai
989 2433 1030 2477 ex
1041 2415 1230 2479 domnione

187 2527 271 2609 regis
285 2525 365 2608 patri
380 2546 438 2589 sno
452 2527 542 2588 Endo
558 2526 686 2600 coliata,
708 2526 756 2586 oui
772 2545 843 2588 oum
859 2519 1067 2606 prenominati
1082 2539 1233 2608 quatuor

186 2637 331 2700 homines
354 2639 622 2710 contradicerent,
644 2646 821 2700 asserentes
845 2658 896 2699 eas
919 2639 977 2719 ipsi
990 2638 1131 2701 Nicotao
1153 2661 1231 2703 curn

189 2748 264 2829 ipsis
286 2768 356 2812 esse
377 2749 594 2823 hereditarias,
616 2759 647 2811 ot
661 2750 721 2811 hoc
737 2749 915 2812 testimonio
936 2749 1107 2811 multorum
1124 2752 1233 2814 bono·

188 2874 258 2916 rum
282 2856 442 2918 hominum
467 2859 739 2938 comprobassent,
771 2861 930 2941 prediatus
954 2861 1049 2921 index
1075 2863 1231 2941 petiam

191 2965 308 3028 dictum
329 2966 512 3047 pristaldnrn
535 2970 618 3031 misit
639 2990 693 3030 ons
717 2970 904 3032 Uaratlinnm
927 2971 967 3032 ad
989 2990 1127 3033 examen
1150 2972 1231 3035 ferri

191 3077 369 3141 candentis:
392 3079 444 3140 ubi
459 3079 554 3142 homo
569 3081 710 3163 ipsorum
726 3091 848 3162 portato
864 3082 946 3143 ferro
962 3081 1152 3144 iustificatos
1168 3093 1233 3147 eat.

274 3188 363 3271 (358)
384 3193 458 3274 Meg
472 3194 512 3254 do
527 3192 601 3256 uilia
613 3194 694 3254 Poca
709 3215 779 3255 curn
795 3194 863 3256 aiiis
873 3193 1119 3275 ioubagionibus
1132 3197 1232 3259 castri

192 3301 275 3375 Cios,
290 3302 409 3366 scilicet
422 3304 527 3367 Erden
542 3303 683 3385 principe
700 3305 866 3379 exercitus,
880 3305 1043 3375 Chicoiou,
1057 3307 1233 3388 Tenqneu,

193 3415 299 3477 Pouca
321 3416 561 3497 archiprocone,
583 3416 783 3498 Cheycimam
803 3427 836 3479 et
850 3416 986 3488 Bnlchn,
1014 3417 1165 3481 uidentes
1188 3421 1232 3482 de

193 3527 334 3610 predicta
358 3536 442 3590 terra
465 3528 558 3590 castri
583 3538 704 3610 partem
726 3529 768 3590 ad
791 3530 853 3591 dno
873 3538 978 3591 aratra
999 3530 1230 3611 aqnihnsdarn

194 3640 315 3712 alienis,
335 3640 482 3703 uidelicet
497 3640 658 3713 Gotfredo,
680 3641 836 3714 Farcasio,
858 3641 935 3714 tito,
957 3641 1100 3715 (ilberto,
1123 3645 1232 3719 Petro,

195 3753 335 3824 Antissa,
364 3763 395 3814 et
418 3754 499 3826 Fila,
530 3752 642 3814 iniuste
669 3753 830 3833 occupari,
853 3754 1027 3815 citauerunt
1051 3753 1125 3814 ilios
1155 3767 1231 3819 ante

196 3864 411 3928 Sebastianum
432 3865 577 3927 comitem
599 3865 639 3926 de
653 3863 737 3938 Cius,
759 3865 894 3928 iudicem
916 3884 1023 3946 aroge
1037 3865 1116 3928 Boia
1138 3868 1233 3932 dele·

197 3987 318 4061 gaium,
339 3976 394 4058 qui
413 3975 524 4040 auditis
546 3977 706 4058 responsis
725 3977 1007 4060 utriusquepartis,
1027 3997 1088 4059 per
1105 3980 1235 4059 pristai·

197 4089 272 4154 dum
286 4088 413 4151 nomine
424 4086 540 4150 Foroos
554 4088 653 4151 filium
665 4089 775 4151 Choka
789 4089 829 4151 da
843 4088 918 4152 uitia
932 4088 1062 4163 Saldeo,
1085 4091 1176 4155 misit
1190 4093 1233 4158 ad

199 4197 587 4279 emmerammianos
598 4200 799 4283 Uarartinrm.
818 4201 873 4269 nbi
884 4202 1094 4290 prenominati
1104 4213 1242 4280 actores
