2798 4764
163 400 166 408 ,
211 329 275 394 382
468 345 647 391 smannens
669 344 759 389 unots
781 345 945 391 nucsnrcu
967 348 988 390 t.

296 498 366 583 (38)
399 501 442 562 De
466 502 641 580 atptttarom
665 511 835 561 sanctarum
858 502 1073 561 observacione.
1129 501 1162 562 ln
1186 501 1246 563 hac

213 620 321 676 nostra
342 621 449 675 sancta
471 613 593 694 synodo
617 632 635 673 a
655 613 830 674 uenerabili
845 632 920 694 rege
936 612 1081 674 Ladizlao
1096 621 1245 675 statutum

214 733 276 798 est,
297 732 329 786 et
344 725 383 785 ab
400 723 553 785 uniuersis
570 722 779 784 collandatum
795 731 826 784 et
841 723 1067 796 canonisatum,
1090 732 1124 785 ut
1140 725 1246 808 uigilie

214 838 414 901 celebrentur
433 837 517 898 beati
532 836 682 916 Stephani
706 837 788 917 regis
813 845 844 898 et
859 836 998 919 Gerardp·
1015 839 1160 911 martiris,
1183 858 1246 920 quo

213 949 264 1013 die
280 968 392 1030 passus
408 956 472 1020 est,
495 956 525 1009 et
547 955 611 1009 tres
632 948 698 1008 dies
721 949 760 1007 ad
783 947 982 1009 lestiuitatem
999 950 1096 1009 sancti
1113 951 1246 1010 Martini.

214 1069 248 1125 et
259 1061 344 1142 quod
361 1068 491 1142 patruus
506 1080 581 1121 snus
597 1059 738 1121 Andreas
760 1079 815 1121 rex
832 1079 901 1121 cum
918 1061 1076 1134 omnibus,
1096 1062 1150 1143 qni
1174 1073 1246 1124 tunc

214 1182 304 1235 erant
324 1171 479 1252 episcopi,
501 1171 588 1233 uouit
607 1179 639 1232 et
659 1171 780 1244 statuit,
808 1171 866 1232 iste
891 1191 947 1232 rex
972 1171 1246 1233 christianissimus

217 1284 380 1347 destruere
397 1283 514 1356 noluit,
536 1283 591 1344 sed
607 1281 726 1343 firmius
741 1282 917 1354 rohorauit,
940 1282 1057 1344 scilicet
1072 1283 1164 1345 triam
1180 1284 1247 1344 die-

213 1415 286 1460 rum
300 1395 437 1474 uigiliam
453 1397 492 1458 ad
508 1393 709 1456 sestiuitatem
725 1394 823 1456 sancti
838 1394 931 1456 Petri.

299 1505 367 1588 (39)
389 1509 433 1568 De
446 1518 616 1568 sanctorum
631 1509 820 1568 veneracione
834 1510 1038 1586 sestiuitotnm.
1089 1509 1152 1570 Iste
1168 1528 1245 1570 ttero

216 1618 403 1682 iestiuitates
432 1618 572 1680 feriende
601 1627 673 1680 sunt
702 1638 759 1698 per
785 1638 911 1679 annum.
947 1619 1094 1680 natiuitas
1120 1619 1247 1682 domini.

216 1729 316 1792 sancti
337 1729 485 1810 Stephani
509 1730 747 1810 protomartiris.
780 1731 878 1791 sancti
899 1731 1022 1791 loannis
1045 1730 1247 1810 euangeliste.

216 1846 397 1903 sanctorum
421 1841 649 1902 innocencium.
692 1840 886 1904 circumcisio
910 1842 1038 1903 domini.
1079 1842 1247 1924 epiphania
1332 1859 1336 1865 ·

217 1971 289 2014 cum
311 1952 428 2033 uigilia.
460 1951 648 2032 purificacio·
662 1963 767 2016 sancte
790 1954 897 2016 ltlarie.
925 1955 956 2015 in
977 1956 1093 2035 pascha
1114 1965 1248 2037 quatuor

218 2064 296 2127 dies.
317 2065 415 2126 sancti
427 2064 551 2145 Georgii
567 2064 710 2127 martiris.
733 2065 867 2147 Philippi
883 2074 915 2128 et
928 2067 1030 2127 iacobi
1046 2087 1115 2128 cum
1131 2068 1247 2148 uigilia.

216 2174 365 2240 iuuencio
376 2186 483 2239 sancte
499 2178 608 2239 crucis.
630 2179 660 2238 in
675 2178 898 2260 penthecosten
911 2189 1045 2261 quatuor
1056 2181 1133 2241 dies.
1148 2180 1246 2242 sancti
1297 2176 1302 2185 '

218 2289 344 2352 loannis
359 2290 505 2372 baptiste.
537 2301 716 2354 sanctorum
732 2292 814 2355 Petri
830 2301 861 2354 et
875 2292 961 2353 Pauli
979 2313 1040 2354 una
1056 2294 1117 2354 die.
1151 2293 1249 2355 sancti

216 2401 333 2464 Iacobi.
347 2403 444 2463 sancti
454 2401 629 2464 Lattrencii.
644 2402 820 2482 assumpcio
834 2411 941 2464 sancte
952 2402 1061 2463 Maris.
1075 2402 1250 2465 sanctiSte-

218 2513 314 2595 phani
336 2513 427 2593 regis.
455 2514 554 2576 sancti
570 2513 782 2574 Bartholomei
803 2513 944 2594 apostoli.
975 2511 1120 2574 natiuitas
1143 2522 1248 2575 sancte

218 2623 328 2685 Marie.
343 2623 494 2685 exaltacio
505 2634 611 2687 sancte
622 2624 733 2686 crucis.
750 2625 846 2686 sancti
859 2625 984 2686 Mathai.
1000 2626 1248 2687 sanctiGeratdi.

218 2737 316 2798 sancti
326 2737 496 2798 Michaelis.
519 2745 697 2798 sanctorum
711 2737 844 2798 Simonis
856 2745 887 2799 et
898 2738 984 2798 lude.
1006 2737 1144 2798 omnium
1158 2757 1249 2798 sanc-

219 2855 332 2909 torum.
371 2849 469 2909 sancti
497 2848 646 2910 Hainrici.
679 2850 777 2911 sancti
801 2850 954 2910 lllauricii.
990 2850 1089 2911 sancti
1114 2850 1248 2912 Andree.

219 2958 318 3019 sancti
342 2957 489 3040 Nycolap'.
526 2961 623 3021 sancti
646 2960 777 3021 Tlmme.
810 2969 841 3022 et
866 2981 1073 3042 unaquaque
1100 2961 1248 3042 parochia

219 3090 310 3132 suum
328 3079 493 3152 patronum
509 3080 539 3133 et
555 3072 789 3134 dedicacionem
806 3072 937 3135 ecclesie
953 3073 1101 3135 celebret.

303 3181 367 3263 (ib)
394 3185 437 3244 De
461 3186 611 3244 abbatibus
630 3187 663 3245 in
682 3185 812 3245 dolendis
831 3187 998 3246 sedentibus.
1054 3187 1189 3247 rlbbates
1217 3194 1248 3246 et

219 3297 365 3359 monachi
388 3297 469 3359 inter
482 3296 593 3359 fratres
609 3296 812 3358 kalendarum
833 3319 896 3359 non
914 3299 1059 3372 sedeant,
1081 3300 1136 3360 sed
1152 3299 1247 3359 abbas

220 3408 401 3471 oblaciones
423 3409 550 3471 fratrum
567 3410 596 3470 in
613 3409 781 3471 claustrum
798 3411 941 3491 recipiat,
964 3419 995 3473 et
1009 3413 1182 3474 secttndam
1200 3431 1248 3472 rc-

220 3520 324 3601 gnlam
342 3520 490 3582 fratribus
505 3520 709 3583 administret.

302 3628 371 3709 (tt)
395 3632 436 3691 Dc
458 3634 681 3694 decimacionem
702 3637 883 3712 nepantibus.
928 3635 1102 3716 Episcopus
1117 3633 1248 3711 accipiat

220 3741 467 3804 decimacionem
485 3743 516 3803 in
532 3745 687 3817 omnibus,
709 3747 763 3807 sed
781 3765 818 3807 eo
834 3755 960 3808 tenore:
982 3744 1150 3826 pristaldos
1166 3746 1248 3824 epis·

220 3853 290 3932 copi
319 3852 492 3934 interroget
519 3875 736 3936 possessorem
765 3877 962 3920 annonarum
991 3876 1048 3918 seu
1076 3857 1247 3918 bestiarum

220 3972 372 4044 quantum
397 3965 520 4028 habeat.
555 3968 581 4028 si
605 3989 683 4030 uero
707 3968 889 4040 crediderit,
923 3968 1054 4049 accipiat
1079 3968 1138 4030 hoc
1163 3969 1249 4051 qnod

220 4075 313 4149 dixit,
335 4076 360 4138 si
375 4085 478 4140 autem
494 4099 557 4140 non
572 4080 757 4154 crediderit,
779 4080 872 4143 iaciat
885 4079 972 4141 illum
987 4082 1106 4156 iurare,
1123 4091 1153 4145 et
1168 4083 1249 4146 acci-

219 4187 295 4273 piat.
315 4188 348 4251 ia
369 4209 493 4255 annona
513 4212 592 4256 uero
614 4194 818 4256 commixtum
839 4212 902 4256 non
918 4193 1066 4279 accipiat,
1087 4196 1144 4259 sed
1157 4215 1249 4281 sepa-
