2798 4764
503 377 687 424 monsravit
711 378 751 422 nn
773 378 885 423 ranan.
1146 358 1208 424 687

183 550 266 593 mam
288 531 327 594 do
349 531 425 595 uitta
443 530 579 594 Uelchea
599 531 638 593 ad
660 530 809 593 iudicium
829 528 904 591 ferri
925 529 1085 594 candentis
1107 538 1208 594 trans·

183 642 267 704 misit
282 642 480 705 Uaradinum.
502 642 554 704 ubi
576 640 812 723 prenominatus
835 637 1015 720 Chepanus,
1044 659 1115 701 cum
1135 652 1208 723 pro-

183 750 247 814 fato
268 751 419 833 pristaldo
444 758 475 814 et
495 750 621 813 homine
643 769 701 812 suo
722 749 841 812 serrum
860 757 1030 831 portaturo,
1061 751 1093 812 in
1113 752 1209 832 septi-

183 881 291 936 mana,
314 883 376 945 qua
397 862 512 925 festum
536 884 561 924 s.
580 861 659 923 Galli
684 869 732 923 est
753 859 961 934 celebratum,
982 859 1039 923 fuit
1053 860 1209 924 Uaradini.

183 974 356 1037 aduersarii
371 983 475 1036 autem
492 974 570 1047 eius,
591 973 709 1035 scilicet
723 972 795 1054 Ipsa
809 982 839 1035 et
854 973 973 1045 Petrus,
993 980 1024 1034 et
1038 971 1207 1035 conuillani

182 1103 290 1146 eorum
306 1104 369 1145 non
384 1090 636 1164 comparuerunt
1166 1158 1170 1164 Ι

264 1196 341 1269 (26)
363 1196 432 1256 lsov
455 1195 494 1256 de
520 1193 594 1255 uitta
615 1195 639 1254 F
642 1193 724 1256 nlian
748 1193 857 1257 citauit
876 1194 1050 1255 Marianum
1073 1194 1112 1256 de
1132 1193 1207 1258 uilla

182 1306 303 1368 Bataua
327 1325 385 1386 pro
410 1304 570 1366 eruicione
592 1302 756 1366 oculorum
778 1323 925 1377 suorum,
952 1311 1024 1366 ante
1046 1305 1207 1368 Nicolaum

184 1415 352 1498 palatinum
368 1414 524 1478 comitem.
558 1415 612 1476 ubi
627 1434 696 1475 cum
713 1424 819 1476 assent
833 1416 961 1495 quidam
975 1415 1048 1477 boni
1063 1414 1207 1480 hominos

184 1528 223 1591 do
241 1526 404 1610 prouincia
417 1528 561 1598 Zounuc,
581 1525 701 1588 scilicet
714 1523 846 1587 Micha'ol
862 1546 966 1588 comes
982 1527 1021 1589 do
1034 1526 1109 1591 uilla
1124 1527 1208 1589 Mor-

183 1646 254 1711 tun,
274 1644 306 1699 et
320 1635 469 1696 Modorus
490 1636 528 1697 dc
544 1634 618 1697 uilia
632 1637 712 1709 Pon,
734 1645 765 1698 et
779 1636 831 1697 alii
846 1638 919 1697 boni
934 1636 1087 1710 homines,
1107 1639 1208 1719 impo-

182 1756 260 1810 trata
276 1747 406 1808 licencia
422 1746 628 1826 prenominati
647 1746 769 1819 iudicis,
791 1747 1043 1810 reformaueruut
1056 1749 1138 1810 inter
1152 1766 1207 1811 eos

183 1877 309 1939 pacem,
332 1865 364 1919 et
383 1865 572 1919 memoratus
586 1856 657 1918 Isov
673 1855 788 1918 dimisit
807 1856 988 1919 aduersario
1002 1877 1059 1919 suo
1073 1859 1207 1921 Martino

181 1988 306 2030 omnem
325 1967 523 2029 inimiciciam
541 1986 648 2040 suam,
669 1976 699 2028 et
715 1968 832 2049 pepigit
847 1969 933 2048 quod
949 1968 1098 2051 deinceps
1112 1988 1209 2052 super

74 2134 77 2139 ,
183 2076 404 2140 exoculacionc
420 2097 477 2139 sua
491 2097 651 2158 nunqnam
667 2087 750 2141 esset
765 2077 950 2159 iitigaturus.

265 2191 343 2261 (27)
366 2187 450 2249 Uxor
472 2187 592 2260 Scilak,
620 2187 745 2249 nomine
768 2188 898 2261 Cinnea,
920 2188 1058 2270 impeciit
1076 2188 1208 2252 Paulum

182 2298 372 2361 seruientem
388 2299 499 2359 Uhudn
518 2298 643 2360 curiatis
665 2299 743 2361 Mice
762 2299 883 2362 comitis
904 2300 943 2363 de
965 2299 1123 2362 occisione
1144 2320 1210 2364 ma-

182 2407 234 2471 riti
255 2408 319 2481 sui,
347 2408 449 2469 iudice
470 2408 551 2468 Mica
571 2407 684 2470 comite
708 2408 747 2471 de
768 2409 878 2484 Bihor,
907 2410 1058 2492 pristaido
1079 2411 1209 2474 Fulcho.

182 2517 321 2599 prefatus
343 2518 448 2597 itaqua
472 2517 587 2579 Paulus
611 2538 682 2579 cum
704 2518 830 2581 domino
851 2539 909 2581 suo
931 2530 962 2584 et
981 2521 1129 2602 pristaldo
1151 2520 1209 2585 fuit

183 2628 346 2700 Uaradini,
368 2626 485 2690 ferrum
508 2627 644 2689 candens
660 2636 848 2709 portaturus.
876 2641 1048 2693 memorata
1062 2653 1139 2695 uero
1154 2632 1209 2696 ad·

183 2739 321 2801 uersaria
336 2758 399 2801 non
415 2739 603 2821 comparuit,
624 2760 727 2821 neque
743 2750 957 2804 excusatorem
973 2744 1065 2806 misit.

267 2850 344 2924 (28)
368 2849 535 2931 Chepanus
556 2851 595 2912 de
616 2849 689 2912 uilla
703 2851 832 2935 Bogdan
856 2851 995 2933 impeciit
1009 2856 1134 2918 Petrum
1155 2875 1209 2919 co·

182 2980 248 3022 ram
264 2962 378 3023 comite
394 2960 542 3034 Otodaro,
565 2960 603 3022 de
619 2970 756 3042 quatuor
770 2962 860 3043 eqtris
879 2971 911 3025 et
925 2983 988 3028 uno
1003 2964 1071 3027 fure
1087 2965 1210 3028 uiolen-

182 3080 231 3134 ter
243 3072 357 3134 ablato.
379 3072 539 3154 predictus
555 3074 666 3135 Petrus
681 3074 768 3136 uenit
782 3074 986 3148 Uaradinum,
1008 3077 1208 3140 aduersarius

183 3192 288 3247 autem
302 3204 366 3246 non
381 3184 565 3266 comparuit.

267 3296 344 3370 (29)
366 3295 455 3355 anno
477 3293 631 3356 dominice
654 3293 882 3356 incarnacionis
906 3293 1071 3357 millesimo
1092 3296 1210 3360 ducen-

183 3404 295 3469 tesimo
317 3406 439 3467 decimo
461 3405 603 3487 septimo,
625 3405 657 3465 in
680 3404 855 3484 septimana
878 3406 978 3477 sactus
1001 3415 1064 3480 est,
1085 3407 1210 3490 iobagio

183 3517 249 3579 neti
271 3519 358 3579 uenit
372 3517 576 3589 Uaradinum,
598 3517 785 3596 probaturus
807 3537 949 3579 sororem
968 3537 1070 3592 snam,
1091 3520 1207 3583 iudicio

183 3630 346 3692 candentis
361 3628 445 3700 ferri,
461 3647 524 3688 non
539 3647 609 3688 esse
625 3627 832 3689 meretricem.
855 3635 886 3690 et
899 3628 1032 3709 sigillata
1047 3649 1140 3693 manu
1155 3652 1209 3695 ex·
1315 3659 1318 3664 ’

182 3740 335 3820 spectauit
358 3758 459 3819 usque
484 3739 567 3798 diem
593 3738 720 3799 ueneris
744 3737 943 3799 aduersarios
968 3759 1060 3813 suos,
1091 3742 1210 3806 scilicet

181 3859 339 3928 raptorem
362 3848 477 3911 sororis
499 3867 555 3909 sue
576 3848 703 3909 nomine
718 3847 894 3921 Nicolaum,
916 3858 948 3912 et
968 3852 1209 3934 paralimphum,

182 3958 330 4022 uidelicet
339 3959 548 4022 Karachinum
563 3957 672 4031 alium,
695 3965 726 4021 ot
742 3958 820 4023 alios
835 3959 959 4024 sodales
974 3964 1099 4043 sponsi,
1121 3966 1210 4028 uida·

183 4069 270 4131 licet:
293 4069 417 4144 Tecam,
437 4070 642 4143 Mnchoriam,
664 4070 830 4145 Urbanum,
853 4072 982 4146 Porcan,
1003 4074 1091 4147 Petu,
1108 4075 1209 4162 Koch,

184 4178 694 4260 menedem,1aoob,tttchat.
722 4183 829 4247 Nican.
863 4185 919 4248 aad
947 4185 1117 4250 aduersarii
1141 4186 1209 4250 etus
