2798 4764
213 320 275 389 362
410 338 534 386 suntor
555 336 723 387 nncanruu
744 337 920 384 concauam
944 336 1046 391 anais,

295 526 376 601 (10)
398 525 431 587 Si
455 525 524 607 quis
546 524 701 606 superbus
724 523 820 586 iudex
841 524 879 585 ad
904 524 1074 609 predictam
1090 523 1245 606 synodum

214 637 324 700 uenire
339 636 529 718 neglexerit,
551 656 610 698 suo
625 645 807 698 accusatore
821 635 989 698 iudicetur.

298 749 380 824 (11)
408 748 440 810 Si
461 747 596 809 maiores
618 746 750 809 ministri
771 747 855 829 regis
878 754 907 809 et
927 747 1015 808 ducis
1035 746 1086 808 uel
1110 747 1191 809 inter
1212 769 1245 810 se

214 861 268 924 uel
292 880 362 922 cura
390 860 561 922 maioribus
588 860 822 932 contenderint,
855 858 948 921 etad
974 860 1111 921 iudicem
1136 861 1246 921 uenire

215 973 477 1055 contempserint,
499 991 605 1034 comes
622 971 828 1053 parochianus
844 991 915 1033 cum
935 972 1040 1034 iudice
1063 991 1172 1034 causas
1193 992 1248 1034 eo·

216 1105 287 1150 rum
303 1087 485 1149 discuciant.

300 1199 380 1272 (ta)
402 1197 492 1258 Ducis
505 1198 635 1259 ministri
649 1199 699 1277 qui
714 1199 746 1258 in
761 1216 842 1277 mccc
858 1198 1032 1276 cepissent,
1056 1208 1082 1259 ct
1103 1200 1178 1277 repis
1198 1199 1248 1278 qui

216 1312 251 1373 io
271 1329 356 1391 mcpo
376 1319 444 1371 tuat
465 1311 556 1380 ducis,
580 1320 647 1371 autc
667 1312 797 1371 comitem
818 1321 844 1370 et
865 1310 1004 1382 iudicem,
1032 1313 1158 1371 minores
1178 1329 1248 1370 uero

218 1435 286 1486 autc
298 1424 423 1484 iudicem
437 1424 594 1502 delitipent.

301 1536 382 1612 (13)
403 1535 439 1597 Si
453 1555 544 1597 comcs
558 1555 623 1596 cum
638 1536 739 1596 comite
759 1535 951 1605 contenderit,
977 1536 1020 1595 uel
1035 1537 1244 1615 populonius,

218 1669 268 1712 cco
287 1650 427 1728 mnodico
454 1649 590 1709 discrecio
616 1669 665 1709 eeu
692 1649 807 1709 uicinus
833 1668 924 1709 comcs
945 1668 1049 1709 causas
1067 1668 1166 1709 corum
1188 1651 1247 1710 dis·

220 1762 327 1824 cuciot.

302 1872 380 1950 (tt)
400 1873 508 1936 Nullus
525 1879 684 1955 presumat
698 1873 848 1935 secularis
864 1872 976 1935 iudicis
987 1871 1123 1956 sigillum
1135 1872 1248 1935 clerico

219 1984 308 2048 dare.

303 2099 380 2173 (15)
403 2097 484 2172 Quia
499 2115 537 2159 eo
551 2097 654 2158 minus
671 2096 795 2159 uidetur
811 2096 918 2158 ualere
933 2098 1035 2171 curia,
1060 2118 1123 2179 quo
1147 2100 1249 2161 minus

220 2218 391 2292 suppetunt
412 2209 607 2282 necessaria,
631 2229 669 2270 ne
691 2216 797 2272 nostra
820 2207 1038 2270 habundancia
1058 2209 1091 2270 iu
1113 2210 1179 2271 eius
1198 2229 1250 2271 su-

220 2322 355 2404 perlluat
368 2320 509 2403 penuria,
526 2320 643 2401 placuit
657 2338 765 2382 omnes
780 2320 930 2401 piscinas,
946 2329 1053 2400 preter
1068 2341 1146 2403 quas
1161 2341 1251 2382 sanc·

220 2441 271 2498 tus
293 2433 469 2516 Stephanus
494 2434 684 2506 donauerat,
716 2431 853 2513 sumptui
875 2431 972 2514 regali
995 2433 1146 2506 reddere,
1177 2434 1250 2513 quia

220 2546 384 2628 indignum
408 2552 474 2609 erat
496 2545 585 2607 nobis
607 2545 826 2606 recedentibus
848 2544 997 2607 curialem
1012 2546 1176 2607 nobiscum
1191 2545 1250 2608 ho-

220 2679 330 2721 norem
345 2657 510 2730 recedere,
532 2657 585 2719 ubi
602 2664 719 2737 prestat
735 2676 792 2717 nos
808 2656 972 2719 uenientes
984 2659 1105 2739 copiam
1122 2658 1249 2719 honoris

221 2770 375 2833 inuenire.

305 2882 384 2956 (16)
406 2881 553 2944 Similiter
581 2883 779 2945 decreuimus
808 2883 944 2964 piscinas
974 2885 1171 2946 monasteriis
1200 2884 1252 2946 uel

222 2993 354 3056 ecclesie
370 2994 457 3056 datas
473 2994 548 3056 alias
564 2994 692 3077 quidem
708 2996 860 3069 reddere,
882 2997 938 3057 scd
954 2998 1147 3059 necessarias
1163 2996 1253 3058 cotti·

223 3104 316 3168 diano
331 3106 460 3167 fratrum
475 3106 544 3167 usui
560 3106 756 3190 relinquere,
778 3107 879 3169 nullas
900 3127 977 3169 uero
1002 3108 1060 3169 nisi
1075 3109 1251 3190 superfluas

223 3219 369 3282 aufferre.

305 3331 385 3406 (17)
407 3329 518 3404 Uince,
540 3332 739 3405 mansiones,
760 3339 861 3405 terre,
884 3352 901 3393 a
925 3331 1079 3412 regalibus
1102 3331 1253 3414 quibusli-

222 3441 277 3506 bet
291 3443 378 3514 date,
400 3453 643 3524 perseueranter
658 3444 707 3506 his
723 3443 836 3527 quibus
853 3444 1014 3518 dabantur,
1037 3453 1251 3526 permaneant.

306 3555 384 3630 (18)
399 3554 499 3616 Siluas
511 3556 652 3618 ecclesiis
666 3558 753 3619 datas
765 3557 891 3620 minime
905 3557 1030 3619 aufferri
1043 3559 1253 3620 concedimus.

306 3667 384 3739 (tu)
407 3667 534 3729 Ueteres
550 3668 652 3729 coloni
668 3667 771 3742 eiecti,
792 3676 907 3731 terram
923 3689 986 3730 non
1001 3668 1154 3730 habentes
1169 3667 1253 3742 alibi,

224 3777 264 3840 ad
285 3795 374 3838 suam
397 3787 605 3841 reuertentur.
635 3779 660 3841 si
677 3789 758 3840 terra
774 3799 884 3841 eorum
900 3780 971 3842 data
994 3787 1042 3842 est
1057 3780 1253 3842 monasteriis

222 3889 275 3952 uel
296 3889 452 3965 ecclesiis,
476 3899 507 3953 et
526 3890 585 3972 ipsi
608 3891 699 3953 aliam
720 3891 853 3966 habent,
883 3892 944 3954 hoc
966 3891 1190 3955 inuiolabiliter
1211 3893 1254 3956 ita

222 4011 416 4084 permaneat.

306 4117 385 4190 (20)
406 4112 626 4177 Possessiones
649 4115 789 4197 quelibet
813 4135 830 4178 a
852 4123 960 4180 sancto
981 4116 1142 4199 Stephano
1165 4117 1254 4192 date,

222 4224 360 4290 humane
380 4225 591 4290 successionis
613 4229 772 4312 quoslibet·
793 4229 955 4314 contingat
978 4247 1177 4295 successores
1202 4229 1262 4297 ucl·
