<?xml version="1.0" encoding="UTF-8"?>
<!DOCTYPE html PUBLIC "-//W3C//DTD XHTML 1.0 Transitional//EN"
    "http://www.w3.org/TR/xhtml1/DTD/xhtml1-transitional.dtd">
<html xmlns="http://www.w3.org/1999/xhtml" xml:lang="en" lang="en">
 <head>
  <title>
</title>
<meta http-equiv="Content-Type" content="text/html;charset=utf-8" />
  <meta name='ocr-system' content='tesseract 3.04.00' />
  <meta name='ocr-capabilities' content='ocr_page ocr_carea ocr_par ocr_line ocrx_word'/>
</head>
<body>
  <div class='ocr_page' id='page_1' title='image "./rerumhungaricar00endlgoog/rerumhungaricar00endlgoog_0486.png"; bbox 0 0 2798 4764; ppageno 0'>
   <div class='ocr_carea' id='block_1_1' title="bbox 356 343 1213 410">
    <p class='ocr_par' dir='ltr' id='par_1_1' title="bbox 356 343 1213 410">
     <span class='ocr_line' id='line_1_1' title="bbox 356 343 1213 410; baseline 0.001 -2"><span class='ocrx_word' id='word_1_1' title='bbox 356 362 442 408; x_wconf 75' lang='grc'>1111111</span> <span class='ocrx_word' id='word_1_2' title='bbox 465 363 505 406; x_wconf 87' lang='lat' dir='ltr'><strong>rr.</strong></span> <span class='ocrx_word' id='word_1_3' title='bbox 527 362 617 407; x_wconf 84' lang='lat' dir='ltr'><strong>neors</strong></span> <span class='ocrx_word' id='word_1_4' title='bbox 638 363 710 406; x_wconf 80' lang='grc'>11111</span> <span class='ocrx_word' id='word_1_5' title='bbox 732 361 909 407; x_wconf 66' lang='lat' dir='ltr'><strong>runconere.</strong></span> <span class='ocrx_word' id='word_1_6' title='bbox 949 344 1039 409; x_wconf 70' lang='lat'><strong>1251.</strong></span> <span class='ocrx_word' id='word_1_7' title='bbox 1150 343 1213 410; x_wconf 77' lang='lat' dir='ltr'><strong>tte</strong></span> 
     </span>
    </p>
   </div>
   <div class='ocr_carea' id='block_1_2' title="bbox 177 516 1239 1381">
    <p class='ocr_par' dir='ltr' id='par_1_2' title="bbox 179 516 1212 709">
     <span class='ocr_line' id='line_1_2' title="bbox 179 516 1212 598; baseline 0.001 -18"><span class='ocrx_word' id='word_1_8' title='bbox 179 519 297 580; x_wconf 92' lang='lat' dir='ltr'><strong>iudicio</strong></span> <span class='ocrx_word' id='word_1_9' title='bbox 323 517 478 598; x_wconf 77' lang='lat' dir='ltr'><strong>puniatur,</strong></span> <span class='ocrx_word' id='word_1_10' title='bbox 504 525 535 578; x_wconf 91' lang='lat' dir='ltr'><strong>et</strong></span> <span class='ocrx_word' id='word_1_11' title='bbox 560 516 666 578; x_wconf 87' lang='lat' dir='ltr'><strong>omnia</strong></span> <span class='ocrx_word' id='word_1_12' title='bbox 690 516 758 579; x_wconf 90' lang='lat' dir='ltr'><strong>eius</strong></span> <span class='ocrx_word' id='word_1_13' title='bbox 784 516 912 577; x_wconf 83' lang='lat' dir='ltr'><strong>mobilia</strong></span> <span class='ocrx_word' id='word_1_14' title='bbox 936 525 968 580; x_wconf 91' lang='lat' dir='ltr'><strong>et</strong></span> <span class='ocrx_word' id='word_1_15' title='bbox 988 516 1159 580; x_wconf 83' lang='lat' dir='ltr'><strong>immobilia</strong></span> <span class='ocrx_word' id='word_1_16' title='bbox 1177 516 1212 581; x_wconf 82' lang='lat' dir='ltr'><strong>In</strong></span> 
     </span>
     <span class='ocr_line' id='line_1_3' title="bbox 179 636 708 709; baseline -0.008 -17"><span class='ocrx_word' id='word_1_17' title='bbox 179 639 318 693; x_wconf 88' lang='lat' dir='ltr'><strong>nostram</strong></span> <span class='ocrx_word' id='word_1_18' title='bbox 335 637 495 691; x_wconf 85' lang='lat' dir='ltr'><strong>transeant</strong></span> <span class='ocrx_word' id='word_1_19' title='bbox 511 636 708 709; x_wconf 86' lang='lat' dir='ltr'><strong>potestatem.</strong></span> 
     </span>
    </p>

    <p class='ocr_par' dir='ltr' id='par_1_3' title="bbox 177 739 1239 1269">
     <span class='ocr_line' id='line_1_4' title="bbox 264 739 1211 820; baseline 0.003 -18"><span class='ocrx_word' id='word_1_20' title='bbox 264 739 333 820; x_wconf 96' lang='grc'>(11)</span> <span class='ocrx_word' id='word_1_21' title='bbox 356 743 431 803; x_wconf 89' lang='lat' dir='ltr'><strong>Item</strong></span> <span class='ocrx_word' id='word_1_22' title='bbox 455 741 482 801; x_wconf 93' lang='lat' dir='ltr'><strong>si</strong></span> <span class='ocrx_word' id='word_1_23' title='bbox 496 740 689 802; x_wconf 75' lang='lat' dir='ltr'><strong>Christianus</strong></span> <span class='ocrx_word' id='word_1_24' title='bbox 711 741 841 804; x_wconf 85' lang='lat' dir='ltr'><strong>Iudeurn</strong></span> <span class='ocrx_word' id='word_1_25' title='bbox 863 740 1029 813; x_wconf 81' lang='lat' dir='ltr'><strong>ceciderit,</strong></span> <span class='ocrx_word' id='word_1_26' title='bbox 1051 742 1211 806; x_wconf 86' lang='lat' dir='ltr'><strong>itatamen</strong></span> 
     </span>
     <span class='ocr_line' id='line_1_5' title="bbox 179 850 1209 937; baseline 0 -21"><span class='ocrx_word' id='word_1_27' title='bbox 179 854 264 937; x_wconf 94' lang='lat' dir='ltr'><strong>quod</strong></span> <span class='ocrx_word' id='word_1_28' title='bbox 283 853 468 933; x_wconf 84' lang='lat' dir='ltr'><strong>sanguinem</strong></span> <span class='ocrx_word' id='word_1_29' title='bbox 490 853 558 913; x_wconf 89' lang='lat' dir='ltr'><strong>eius</strong></span> <span class='ocrx_word' id='word_1_30' title='bbox 573 872 635 913; x_wconf 91' lang='lat' dir='ltr'><strong>non</strong></span> <span class='ocrx_word' id='word_1_31' title='bbox 652 853 817 926; x_wconf 78' lang='lat' dir='ltr'><strong>effuderit,</strong></span> <span class='ocrx_word' id='word_1_32' title='bbox 840 850 943 914; x_wconf 82' lang='lat' dir='ltr'><strong>solunt</strong></span> <span class='ocrx_word' id='word_1_33' title='bbox 957 854 1047 913; x_wconf 91' lang='lat' dir='ltr'><strong>nobis</strong></span> <span class='ocrx_word' id='word_1_34' title='bbox 1061 853 1209 916; x_wconf 89' lang='lat' dir='ltr'><strong>iudicium</strong></span> 
     </span>
     <span class='ocr_line' id='line_1_6' title="bbox 177 965 1239 1045; baseline 0 -17"><span class='ocrx_word' id='word_1_35' title='bbox 177 967 350 1028; x_wconf 90' lang='lat' dir='ltr'><strong>secundum</strong></span> <span class='ocrx_word' id='word_1_36' title='bbox 373 966 632 1027; x_wconf 89' lang='lat' dir='ltr'><strong>consuetudinem</strong></span> <span class='ocrx_word' id='word_1_37' title='bbox 654 965 741 1044; x_wconf 82' lang='lat' dir='ltr'><strong>regni</strong></span> <span class='ocrx_word' id='word_1_38' title='bbox 759 984 924 1045; x_wconf 85' lang='lat' dir='ltr'><strong>percussor</strong></span> <span class='ocrx_word' id='word_1_39' title='bbox 939 973 1074 1045; x_wconf 85' lang='lat' dir='ltr'><strong>quotuor</strong></span> <span class='ocrx_word' id='word_1_40' title='bbox 1088 985 1211 1028; x_wconf 87' lang='lat' dir='ltr'><strong>marcas</strong></span> <span class='ocrx_word' id='word_1_41' title='bbox 1236 1033 1239 1041; x_wconf 65' lang='grc'>,</span> 
     </span>
     <span class='ocr_line' id='line_1_7' title="bbox 177 1076 1210 1160; baseline 0.001 -20"><span class='ocrx_word' id='word_1_42' title='bbox 177 1078 309 1160; x_wconf 80' lang='lat' dir='ltr'><strong>argenti.</strong></span> <span class='ocrx_word' id='word_1_43' title='bbox 338 1077 364 1138; x_wconf 87' lang='lat' dir='ltr'><strong>si</strong></span> <span class='ocrx_word' id='word_1_44' title='bbox 388 1078 552 1158; x_wconf 87' lang='lat' dir='ltr'><strong>pecuniam</strong></span> <span class='ocrx_word' id='word_1_45' title='bbox 577 1076 695 1139; x_wconf 87' lang='lat' dir='ltr'><strong>habere</strong></span> <span class='ocrx_word' id='word_1_46' title='bbox 716 1096 780 1138; x_wconf 91' lang='lat' dir='ltr'><strong>non</strong></span> <span class='ocrx_word' id='word_1_47' title='bbox 807 1076 938 1157; x_wconf 89' lang='lat' dir='ltr'><strong>poterit,</strong></span> <span class='ocrx_word' id='word_1_48' title='bbox 964 1076 1024 1139; x_wconf 83' lang='lat' dir='ltr'><strong>alia</strong></span> <span class='ocrx_word' id='word_1_49' title='bbox 1044 1096 1129 1158; x_wconf 88' lang='lat' dir='ltr'><strong>pena</strong></span> <span class='ocrx_word' id='word_1_50' title='bbox 1147 1097 1210 1160; x_wconf 89' lang='lat' dir='ltr'><strong>que</strong></span> 
     </span>
     <span class='ocr_line' id='line_1_8' title="bbox 177 1188 610 1269; baseline -0.002 -19"><span class='ocrx_word' id='word_1_51' title='bbox 177 1190 267 1251; x_wconf 89' lang='lat' dir='ltr'><strong>nobis</strong></span> <span class='ocrx_word' id='word_1_52' title='bbox 282 1188 440 1250; x_wconf 88' lang='lat' dir='ltr'><strong>uidebitur</strong></span> <span class='ocrx_word' id='word_1_53' title='bbox 453 1190 610 1269; x_wconf 78' lang='lat' dir='ltr'><strong>puniatur.</strong></span> 
     </span>
    </p>

    <p class='ocr_par' dir='ltr' id='par_1_4' title="bbox 260 1299 1209 1381">
     <span class='ocr_line' id='line_1_9' title="bbox 260 1299 1209 1381; baseline 0.002 -19"><span class='ocrx_word' id='word_1_54' title='bbox 260 1299 324 1381; x_wconf 80' lang='grc'>(1·2)</span> <span class='ocrx_word' id='word_1_55' title='bbox 348 1302 424 1363; x_wconf 87' lang='lat' dir='ltr'><strong>Item</strong></span> <span class='ocrx_word' id='word_1_56' title='bbox 439 1300 619 1381; x_wconf 89' lang='lat' dir='ltr'><strong>ubicunque</strong></span> <span class='ocrx_word' id='word_1_57' title='bbox 634 1301 749 1362; x_wconf 88' lang='lat' dir='ltr'><strong>ludens</strong></span> <span class='ocrx_word' id='word_1_58' title='bbox 765 1300 937 1363; x_wconf 89' lang='lat' dir='ltr'><strong>domiuium</strong></span> <span class='ocrx_word' id='word_1_59' title='bbox 952 1308 1094 1363; x_wconf 90' lang='lat' dir='ltr'><strong>nostrum</strong></span> <span class='ocrx_word' id='word_1_60' title='bbox 1109 1309 1209 1365; x_wconf 79' lang='lat' dir='ltr'><strong>trene-</strong></span> 
     </span>
    </p>
   </div>
   <div class='ocr_carea' id='block_1_3' title="bbox 69 1411 1209 1493">
    <p class='ocr_par' dir='ltr' id='par_1_5' title="bbox 69 1411 1209 1493">
     <span class='ocr_line' id='line_1_10' title="bbox 69 1411 1209 1493; baseline 0.007 -25"><span class='ocrx_word' id='word_1_61' title='bbox 69 1455 76 1468; x_wconf 89' lang='lat'><strong>.</strong></span> <span class='ocrx_word' id='word_1_62' title='bbox 176 1414 263 1484; x_wconf 91' lang='lat' dir='ltr'><strong>ierit,</strong></span> <span class='ocrx_word' id='word_1_63' title='bbox 283 1411 386 1474; x_wconf 90' lang='lat' dir='ltr'><strong>nullus</strong></span> <span class='ocrx_word' id='word_1_64' title='bbox 400 1412 430 1473; x_wconf 91' lang='lat' dir='ltr'><strong>ei</strong></span> <span class='ocrx_word' id='word_1_65' title='bbox 445 1411 572 1492; x_wconf 80' lang='lat' dir='ltr'><strong>aliquod</strong></span> <span class='ocrx_word' id='word_1_66' title='bbox 596 1411 853 1491; x_wconf 85' lang='lat' dir='ltr'><strong>impedimentum</strong></span> <span class='ocrx_word' id='word_1_67' title='bbox 874 1413 1033 1493; x_wconf 85' lang='lat' dir='ltr'><strong>prestabit,</strong></span> <span class='ocrx_word' id='word_1_68' title='bbox 1058 1433 1119 1475; x_wconf 88' lang='lat' dir='ltr'><strong>nee</strong></span> <span class='ocrx_word' id='word_1_69' title='bbox 1141 1432 1209 1476; x_wconf 89' lang='lat' dir='ltr'><strong>mo-</strong></span> 
     </span>
    </p>
   </div>
   <div class='ocr_carea' id='block_1_4' title="bbox 175 1522 1211 4149">
    <p class='ocr_par' dir='ltr' id='par_1_6' title="bbox 175 1522 1210 2051">
     <span class='ocr_line' id='line_1_11' title="bbox 176 1522 1208 1606; baseline 0.006 -22"><span class='ocrx_word' id='word_1_70' title='bbox 176 1525 297 1587; x_wconf 90' lang='lat' dir='ltr'><strong>lestiam</strong></span> <span class='ocrx_word' id='word_1_71' title='bbox 312 1523 463 1604; x_wconf 85' lang='lat' dir='ltr'><strong>prestabit</strong></span> <span class='ocrx_word' id='word_1_72' title='bbox 477 1532 531 1585; x_wconf 90' lang='lat' dir='ltr'><strong>nut</strong></span> <span class='ocrx_word' id='word_1_73' title='bbox 545 1522 674 1594; x_wconf 81' lang='lat' dir='ltr'><strong>inseret,</strong></span> <span class='ocrx_word' id='word_1_74' title='bbox 697 1542 756 1584; x_wconf 91' lang='lat' dir='ltr'><strong>nec</strong></span> <span class='ocrx_word' id='word_1_75' title='bbox 770 1543 952 1603; x_wconf 80' lang='lat' dir='ltr'><strong>graunmen.</strong></span> <span class='ocrx_word' id='word_1_76' title='bbox 974 1524 1030 1585; x_wconf 90' lang='lat' dir='ltr'><strong>sed</strong></span> <span class='ocrx_word' id='word_1_77' title='bbox 1045 1524 1072 1585; x_wconf 89' lang='lat' dir='ltr'><strong>si</strong></span> <span class='ocrx_word' id='word_1_78' title='bbox 1087 1524 1208 1606; x_wconf 75' lang='lat' dir='ltr'><strong>aliquae</strong></span> 
     </span>
     <span class='ocr_line' id='line_1_12' title="bbox 177 1633 1210 1714; baseline 0.006 -19"><span class='ocrx_word' id='word_1_79' title='bbox 177 1654 298 1696; x_wconf 90' lang='lat' dir='ltr'><strong>merces</strong></span> <span class='ocrx_word' id='word_1_80' title='bbox 321 1633 371 1695; x_wconf 90' lang='lat' dir='ltr'><strong>uel</strong></span> <span class='ocrx_word' id='word_1_81' title='bbox 392 1633 468 1695; x_wconf 86' lang='lat' dir='ltr'><strong>alias</strong></span> <span class='ocrx_word' id='word_1_82' title='bbox 490 1654 540 1694; x_wconf 88' lang='lat' dir='ltr'><strong>res</strong></span> <span class='ocrx_word' id='word_1_83' title='bbox 562 1634 702 1705; x_wconf 83' lang='lat' dir='ltr'><strong>duxerit,</strong></span> <span class='ocrx_word' id='word_1_84' title='bbox 730 1633 769 1695; x_wconf 92' lang='lat' dir='ltr'><strong>de</strong></span> <span class='ocrx_word' id='word_1_85' title='bbox 792 1634 905 1714; x_wconf 92' lang='lat' dir='ltr'><strong>quibus</strong></span> <span class='ocrx_word' id='word_1_86' title='bbox 938 1636 1052 1698; x_wconf 89' lang='lat' dir='ltr'><strong>tributa</strong></span> <span class='ocrx_word' id='word_1_87' title='bbox 1074 1637 1210 1701; x_wconf 76' lang='lat' dir='ltr'><strong>debeant</strong></span> 
     </span>
     <span class='ocr_line' id='line_1_13' title="bbox 176 1745 1207 1828; baseline 0.005 -21"><span class='ocrx_word' id='word_1_88' title='bbox 176 1746 360 1828; x_wconf 89' lang='lat' dir='ltr'><strong>prouenire,</strong></span> <span class='ocrx_word' id='word_1_89' title='bbox 393 1767 450 1826; x_wconf 88' lang='lat' dir='ltr'><strong>per</strong></span> <span class='ocrx_word' id='word_1_90' title='bbox 474 1746 577 1807; x_wconf 88' lang='lat' dir='ltr'><strong>omnia</strong></span> <span class='ocrx_word' id='word_1_91' title='bbox 604 1745 791 1807; x_wconf 89' lang='lat' dir='ltr'><strong>tributorum</strong></span> <span class='ocrx_word' id='word_1_92' title='bbox 820 1746 889 1807; x_wconf 85' lang='lat' dir='ltr'><strong>loca</strong></span> <span class='ocrx_word' id='word_1_93' title='bbox 915 1748 1040 1809; x_wconf 92' lang='lat' dir='ltr'><strong>nonnisi</strong></span> <span class='ocrx_word' id='word_1_94' title='bbox 1068 1749 1207 1813; x_wconf 85' lang='lat' dir='ltr'><strong>debitum</strong></span> 
     </span>
     <span class='ocr_line' id='line_1_14' title="bbox 175 1856 1209 1937; baseline 0.006 -19"><span class='ocrx_word' id='word_1_95' title='bbox 175 1856 277 1919; x_wconf 83' lang='lat' dir='ltr'><strong>soluat</strong></span> <span class='ocrx_word' id='word_1_96' title='bbox 299 1856 465 1928; x_wconf 89' lang='lat' dir='ltr'><strong>tributum,</strong></span> <span class='ocrx_word' id='word_1_97' title='bbox 486 1857 571 1937; x_wconf 93' lang='lat' dir='ltr'><strong>quod</strong></span> <span class='ocrx_word' id='word_1_98' title='bbox 588 1856 725 1918; x_wconf 89' lang='lat' dir='ltr'><strong>solueret</strong></span> <span class='ocrx_word' id='word_1_99' title='bbox 740 1876 820 1918; x_wconf 88' lang='lat' dir='ltr'><strong>unus</strong></span> <span class='ocrx_word' id='word_1_100' title='bbox 836 1857 950 1920; x_wconf 87' lang='lat' dir='ltr'><strong>ciuium</strong></span> <span class='ocrx_word' id='word_1_101' title='bbox 967 1856 1050 1922; x_wconf 91' lang='lat' dir='ltr'><strong>illius</strong></span> <span class='ocrx_word' id='word_1_102' title='bbox 1065 1859 1209 1934; x_wconf 78' lang='lat' dir='ltr'><strong>ciuitatis,</strong></span> 
     </span>
     <span class='ocr_line' id='line_1_15' title="bbox 175 1968 817 2051; baseline 0.002 -23"><span class='ocrx_word' id='word_1_103' title='bbox 175 1989 236 2051; x_wconf 87' lang='lat' dir='ltr'><strong>qun</strong></span> <span class='ocrx_word' id='word_1_104' title='bbox 251 1971 364 2031; x_wconf 91' lang='lat' dir='ltr'><strong>Iudeus</strong></span> <span class='ocrx_word' id='word_1_105' title='bbox 379 1989 417 2029; x_wconf 91' lang='lat' dir='ltr'><strong>eo</strong></span> <span class='ocrx_word' id='word_1_106' title='bbox 433 1977 576 2049; x_wconf 90' lang='lat' dir='ltr'><strong>tempore</strong></span> <span class='ocrx_word' id='word_1_107' title='bbox 592 1968 817 2030; x_wconf 83' lang='lat' dir='ltr'><strong>demorabitur.</strong></span> 
     </span>
    </p>

    <p class='ocr_par' dir='ltr' id='par_1_7' title="bbox 176 2078 1209 2610">
     <span class='ocr_line' id='line_1_16' title="bbox 257 2078 1207 2166; baseline 0.006 -26"><span class='ocrx_word' id='word_1_108' title='bbox 257 2078 322 2160; x_wconf 85' lang='lat'>(13)</span> <span class='ocrx_word' id='word_1_109' title='bbox 344 2082 421 2142; x_wconf 89' lang='lat' dir='ltr'><strong>Item</strong></span> <span class='ocrx_word' id='word_1_110' title='bbox 436 2081 461 2141; x_wconf 92' lang='lat' dir='ltr'><strong>si</strong></span> <span class='ocrx_word' id='word_1_111' title='bbox 476 2080 564 2141; x_wconf 92' lang='lat' dir='ltr'><strong>Iudei</strong></span> <span class='ocrx_word' id='word_1_112' title='bbox 579 2080 664 2141; x_wconf 84' lang='lat' dir='ltr'><strong>iuxta</strong></span> <span class='ocrx_word' id='word_1_113' title='bbox 678 2099 767 2141; x_wconf 83' lang='lat' dir='ltr'><strong>sunm</strong></span> <span class='ocrx_word' id='word_1_114' title='bbox 791 2082 1048 2144; x_wconf 87' lang='lat' dir='ltr'><strong>consuetudinem</strong></span> <span class='ocrx_word' id='word_1_115' title='bbox 1070 2082 1207 2166; x_wconf 87' lang='lat' dir='ltr'><strong>aliquem</strong></span> 
     </span>
     <span class='ocr_line' id='line_1_17' title="bbox 176 2192 1207 2278; baseline 0.003 -23"><span class='ocrx_word' id='word_1_116' title='bbox 176 2213 215 2255; x_wconf 87' lang='lat' dir='ltr'><strong>ex</strong></span> <span class='ocrx_word' id='word_1_117' title='bbox 229 2193 358 2255; x_wconf 83' lang='lat' dir='ltr'><strong>mortuis</strong></span> <span class='ocrx_word' id='word_1_118' title='bbox 379 2193 458 2264; x_wconf 88' lang='lat' dir='ltr'><strong>suis,</strong></span> <span class='ocrx_word' id='word_1_119' title='bbox 481 2200 534 2254; x_wconf 88' lang='lat' dir='ltr'><strong>aut</strong></span> <span class='ocrx_word' id='word_1_120' title='bbox 549 2193 588 2253; x_wconf 94' lang='lat' dir='ltr'><strong>de</strong></span> <span class='ocrx_word' id='word_1_121' title='bbox 610 2193 735 2254; x_wconf 90' lang='lat' dir='ltr'><strong>ciuitate</strong></span> <span class='ocrx_word' id='word_1_122' title='bbox 758 2192 788 2254; x_wconf 93' lang='lat' dir='ltr'><strong>in</strong></span> <span class='ocrx_word' id='word_1_123' title='bbox 812 2192 989 2267; x_wconf 85' lang='lat' dir='ltr'><strong>ciuitatem,</strong></span> <span class='ocrx_word' id='word_1_124' title='bbox 1010 2202 1065 2257; x_wconf 90' lang='lat' dir='ltr'><strong>nut</strong></span> <span class='ocrx_word' id='word_1_125' title='bbox 1078 2198 1118 2258; x_wconf 93' lang='lat' dir='ltr'><strong>de</strong></span> <span class='ocrx_word' id='word_1_126' title='bbox 1135 2216 1207 2278; x_wconf 90' lang='lat' dir='ltr'><strong>pro-</strong></span> 
     </span>
     <span class='ocr_line' id='line_1_18' title="bbox 177 2302 1209 2384; baseline 0.005 -20"><span class='ocrx_word' id='word_1_127' title='bbox 177 2303 280 2365; x_wconf 87' lang='lat' dir='ltr'><strong>uincia</strong></span> <span class='ocrx_word' id='word_1_128' title='bbox 294 2304 334 2364; x_wconf 85' lang='lat' dir='ltr'><strong>ed</strong></span> <span class='ocrx_word' id='word_1_129' title='bbox 349 2304 556 2384; x_wconf 86' lang='lat' dir='ltr'><strong>prouincIum,</strong></span> <span class='ocrx_word' id='word_1_130' title='bbox 579 2312 633 2365; x_wconf 87' lang='lat' dir='ltr'><strong>aut</strong></span> <span class='ocrx_word' id='word_1_131' title='bbox 654 2304 692 2364; x_wconf 92' lang='lat' dir='ltr'><strong>de</strong></span> <span class='ocrx_word' id='word_1_132' title='bbox 708 2324 770 2364; x_wconf 90' lang='lat' dir='ltr'><strong>una</strong></span> <span class='ocrx_word' id='word_1_133' title='bbox 785 2311 869 2365; x_wconf 87' lang='lat' dir='ltr'><strong>terra</strong></span> <span class='ocrx_word' id='word_1_134' title='bbox 888 2304 928 2365; x_wconf 89' lang='lat' dir='ltr'><strong>nd</strong></span> <span class='ocrx_word' id='word_1_135' title='bbox 943 2302 1034 2365; x_wconf 83' lang='lat' dir='ltr'><strong>eliam</strong></span> <span class='ocrx_word' id='word_1_136' title='bbox 1051 2305 1209 2380; x_wconf 81' lang='lat' dir='ltr'><strong>duxerInt,</strong></span> 
     </span>
     <span class='ocr_line' id='line_1_19' title="bbox 179 2413 1209 2498; baseline 0.008 -24"><span class='ocrx_word' id='word_1_137' title='bbox 179 2413 254 2475; x_wconf 91' lang='lat' dir='ltr'><strong>nihil</strong></span> <span class='ocrx_word' id='word_1_138' title='bbox 270 2416 308 2476; x_wconf 92' lang='lat' dir='ltr'><strong>ab</strong></span> <span class='ocrx_word' id='word_1_139' title='bbox 326 2415 370 2475; x_wconf 89' lang='lat' dir='ltr'><strong>eis</strong></span> <span class='ocrx_word' id='word_1_140' title='bbox 387 2435 405 2476; x_wconf 88' lang='lat' dir='ltr'><strong>a</strong></span> <span class='ocrx_word' id='word_1_141' title='bbox 420 2415 587 2479; x_wconf 88' lang='lat' dir='ltr'><strong>tributariis</strong></span> <span class='ocrx_word' id='word_1_142' title='bbox 604 2416 717 2477; x_wconf 88' lang='lat' dir='ltr'><strong>nostris</strong></span> <span class='ocrx_word' id='word_1_143' title='bbox 740 2415 884 2477; x_wconf 88' lang='lat' dir='ltr'><strong>uolumus</strong></span> <span class='ocrx_word' id='word_1_144' title='bbox 900 2417 1092 2498; x_wconf 83' lang='lat' dir='ltr'><strong>extorqueri.</strong></span> <span class='ocrx_word' id='word_1_145' title='bbox 1112 2417 1139 2480; x_wconf 88' lang='lat' dir='ltr'><strong>si</strong></span> <span class='ocrx_word' id='word_1_146' title='bbox 1153 2437 1209 2482; x_wconf 78' lang='lat' dir='ltr'><strong>au-</strong></span> 
     </span>
     <span class='ocr_line' id='line_1_20' title="bbox 179 2525 1209 2610; baseline 0.006 -23"><span class='ocrx_word' id='word_1_147' title='bbox 179 2535 242 2587; x_wconf 89' lang='lat' dir='ltr'><strong>tem</strong></span> <span class='ocrx_word' id='word_1_148' title='bbox 258 2525 439 2588; x_wconf 85' lang='lat' dir='ltr'><strong>tributarios</strong></span> <span class='ocrx_word' id='word_1_149' title='bbox 454 2526 565 2608; x_wconf 87' lang='lat' dir='ltr'><strong>aliquis</strong></span> <span class='ocrx_word' id='word_1_150' title='bbox 581 2527 756 2599; x_wconf 85' lang='lat' dir='ltr'><strong>extorserit,</strong></span> <span class='ocrx_word' id='word_1_151' title='bbox 771 2535 804 2588; x_wconf 94' lang='lat' dir='ltr'><strong>ut</strong></span> <span class='ocrx_word' id='word_1_152' title='bbox 819 2527 915 2608; x_wconf 91' lang='lat' dir='ltr'><strong>predo</strong></span> <span class='ocrx_word' id='word_1_153' title='bbox 927 2528 1041 2590; x_wconf 89' lang='lat' dir='ltr'><strong>mortui</strong></span> <span class='ocrx_word' id='word_1_154' title='bbox 1053 2529 1209 2610; x_wconf 83' lang='lat' dir='ltr'><strong>puniatur.</strong></span> 
     </span>
    </p>

    <p class='ocr_par' dir='ltr' id='par_1_8' title="bbox 178 2634 1210 2942">
     <span class='ocr_line' id='line_1_21' title="bbox 261 2634 1209 2721; baseline 0.008 -24"><span class='ocrx_word' id='word_1_155' title='bbox 261 2634 327 2717; x_wconf 79' lang='lat' dir='ltr'><strong>(1t)</strong></span> <span class='ocrx_word' id='word_1_156' title='bbox 348 2636 426 2699; x_wconf 86' lang='lat' dir='ltr'><strong>Item</strong></span> <span class='ocrx_word' id='word_1_157' title='bbox 440 2638 466 2699; x_wconf 92' lang='lat' dir='ltr'><strong>si</strong></span> <span class='ocrx_word' id='word_1_158' title='bbox 482 2638 593 2719; x_wconf 87' lang='lat' dir='ltr'><strong>aliquis</strong></span> <span class='ocrx_word' id='word_1_159' title='bbox 608 2638 769 2700; x_wconf 87' lang='lat' dir='ltr'><strong>iactauerit</strong></span> <span class='ocrx_word' id='word_1_160' title='bbox 787 2639 953 2701; x_wconf 82' lang='lat' dir='ltr'><strong>temerarie</strong></span> <span class='ocrx_word' id='word_1_161' title='bbox 974 2659 1070 2721; x_wconf 88' lang='lat' dir='ltr'><strong>super</strong></span> <span class='ocrx_word' id='word_1_162' title='bbox 1083 2640 1209 2704; x_wconf 75' lang='lat' dir='ltr'><strong>scholas</strong></span> 
     </span>
     <span class='ocr_line' id='line_1_22' title="bbox 180 2749 1210 2821; baseline 0.008 -12"><span class='ocrx_word' id='word_1_163' title='bbox 180 2749 365 2821; x_wconf 88' lang='lat' dir='ltr'><strong>Iudeorum,</strong></span> <span class='ocrx_word' id='word_1_164' title='bbox 387 2749 481 2811; x_wconf 87' lang='lat' dir='ltr'><strong>iudici</strong></span> <span class='ocrx_word' id='word_1_165' title='bbox 499 2750 667 2811; x_wconf 90' lang='lat' dir='ltr'><strong>Iudeorum</strong></span> <span class='ocrx_word' id='word_1_166' title='bbox 681 2768 817 2813; x_wconf 84' lang='lat' dir='ltr'><strong>marcam</strong></span> <span class='ocrx_word' id='word_1_167' title='bbox 840 2759 871 2815; x_wconf 90' lang='lat' dir='ltr'><strong>et</strong></span> <span class='ocrx_word' id='word_1_168' title='bbox 886 2750 1046 2812; x_wconf 83' lang='lat' dir='ltr'><strong>dimidiam</strong></span> <span class='ocrx_word' id='word_1_169' title='bbox 1064 2752 1210 2818; x_wconf 78' lang='lat' dir='ltr'><strong>uolumus</strong></span> 
     </span>
     <span class='ocr_line' id='line_1_23' title="bbox 178 2859 398 2942; baseline -0.005 -20"><span class='ocrx_word' id='word_1_170' title='bbox 178 2869 213 2922; x_wconf 93' lang='lat' dir='ltr'><strong>ut</strong></span> <span class='ocrx_word' id='word_1_171' title='bbox 227 2859 398 2942; x_wconf 89' lang='lat' dir='ltr'><strong>persoluat.</strong></span> 
     </span>
    </p>

    <p class='ocr_par' dir='ltr' id='par_1_9' title="bbox 180 2970 1211 3157">
     <span class='ocr_line' id='line_1_24' title="bbox 260 2970 1211 3058; baseline 0.009 -24"><span class='ocrx_word' id='word_1_172' title='bbox 260 2970 325 3051; x_wconf 83' lang='lat'>(15)</span> <span class='ocrx_word' id='word_1_173' title='bbox 347 2973 425 3035; x_wconf 89' lang='lat' dir='ltr'><strong>Item</strong></span> <span class='ocrx_word' id='word_1_174' title='bbox 447 2972 473 3034; x_wconf 92' lang='lat' dir='ltr'><strong>si</strong></span> <span class='ocrx_word' id='word_1_175' title='bbox 490 2972 603 3036; x_wconf 85' lang='lat' dir='ltr'><strong>Iudeus</strong></span> <span class='ocrx_word' id='word_1_176' title='bbox 618 2974 714 3036; x_wconf 92' lang='lat' dir='ltr'><strong>iudici</strong></span> <span class='ocrx_word' id='word_1_177' title='bbox 734 2994 790 3036; x_wconf 87' lang='lat' dir='ltr'><strong>suo</strong></span> <span class='ocrx_word' id='word_1_178' title='bbox 808 2976 840 3036; x_wconf 94' lang='lat' dir='ltr'><strong>in</strong></span> <span class='ocrx_word' id='word_1_179' title='bbox 865 2996 947 3056; x_wconf 84' lang='lat' dir='ltr'><strong>pena</strong></span> <span class='ocrx_word' id='word_1_180' title='bbox 960 2976 1117 3058; x_wconf 84' lang='lat' dir='ltr'><strong>pecuniali</strong></span> <span class='ocrx_word' id='word_1_181' title='bbox 1137 2997 1211 3043; x_wconf 77' lang='lat' dir='ltr'><strong>reue</strong></span> 
     </span>
     <span class='ocr_line' id='line_1_25' title="bbox 180 3083 1067 3157; baseline 0.008 -14"><span class='ocrx_word' id='word_1_182' title='bbox 180 3084 327 3147; x_wconf 90' lang='lat' dir='ltr'><strong>iuuentus</strong></span> <span class='ocrx_word' id='word_1_183' title='bbox 342 3083 448 3157; x_wconf 88' lang='lat' dir='ltr'><strong>lieret,</strong></span> <span class='ocrx_word' id='word_1_184' title='bbox 470 3085 595 3146; x_wconf 89' lang='lat' dir='ltr'><strong>nonnisi</strong></span> <span class='ocrx_word' id='word_1_185' title='bbox 611 3086 776 3148; x_wconf 90' lang='lat' dir='ltr'><strong>duodecim</strong></span> <span class='ocrx_word' id='word_1_186' title='bbox 791 3088 940 3151; x_wconf 81' lang='lat' dir='ltr'><strong>denarios</strong></span> <span class='ocrx_word' id='word_1_187' title='bbox 954 3088 1067 3150; x_wconf 87' lang='lat' dir='ltr'><strong>soluat.</strong></span> 
     </span>
    </p>

    <p class='ocr_par' dir='ltr' id='par_1_10' title="bbox 180 3196 1211 3609">
     <span class='ocr_line' id='line_1_26' title="bbox 264 3196 1211 3277; baseline 0.007 -21"><span class='ocrx_word' id='word_1_188' title='bbox 264 3197 345 3269; x_wconf 84' lang='grc'>(16)</span> <span class='ocrx_word' id='word_1_189' title='bbox 367 3196 445 3258; x_wconf 89' lang='lat' dir='ltr'><strong>Item</strong></span> <span class='ocrx_word' id='word_1_190' title='bbox 465 3196 490 3257; x_wconf 93' lang='lat' dir='ltr'><strong>si</strong></span> <span class='ocrx_word' id='word_1_191' title='bbox 513 3197 627 3258; x_wconf 91' lang='lat' dir='ltr'><strong>Iudeus</strong></span> <span class='ocrx_word' id='word_1_192' title='bbox 647 3216 704 3277; x_wconf 90' lang='lat' dir='ltr'><strong>per</strong></span> <span class='ocrx_word' id='word_1_193' title='bbox 719 3198 855 3261; x_wconf 89' lang='lat' dir='ltr'><strong>edictum</strong></span> <span class='ocrx_word' id='word_1_194' title='bbox 876 3198 926 3259; x_wconf 90' lang='lat' dir='ltr'><strong>sui</strong></span> <span class='ocrx_word' id='word_1_195' title='bbox 939 3198 1049 3259; x_wconf 84' lang='lat' dir='ltr'><strong>iudicIs</strong></span> <span class='ocrx_word' id='word_1_196' title='bbox 1064 3197 1164 3277; x_wconf 90' lang='lat' dir='ltr'><strong>primo</strong></span> <span class='ocrx_word' id='word_1_197' title='bbox 1179 3207 1211 3263; x_wconf 91' lang='lat' dir='ltr'><strong>et</strong></span> 
     </span>
     <span class='ocr_line' id='line_1_27' title="bbox 180 3307 1209 3391; baseline 0.009 -26"><span class='ocrx_word' id='word_1_198' title='bbox 180 3307 319 3366; x_wconf 87' lang='lat' dir='ltr'><strong>secundo</strong></span> <span class='ocrx_word' id='word_1_199' title='bbox 339 3326 402 3367; x_wconf 95' lang='lat' dir='ltr'><strong>non</strong></span> <span class='ocrx_word' id='word_1_200' title='bbox 424 3309 561 3381; x_wconf 87' lang='lat' dir='ltr'><strong>uenerit,</strong></span> <span class='ocrx_word' id='word_1_201' title='bbox 585 3328 641 3390; x_wconf 89' lang='lat' dir='ltr'><strong>pro</strong></span> <span class='ocrx_word' id='word_1_202' title='bbox 658 3317 790 3391; x_wconf 87' lang='lat' dir='ltr'><strong>utraque</strong></span> <span class='ocrx_word' id='word_1_203' title='bbox 811 3309 881 3370; x_wconf 90' lang='lat' dir='ltr'><strong>uice</strong></span> <span class='ocrx_word' id='word_1_204' title='bbox 897 3309 999 3369; x_wconf 85' lang='lat' dir='ltr'><strong>soluat</strong></span> <span class='ocrx_word' id='word_1_205' title='bbox 1021 3308 1117 3371; x_wconf 89' lang='lat' dir='ltr'><strong>iudici</strong></span> <span class='ocrx_word' id='word_1_206' title='bbox 1132 3328 1209 3390; x_wconf 74' lang='lat' dir='ltr'><strong>que-</strong></span> 
     </span>
     <span class='ocr_line' id='line_1_28' title="bbox 182 3417 1210 3497; baseline 0.008 -20"><span class='ocrx_word' id='word_1_207' title='bbox 182 3424 253 3477; x_wconf 91' lang='lat' dir='ltr'><strong>tuor</strong></span> <span class='ocrx_word' id='word_1_208' title='bbox 269 3437 326 3497; x_wconf 92' lang='lat' dir='ltr'><strong>pro</strong></span> <span class='ocrx_word' id='word_1_209' title='bbox 341 3417 456 3482; x_wconf 89' lang='lat' dir='ltr'><strong>iudicio</strong></span> <span class='ocrx_word' id='word_1_210' title='bbox 471 3429 658 3483; x_wconf 87' lang='lat' dir='ltr'><strong>memorato.</strong></span> <span class='ocrx_word' id='word_1_211' title='bbox 681 3419 708 3481; x_wconf 90' lang='lat' dir='ltr'><strong>si</strong></span> <span class='ocrx_word' id='word_1_212' title='bbox 723 3420 762 3481; x_wconf 90' lang='lat' dir='ltr'><strong>ad</strong></span> <span class='ocrx_word' id='word_1_213' title='bbox 778 3419 910 3482; x_wconf 89' lang='lat' dir='ltr'><strong>tercium</strong></span> <span class='ocrx_word' id='word_1_214' title='bbox 925 3419 1061 3480; x_wconf 87' lang='lat' dir='ltr'><strong>edietum</strong></span> <span class='ocrx_word' id='word_1_215' title='bbox 1076 3439 1139 3481; x_wconf 92' lang='lat' dir='ltr'><strong>non</strong></span> <span class='ocrx_word' id='word_1_216' title='bbox 1155 3441 1210 3485; x_wconf 87' lang='lat' dir='ltr'><strong>ue·</strong></span> 
     </span>
     <span class='ocr_line' id='line_1_29' title="bbox 181 3526 607 3609; baseline 0.014 -23"><span class='ocrx_word' id='word_1_217' title='bbox 181 3526 278 3598; x_wconf 91' lang='lat' dir='ltr'><strong>nerit,</strong></span> <span class='ocrx_word' id='word_1_218' title='bbox 301 3527 404 3590; x_wconf 90' lang='lat' dir='ltr'><strong>soluat</strong></span> <span class='ocrx_word' id='word_1_219' title='bbox 417 3528 526 3609; x_wconf 82' lang='lat' dir='ltr'><strong>uiginti</strong></span> <span class='ocrx_word' id='word_1_220' title='bbox 541 3552 607 3594; x_wconf 86' lang='lat' dir='ltr'><strong>sex.</strong></span> 
     </span>
    </p>

    <p class='ocr_par' dir='ltr' id='par_1_11' title="bbox 179 3640 1210 3834">
     <span class='ocr_line' id='line_1_30' title="bbox 261 3640 1210 3715; baseline 0.008 -16"><span class='ocrx_word' id='word_1_221' title='bbox 261 3640 340 3713; x_wconf 84' lang='lat'>(17)</span> <span class='ocrx_word' id='word_1_222' title='bbox 360 3640 436 3702; x_wconf 89' lang='lat' dir='ltr'><strong>Item</strong></span> <span class='ocrx_word' id='word_1_223' title='bbox 451 3641 477 3704; x_wconf 87' lang='lat' dir='ltr'><strong>si</strong></span> <span class='ocrx_word' id='word_1_224' title='bbox 497 3643 611 3704; x_wconf 92' lang='lat' dir='ltr'><strong>Iudeus</strong></span> <span class='ocrx_word' id='word_1_225' title='bbox 627 3643 756 3703; x_wconf 86' lang='lat' dir='ltr'><strong>Iudcum</strong></span> <span class='ocrx_word' id='word_1_226' title='bbox 780 3640 1012 3715; x_wconf 85' lang='lat' dir='ltr'><strong>uulnerauerit,</strong></span> <span class='ocrx_word' id='word_1_227' title='bbox 1034 3663 1091 3705; x_wconf 90' lang='lat' dir='ltr'><strong>suo</strong></span> <span class='ocrx_word' id='word_1_228' title='bbox 1113 3642 1210 3708; x_wconf 86' lang='lat' dir='ltr'><strong>iudici</strong></span> 
     </span>
     <span class='ocr_line' id='line_1_31' title="bbox 179 3753 1086 3834; baseline 0.008 -25"><span class='ocrx_word' id='word_1_229' title='bbox 179 3769 316 3813; x_wconf 84' lang='lat' dir='ltr'><strong>marcam</strong></span> <span class='ocrx_word' id='word_1_230' title='bbox 332 3760 364 3814; x_wconf 88' lang='lat' dir='ltr'><strong>et</strong></span> <span class='ocrx_word' id='word_1_231' title='bbox 378 3753 539 3816; x_wconf 83' lang='lat' dir='ltr'><strong>dimidiam</strong></span> <span class='ocrx_word' id='word_1_232' title='bbox 553 3755 584 3815; x_wconf 93' lang='lat' dir='ltr'><strong>in</strong></span> <span class='ocrx_word' id='word_1_233' title='bbox 599 3774 714 3834; x_wconf 86' lang='lat' dir='ltr'><strong>penam</strong></span> <span class='ocrx_word' id='word_1_234' title='bbox 730 3754 855 3816; x_wconf 89' lang='lat' dir='ltr'><strong>soluere</strong></span> <span class='ocrx_word' id='word_1_235' title='bbox 871 3774 933 3816; x_wconf 94' lang='lat' dir='ltr'><strong>non</strong></span> <span class='ocrx_word' id='word_1_236' title='bbox 953 3762 1086 3819; x_wconf 86' lang='lat' dir='ltr'><strong>recuset.</strong></span> 
     </span>
    </p>

    <p class='ocr_par' dir='ltr' id='par_1_12' title="bbox 176 3862 1211 4149">
     <span class='ocr_line' id='line_1_32' title="bbox 259 3862 1210 3948; baseline 0.011 -26"><span class='ocrx_word' id='word_1_237' title='bbox 259 3862 341 3936; x_wconf 89' lang='lat'>(18)</span> <span class='ocrx_word' id='word_1_238' title='bbox 362 3863 440 3926; x_wconf 89' lang='lat' dir='ltr'><strong>Item</strong></span> <span class='ocrx_word' id='word_1_239' title='bbox 465 3865 629 3927; x_wconf 87' lang='lat' dir='ltr'><strong>statuimus</strong></span> <span class='ocrx_word' id='word_1_240' title='bbox 655 3873 690 3927; x_wconf 92' lang='lat' dir='ltr'><strong>ut</strong></span> <span class='ocrx_word' id='word_1_241' title='bbox 713 3864 817 3926; x_wconf 91' lang='lat' dir='ltr'><strong>nullus</strong></span> <span class='ocrx_word' id='word_1_242' title='bbox 840 3865 923 3928; x_wconf 88' lang='lat' dir='ltr'><strong>iuret</strong></span> <span class='ocrx_word' id='word_1_243' title='bbox 948 3885 1006 3948; x_wconf 90' lang='lat' dir='ltr'><strong>pro</strong></span> <span class='ocrx_word' id='word_1_244' title='bbox 1028 3887 1063 3929; x_wconf 89' lang='lat' dir='ltr'><strong>re</strong></span> <span class='ocrx_word' id='word_1_245' title='bbox 1087 3867 1210 3932; x_wconf 79' lang='lat' dir='ltr'><strong>modica</strong></span> 
     </span>
     <span class='ocr_line' id='line_1_33' title="bbox 176 3972 1211 4058; baseline 0.01 -25"><span class='ocrx_word' id='word_1_246' title='bbox 176 3992 271 4054; x_wconf 89' lang='lat' dir='ltr'><strong>super</strong></span> <span class='ocrx_word' id='word_1_247' title='bbox 292 3972 405 4035; x_wconf 91' lang='lat' dir='ltr'><strong>librum</strong></span> <span class='ocrx_word' id='word_1_248' title='bbox 427 3974 562 4056; x_wconf 81' lang='lat' dir='ltr'><strong>Moysis,</strong></span> <span class='ocrx_word' id='word_1_249' title='bbox 591 3976 644 4058; x_wconf 94' lang='lat' dir='ltr'><strong>qui</strong></span> <span class='ocrx_word' id='word_1_250' title='bbox 667 3975 780 4057; x_wconf 84' lang='lat' dir='ltr'><strong>podale</strong></span> <span class='ocrx_word' id='word_1_251' title='bbox 801 3974 987 4058; x_wconf 84' lang='lat' dir='ltr'><strong>appellatur,</strong></span> <span class='ocrx_word' id='word_1_252' title='bbox 1014 3978 1074 4042; x_wconf 84' lang='lat' dir='ltr'><strong>nisi</strong></span> <span class='ocrx_word' id='word_1_253' title='bbox 1092 3979 1132 4041; x_wconf 83' lang='lat' dir='ltr'><strong>ad</strong></span> <span class='ocrx_word' id='word_1_254' title='bbox 1152 3998 1211 4043; x_wconf 91' lang='lat' dir='ltr'><strong>no-</strong></span> 
     </span>
     <span class='ocr_line' id='line_1_34' title="bbox 176 4084 751 4149; baseline 0.009 -5"><span class='ocrx_word' id='word_1_255' title='bbox 176 4091 272 4145; x_wconf 91' lang='lat' dir='ltr'><strong>stram</strong></span> <span class='ocrx_word' id='word_1_256' title='bbox 288 4093 419 4148; x_wconf 80' lang='lat' dir='ltr'><strong>uocatus</strong></span> <span class='ocrx_word' id='word_1_257' title='bbox 434 4084 531 4148; x_wconf 85' lang='lat' dir='ltr'><strong>luerit</strong></span> <span class='ocrx_word' id='word_1_258' title='bbox 544 4087 751 4149; x_wconf 86' lang='lat' dir='ltr'><strong>maiestatem.</strong></span> 
     </span>
    </p>
   </div>
   <div class='ocr_carea' id='block_1_5' title="bbox 259 4198 1210 4288">
    <p class='ocr_par' dir='ltr' id='par_1_13' title="bbox 259 4198 1210 4288">
     <span class='ocr_line' id='line_1_35' title="bbox 259 4198 1210 4288; baseline 0.005 -29"><span class='ocrx_word' id='word_1_259' title='bbox 259 4198 338 4274; x_wconf 87' lang='grc'>(19)</span> <span class='ocrx_word' id='word_1_260' title='bbox 365 4198 445 4261; x_wconf 89' lang='lat' dir='ltr'><strong>Item</strong></span> <span class='ocrx_word' id='word_1_261' title='bbox 464 4198 492 4260; x_wconf 84' lang='lat' dir='ltr'><strong>si</strong></span> <span class='ocrx_word' id='word_1_262' title='bbox 511 4198 608 4263; x_wconf 85' lang='lat' dir='ltr'><strong>luerit</strong></span> <span class='ocrx_word' id='word_1_263' title='bbox 625 4198 743 4266; x_wconf 86' lang='lat' dir='ltr'><strong>Iudeus</strong></span> <span class='ocrx_word' id='word_1_264' title='bbox 764 4199 845 4266; x_wconf 80' lang='lat' dir='ltr'><strong>elam</strong></span> <span class='ocrx_word' id='word_1_265' title='bbox 868 4200 1073 4288; x_wconf 88' lang='lat' dir='ltr'><strong>interemptus</strong></span> <span class='ocrx_word' id='word_1_266' title='bbox 1097 4208 1132 4264; x_wconf 93' lang='lat' dir='ltr'><strong>ut</strong></span> <span class='ocrx_word' id='word_1_267' title='bbox 1152 4218 1210 4286; x_wconf 84' lang='lat' dir='ltr'><strong>per</strong></span> 
     </span>
    </p>
   </div>
   <div class='ocr_carea' id='block_1_6' title="bbox 0 0 1404 4764">
    <p class='ocr_par' dir='ltr' id='par_1_14' title="bbox 0 0 1404 4764">
     <span class='ocr_line' id='line_1_36' title="bbox 0 0 1404 4764; baseline 0 0"><span class='ocrx_word' id='word_1_268' title='bbox 0 0 1404 4764; x_wconf 95' lang='lat' dir='ltr'><strong> </strong></span> 
     </span>
    </p>
   </div>
  </div>
 </body>
</html>
