2798 4764
180 318 243 389 idi
406 407 414 419 Ι
500 340 685 388 maurane
708 340 750 389 aa
771 295 884 389 samu.

264 489 366 567 (hid)
387 490 569 555 Castrenses
590 493 630 555 de
652 492 755 566 Orod,
775 491 894 555 scilicet
907 489 1070 564 Matthias,
1092 496 1130 553 et
1144 486 1230 553 Sor·

180 603 320 677 laudam,
332 604 551 684 ,impetierunt
573 624 680 667 coram
699 604 861 667 Desiderio
881 605 1040 684 episcopo,
1066 603 1186 667 iudice
1207 623 1228 666 a

180 735 256 797 rege
269 716 395 778 Aridrca
410 716 566 797 deiegato,
587 717 749 779 Nicolaum
763 715 1014 779 archidiaconum
1033 726 1068 779 et
1082 716 1230 779 canoni·

180 846 251 889 cum
265 826 533 900 Chanadieneem‚
564 826 704 891 dicentes
717 829 805 909 qirod
826 838 942 891 terram
956 846 1067 889 eorum
1082 829 1226 891 nomine

179 938 338 1020 Bursorog
358 938 513 1001 uiolenter
534 947 726 1019 occupasset.
748 939 800 1000 iiie
820 948 924 1001 autem
947 938 1114 1017 respondit
1139 958 1225 1002 eea-

181 1049 253 1111 dem
268 1057 382 1110 terram
397 1049 487 1111 titulo
502 1049 669 1130 emptionis
684 1050 880 1131 possedisse,
914 1050 1022 1113 dicens
1036 1049 1128 1131 quod
1145 1052 1224 1133 qui-

181 1161 252 1223 dam
266 1161 345 1222 iiher
359 1160 454 1222 homo
470 1162 596 1223 nomine
610 1161 763 1223 Keiemeu
776 1159 859 1224 filius
873 1161 951 1243 Ugni
971 1180 1041 1223 eam
1055 1161 1118 1223 sihi
1135 1176 1224 1225 uen³

181 1270 321 1334 didisset.
348 1271 400 1352 qui
422 1290 491 1334 cum
514 1272 667 1334 adductus
689 1281 761 1334 ante
781 1271 917 1334 iudicem
936 1273 1070 1334 eandem
1091 1279 1221 1337 tamn

181 1380 285 1443 eidem
309 1380 436 1443 Niooiao
465 1381 684 1444 archidiacono
709 1402 743 1444 se
768 1382 947 1444 uendidisse
970 1401 1034 1443 nou
1060 1391 1221 1464 negaret,

180 1492 320 1554 sedeam
335 1490 557 1554 hereditariam
578 1492 637 1555 sihi
659 1499 812 1554 astrueret
830 1499 1018 1565 constanter,
1039 1493 1155 1555 iussus
1169 1502 1222 1558 eet

181 1622 199 1665 a
215 1602 335 1684 preiato
349 1604 452 1666 iudice
468 1604 585 1666 ferrum
597 1604 853 1666 candenscoutra
869 1609 1056 1665 memoratos
1067 1613 1221 1667 cestren·

180 1732 232 1775 ses
248 1712 394 1774 Uaradini
409 1720 555 1792 portare,
576 1730 638 1794 quo
655 1720 776 1793 portato
791 1711 972 1775 iustificatus
986 1720 1044 1775 est.

263 1823 362 1895 (250)
385 1820 561 1901 Stephanus
583 1822 622 1883 de
644 1820 717 1885 uilia
741 1822 851 1904 Thepa
873 1824 957 1904 cepit
975 1842 1109 1886 seruum
1132 1823 1221 1909 iugi·

181 1932 279 1996 tiuum
295 1950 385 1994 suum
400 1931 526 1994 nomine
540 1932 714 1995 Morodelm
730 1934 814 2014 apud
827 1935 959 1996 Beusam
973 1934 1011 1995 de
1026 1932 1106 1996 uilia
1118 1937 1222 2012 Tura,

180 2043 234 2126 qui
259 2043 359 2106 Bensa
382 2043 544 2125 respondit
566 2042 700 2106 eoadem
723 2062 851 2105 seruum
875 2044 972 2106 fuisse
997 2044 1121 2111 sororis
1147 2066 1220 2122 suc,

180 2174 315 2218 uouerce
337 2155 434 2236 ipsius
448 2152 614 2236 Stephani,
635 2173 741 2216 coram
756 2155 889 2227 arbitris,
911 2153 1030 2217 aciiioet
1042 2156 1219 2220 Dominico

180 2265 293 2329 comite
314 2266 467 2328 athalus.
495 2266 552 2328 sed
573 2285 644 2328 cum
663 2275 774 2327 neutra
795 2284 866 2346 pars
886 2265 1046 2328 sufficiens
1067 2269 1219 2331 testimo·

179 2377 265 2439 nium
291 2388 396 2459 posset
420 2378 594 2450 adducere,
624 2378 773 2439 nominati
795 2378 915 2441 iudices
939 2396 1003 2459 per
1020 2379 1217 2457 pristaidun

179 2488 303 2549 nornine
333 2487 493 2550 hibertum
528 2488 568 2549 ad
600 2506 732 2549 examen
761 2486 835 2549 ferri
863 2489 1023 2550 candentis
1053 2486 1219 2554 miserunt

178 2599 381 2672 Uaradinum,
407 2598 458 2661 uhi
481 2599 550 2660 tuiis
571 2600 652 2660 inter
670 2618 724 2660 eos
746 2598 828 2661 iacta
850 2607 897 2661 est
915 2600 1099 2671 conuencio,
1124 2603 1217 2680 quod

178 2709 317 2791 prefatus
332 2709 508 2790 Stephanus
524 2709 643 2790 preiato
658 2710 758 2772 Bensa
774 2711 861 2772 daret
876 2710 986 2792 uiginti
1002 2720 1034 2772 et
1049 2711 1116 2773 duo
1133 2734 1220 2792 pon·

179 2818 273 2889 dora,
294 2818 395 2878 Bensa
414 2837 493 2878 uero
512 2827 544 2878 et
562 2837 690 2879 seruum
712 2819 877 2901 fugitiuum
898 2821 1062 2893 redderet,
1084 2831 1120 2884 ct
1135 2823 1218 2885 nihii

181 2927 218 2988 de
233 2926 424 3006 cognacione
439 2927 523 2988 serui
539 2926 620 2987 iliius
636 2947 654 2989 a
668 2929 827 3009 Stephano
843 2933 1026 3012 requireret.

262 3039 360 3111 (25¹)
383 3037 511 3100 diarcha
523 3039 561 3101 de
574 3039 665 3120 Scyiii
677 3039 815 3120 impeciit
824 3043 945 3104 Dedum
957 3043 996 3105 de
1010 3043 1080 3104 uiiia
1094 3045 1215 3128 Thepe

178 3167 236 3231 pro
247 3148 439 3211 clandestina
454 3150 647 3213 traductione
659 3153 792 3215 duorum
807 3173 970 3215 seruorum
986 3153 1084 3233 ipsius
1096 3156 1217 3219 ueien-

179 3262 261 3325 cium
276 3281 331 3322 sex
346 3280 475 3332 marcas,
496 3281 601 3323 coram
619 3262 779 3341 Stephano
794 3264 908 3325 comite
923 3264 962 3326 de
977 3264 1130 3326 Zohoich.
1157 3269 1216 3348 qui

178 3373 351 3436 discuciens
370 3392 425 3434 eos
441 3372 522 3435 misit
536 3373 575 3433 ad
591 3393 723 3436 examen
739 3373 812 3435 ferri
828 3375 988 3437 candentis
1003 3374 1215 3453 Uaradinum,

178 3484 230 3545 uhi
246 3481 482 3561 prenominatus
497 3484 602 3545 nodus
624 3492 747 3563 portato
766 3484 851 3546 ferro
872 3486 1038 3548 mundatus
1053 3495 1120 3559 est,
1144 3488 1216 3569 pri-

178 3593 278 3653 staido
293 3594 375 3653 Pous
391 3593 430 3654 de
445 3593 519 3654 uitia
534 3593 608 3653 Paul
631 3593 792 3656 existente.

260 3705 357 3776 (2’52)
380 3705 508 3766 ttomina
524 3702 628 3764 Pauiia
645 3723 724 3765 uror
739 3705 852 3767 Parrus
870 3725 939 3767 crim
955 3706 1177 3786 requisiuisset
1190 3730 1213 3773 a

177 3812 271 3875 iratae
296 3834 352 3874 suo
368 3814 515 3875 Custodia
537 3814 698 3875 sacerdote
721 3815 863 3876 ancillam
884 3837 973 3877 suam
993 3817 1213 3897 Murguetam,

177 3935 208 3986 et
222 3926 272 3986 iiie
287 3945 348 3987 non
364 3925 511 3986 redderet
525 3945 611 3998 eam,
633 3924 740 3985 diceus
761 3926 844 3987 iiiam
863 3946 933 3988 esse
948 3946 1052 3999 suam,
1075 3929 1212 3996 Inachia

175 4034 271 4099 iudex
296 4057 334 4098 cx
361 4043 509 4115 precepto
531 4034 664 4099 Simonis
690 4036 909 4101 Uaradiaensia
934 4038 1073 4118 episcopi
1098 4045 1215 4121 posuit

177 4168 233 4213 eos
247 4150 286 4212 ad
302 4146 450 4211 iudicium
464 4144 539 4209 ierri
549 4148 719 4223 candentis,
733 4149 787 4233 qni
797 4157 945 4231 presente
956 4149 1039 4232 Saph
1050 4152 1213 4234 pristaldo
