2798 4764
226 360 357 406 annua
378 359 413 405 rr.
432 359 522 405 naurs
543 360 692 407 crunnus
712 361 969 408 vamsnmrrsmrr.
997 345 1089 410 1209.
1133 344 1194 411 toa

249 515 342 590 Quod
357 522 391 576 ut
405 520 506 577 ratum
522 533 559 577 ac
572 514 683 577 stabile
698 516 850 598 perduret
864 516 896 578 in
908 526 1078 597 posterum,
1092 518 1193 600 sigillo

167 633 276 689 nostro
290 624 520 687 confirmamus.
541 626 649 687 datum
662 644 720 706 por
731 646 840 688 manus
853 625 999 688 Gocholzi
1012 627 1194 692 Orodiensis

168 737 333 820 prepositi,
355 738 426 799 aule
440 736 527 819 regie
542 738 729 800 cancellarii.
751 758 834 801 auno
850 738 888 800 ab
903 739 1122 801 incarnacione
1138 739 1196 802 do·

170 850 245 914 mini
260 847 427 912 millesimo
442 850 658 912 ducentesimo
674 857 773 913 sexto.

484 1229 661 1312 dlllllllldl
687 1229 730 1314 11.
754 1230 876 1314 natis

521 1420 840 1507 LIBERTAS

638 1597 719 1650 nara

189 1743 421 1806 HOSPlTlBUS
441 1746 481 1806 IN
503 1746 622 1808 VILLA
641 1746 797 1809 VARASD
821 1746 1172 1810 COMMORANTIBUS.

612 1887 749 1948 mcclx.

276 2043 299 2095 E
316 2042 453 2109 diplomate
469 2043 552 2108 Regis
570 2043 596 2094 in
614 2044 740 2095 tabulario
758 2045 788 2095 L.
801 2045 833 2095 ll.
848 2046 877 2095 C.
893 2045 1084 2098 Verasdicnsls.

578 2199 784 2210 —n—-—

248 2320 423 2383 innomine
445 2329 553 2383 sancte
575 2320 719 2383 trinitatis
734 2332 766 2384 et
784 2321 946 2383 indiuiduo
963 2322 1098 2384 unitatis.
1131 2323 1193 2383 An-

168 2432 258 2493 dreas
285 2432 336 2492 dei
359 2432 463 2511 gracia
492 2431 668 2512 Hungarie,
696 2431 870 2504 Dalmacie,
903 2431 1050 2504 Croucie,
1081 2433 1193 2505 Rama,

167 2541 290 2613 Seruio,
313 2541 439 2603 Gallicie
455 2541 706 2622 Lodomerieque
722 2561 778 2603 rex
792 2543 823 2602 iu
840 2550 1035 2623 perpetuum.

249 2652 334 2712 Ordo
361 2653 435 2713 iuris
462 2650 654 2732 expostulat,
684 2661 715 2713 et
742 2655 826 2713 racio
852 2654 949 2734 exigit
973 2655 1129 2735 equitatis,
1159 2661 1195 2717 ut

167 2765 248 2825 hone
267 2764 340 2825 fidei
362 2772 537 2826 contractus
554 2772 706 2845 perpetue
725 2765 897 2827 stabilitatis
919 2766 1075 2847 gaudeant
1096 2767 1194 2828 sirmi·

168 2882 243 2947 tate,
265 2895 322 2936 nec
344 2875 523 2956 iniquorum
544 2874 707 2937 fraudibus
728 2876 947 2948 dissoluantur,
970 2897 1030 2958 que
1045 2877 1137 2939 inicio
1154 2896 1193 2940 ex

169 2986 305 3066 equitate
321 2995 553 3065 processerunt.
582 2984 655 3048 hinc
672 2988 818 3069 estquod
836 2988 875 3049 ad
890 2988 1077 3068 peticionem
1091 2987 1193 3050 fidelis

168 3096 266 3159 nostri
296 3095 378 3156 Peclr
410 3094 535 3175 palatini
566 3106 598 3160 et
624 3098 744 3160 comitis
773 3098 977 3170 arusuensis,
1006 3108 1037 3160 et
1059 3099 1192 3161 maxime

168 3208 261 3270 fidele
284 3209 451 3268 seruicium
474 3207 631 3289 hospitum
648 3219 825 3271 nostrorum
840 3210 872 3269 in
888 3210 961 3270 nilla
977 3210 1092 3270 Uarasd
1108 3228 1193 3269 cnm-

170 3320 381 3390 moraucium,
403 3319 487 3398 quod
504 3319 593 3379 uobis
609 3320 723 3380 deuote
739 3318 947 3400 fideliterque,
969 3320 1042 3379 dum
1057 3318 1089 3378 in
1104 3319 1193 3378 lieno

171 3430 385 3492 detineremur
409 3430 441 3489 in
467 3448 610 3500 carcere,
637 3428 861 3499 exhibuerunt,
889 3447 946 3508 pro
971 3428 1083 3488 allecta
1105 3426 1193 3507 regio

170 3542 415 3612 considerantes,
433 3540 478 3600 eis
494 3547 555 3599 tam
570 3538 602 3599 in
617 3538 754 3617 presenti
770 3537 972 3598 existentibus
988 3557 1080 3617 quam
1096 3537 1194 3599 eciam

169 3653 481 3734 superuenientibuS‚
504 3660 654 3732 perpetuo
673 3650 741 3711 iure
756 3649 943 3712 contulimus
958 3658 1071 3711 statum
1086 3649 1195 3712 huius-

171 3766 254 3826 modi
280 3763 447 3835 libertatis,
479 3782 515 3825 ac
541 3771 654 3824 terram
680 3762 901 3824 circumdatam
935 3763 1072 3843 undique
1104 3764 1193 3827 metis

169 3877 360 3958 precipimus
375 3877 420 3938 eis
435 3875 605 3958 assignare.
634 3874 760 3937 libertas
776 3875 1065 3956 prenominatorum
1087 3875 1194 3958 hospi-

170 3998 234 4051 tum
250 3996 429 4050 nostrorum
444 3987 503 4050 beo
518 3995 582 4050 est:

252 4095 302 4178 lt)
326 4101 409 4181 quod
425 4118 529 4162 comes
545 4098 597 4163 uel
611 4118 687 4162 suus
702 4116 760 4163 con
988 4118 1038 4161 ron
1059 4098 1196 4162 habeant

171 4217 358 4298 potestatem
381 4229 435 4274 eos
456 4209 633 4288 iudicandi,
653 4209 713 4277 sed
1024 4228 1119 4297 mque
1138 4226 1196 4273 uo·
