2798 4764
578 936 693 1019 ΒΜ
717 936 773 1020 Ν.
798 935 919 1019 ntots

232 1112 496 1187 brunerus
534 1110 810 1189 nostorum
857 1114 926 1186 BE
965 1110 1262 1187 seumonolt.

659 1267 835 1329 blCCXLll.

543 1424 583 1475 Ex
599 1424 747 1490 apographo
762 1422 947 1474 Kercbaltolrtl.

316 1666 390 1730 Bela
405 1667 455 1729 dei
475 1667 578 1748 gracia
593 1666 768 1748 llungarie,
788 1667 964 1739 Dalmacie,
987 1666 1132 1740 Croacie,
1154 1669 1260 1740 Rame,

234 1777 360 1850 Seruie,
382 1776 499 1839 Galicie
516 1776 729 1857 Cumanieque
744 1796 810 1850 rex,
832 1777 977 1838 omnibus
989 1777 1101 1839 Christi
1115 1777 1259 1839 fidelibus

233 1908 365 1971 presens
379 1888 528 1968 seriptum
541 1887 730 1968 inspecturis
745 1887 877 1950 salutem
889 1896 921 1949 et
932 1908 1024 1950 ‹rnrno
1038 1889 1166 1949 bonum.
1188 1888 1260 1949 libi·

233 2018 358 2080 ounque
372 1994 475 2060 'nostri
497 1998 630 2060 nominis
653 1998 830 2060 interuentu
851 2017 945 2079 posse
966 1999 1123 2061 credimus
1147 1998 1259 2080 aliqui-

233 2110 292 2172 bus
316 2109 585 2182 subueniendum,
616 2109 700 2190 pium
725 2127 783 2170 uos
808 2110 900 2172 <leuet
924 2110 1075 2173 adbibere
1097 2110 1258 2183 fauorem,

233 2220 399 2303 presertim
424 2240 464 2281 ne
491 2220 605 2282 ueritas
630 2218 819 2293 occultetur,
853 2229 906 2281 aut
928 2221 1075 2301 iniquitas
1100 2221 1261 2301 preualeat

234 2332 373 2415 equitati.
398 2340 565 2413 eapropter
580 2331 619 2393 ml
634 2331 780 2393 noticiam
795 2331 1014 2394 uniuersorum
1029 2332 1172 2393 uolumus
1187 2353 1259 2412 por·

233 2445 358 2517 uenire,
379 2444 464 2525 quorl
479 2444 665 2505 aecedentes
680 2444 719 2505 ad
740 2450 878 2504 nostram
901 2443 1096 2523 presenciam
1119 2444 1259 2525 hospites

233 2557 331 2619 nostri
348 2557 386 2617 de
398 2554 561 2626 Zamobor,
582 2574 680 2635 prope
697 2564 832 2617 castrum
844 2554 977 2616 Osclrich
989 2554 1136 2627 existens,
1157 2555 1259 2615 hunri-

232 2661 304 2725 liter
324 2684 342 2725 a
364 2663 454 2724 nobis
477 2663 655 2745 flagitarunt
676 2673 707 2726 et
725 2664 886 2736 instanter,
907 2672 940 2726 ut
956 2665 1083 2725 modum
1099 2672 1130 2727 et
1145 2674 1258 2727 statum

233 2773 382 2835 libertatis
394 2792 503 2834 eorum
516 2774 554 2834 de
570 2774 673 2854 gracia
685 2782 717 2835 et
731 2774 931 2855 prouidenciu
948 2774 997 2854 pie
1014 2776 1163 2837 memorie
1176 2778 1258 2857 regis

234 2884 429 2956 Colomauui,
444 2884 761 2966 carissimiquondam
776 2883 880 2947 fratris
894 2887 1002 2959 nostri,
1016 2888 1100 2947 iuxta
1115 2896 1258 2948 tenorem

233 2994 383 3058 libertatis
398 2994 556 3076 hospitum
572 2995 611 3057 de
625 2996 751 3056 Petrina
764 2995 934 3058 liberaliter
950 3016 1113 3070 concesse,
1136 3006 1258 3058 nostra-

233 3126 300 3169 rum
315 3108 497 3168 alletoritate
511 3106 670 3167 literarum
686 3107 886 3187 dignaremur
900 3107 1097 3169 confirmare.
1125 3110 1187 3170 Nos
1202 3109 1257 3169 ita·

233 3236 295 3299 que
310 3217 507 3279 considerata
523 3235 633 3278 eorum
648 3216 796 3289 utilitate,
818 3217 963 3298 precibus
979 3217 1117 3298 ipsorum
1133 3218 1256 3279 lauora-

231 3329 335 3391 biliter
359 3338 542 3400 annuentes,
563 3328 620 3390 sub
644 3329 786 3391 libertate
811 3330 872 3389 iam
897 3327 978 3390 sacta
1004 3329 1089 3409 ipsos
1113 3329 1255 3390 duximus

234 3448 387 3519 perpetuo
406 3440 598 3501 statuendos
624 3440 712 3500 cuius
732 3439 845 3500 seriem
867 3439 897 3499 in
914 3437 1077 3519 priuilegio
1093 3439 1255 3500 memorati

233 3550 336 3611 fratris
351 3550 447 3611 nostri
463 3548 564 3612 taliter
578 3550 712 3612 uidimus
728 3549 896 3612 coutineri:

315 3658 362 3739 (1)
386 3669 418 3721 ut
431 3660 551 3722 scilicet
567 3662 653 3741 ipsos
668 3660 771 3722 nullus
786 3661 922 3722 iudicum
939 3670 1130 3732 nostrorum,
1152 3671 1256 3742 preter

231 3770 382 3832 maiorem
403 3769 476 3831 uille
497 3789 620 3844 eorum,
642 3791 736 3853 quem
758 3769 933 3833 uoluntarie
952 3770 1119 3852 elegerint,
1142 3773 1256 3835 audeat

229 3880 381 3941 iudicare.
410 3888 442 3943 et
463 3882 490 3942 si
510 3881 549 3943 ab
570 3901 679 3945 eorum
701 3881 803 3945 indice
823 3882 1087 3962 conquerentibus
1110 3880 1254 3943 satisfieri

230 4008 294 4053 non
308 3989 431 4071 poterit,
452 3991 546 4055 iudex
562 4012 671 4057 eorum
685 3992 839 4057 innostra
853 3991 1032 4075 presencia,
1053 3999 1085 4056 et
1098 4012 1162 4054 nou
1177 3992 1254 4054 alias

227 4122 325 4193 super
344 4103 411 4189 ipsa
433 4122 527 4169 causa
547 4104 669 4183 citatus,
692 4106 806 4173 debeat
827 4112 859 4171 et
879 4111 1025 4173 teneatur
1038 4105 1253 4194 respondere,
