2798 4764
471 389 599 439 oromcr
620 392 829 440 nuncsronmr
856 376 915 454 (t).
1163 374 1201 442 di

509 629 696 694 Pretaeto
714 631 878 693 autoris.

263 769 364 833 Omns
379 768 651 850 datumoptimum
670 777 702 832 et
722 788 815 832 omne
831 769 947 831 donum
962 769 1132 852 perfectum
1148 771 1203 835 ds·

180 902 305 947 sursum
324 889 373 943 est
391 880 586 942 descendens
604 899 623 942 a
638 889 725 962 patre
739 878 902 942 luminum.
932 881 1025 943 buius
1041 883 1134 964 patris
1150 881 1204 946 du·

180 1004 245 1060 tum
258 994 422 1076 optimum,
442 1000 514 1075 post
528 991 705 1074 passionem
716 1001 747 1055 et
761 989 928 1074 gloriosam
942 995 1204 1058 resurrectionem

181 1116 211 1170 et
224 1105 441 1170 ascensionem
457 1102 574 1165 domini
588 1103 686 1167 nostri
697 1103 767 1165 [esu
778 1102 911 1177 Cbristi,
933 1124 1044 1168 omnes
1058 1104 1205 1186 regiones

179 1217 384 1303 prouenieus,
404 1214 457 1299 qui
468 1234 578 1277 omnes
592 1213 737 1278 homines
752 1213 818 1278 uuit
831 1214 936 1280 saluos
949 1215 1029 1288 fieri,
1050 1215 1089 1278 ad
1102 1214 1206 1279 orien-

183 1329 274 1394 talem
283 1328 505 1416 ilungarogum
516 1326 679 1410 regionem
690 1346 789 1417 usque
799 1326 942 1390 defusum
954 1337 1011 1404 est,
1028 1348 1108 1412 quos
1119 1327 1206 1392 iesus

189 1439 335 1515 Cbristus,
358 1441 412 1524 qui
433 1449 481 1503 est
502 1438 579 1502 deus
606 1437 751 1522 optimus,
773 1460 836 1503 uon
857 1440 888 1502 in
908 1441 1038 1524 propriu
1059 1440 1205 1522 regione,

191 1551 221 1616 in
233 1551 329 1616 aliena
343 1572 406 1636 que
420 1551 596 1615 Sclauiania
616 1552 801 1627 nominatur,
821 1563 892 1635 post
906 1553 1018 1616 multos
1033 1550 1157 1616 labores
1174 1561 1204 1617 et

187 1685 328 1730 erumnas
343 1665 383 1728 ad
397 1664 492 1728 fidem
508 1664 690 1728 catholicam
705 1665 837 1728 mirabili
859 1686 916 1729 sun
931 1664 1134 1750 prouidencia
1148 1645 1204 1728 uo·

185 1797 251 1842 cure
265 1778 412 1861 dignatus
427 1787 485 1841 est.

262 2000 308 2086 (1)
333 2003 376 2065 Dr
389 2001 496 2084 Aquita
510 2024 585 2085 rege.
622 2002 699 2067 Cum
716 2014 819 2068 autem
832 2024 888 2068 rex
903 2024 1012 2069 eorum
1026 2006 1079 2090 qui
1094 2006 1206 2090 Aquita

183 2117 308 2200 proprio
330 2117 456 2180 nominc
478 2117 725 2200 nuncupabatur,
747 2127 830 2181 esset
849 2118 1054 2200 locupletatus
1076 2127 1205 2202 argento
1239 2207 1249 2225 ι

183 2239 213 2294 et
225 2249 304 2294 auro
318 2238 351 2293 et
365 2230 505 2312 gemmis,
526 2230 786 2313 hominorirmque
802 2230 980 2292 animalium
993 2230 1155 2294 uolucrum
1170 2250 1206 2293 uc

179 2343 350 2407 bestiarum
378 2342 566 2405 siluestrium
594 2343 729 2404 maxima
756 2342 968 2415 multitudine,
1002 2343 1102 2406 itaut
1127 2341 1204 2404 deli·

180 2455 353 2520 ct’omundi
375 2455 520 2517 exomni
545 2462 630 2538 parte
651 2455 679 2517 ei
706 2453 887 2526 affluerent,
916 2453 1083 2517 exaltatum
1106 2462 1154 2517 est
1177 2461 1208 2518 et

181 2566 338 2632 eleuatum
360 2575 408 2629 est
430 2585 483 2630 cor
502 2566 586 2640 eius,
614 2575 645 2629 et
667 2547 806 2630 decreuit
827 2566 859 2627 in
881 2566 985 2629 animo
1007 2586 1064 2629 suo
1089 2576 1123 2630 ut
1142 2585 1208 2629 om·

179 2680 232 2744 nia
252 2697 352 2762 regua
372 2687 525 2741 terrarum
542 2688 573 2742 et
588 2700 697 2743 omnes
713 2678 859 2741 naciones
875 2687 1076 2761 consurgeret
1092 2688 1128 2753 et
1150 2699 1208 2743 suo

180 2792 313 2874 imperio
328 2790 521 2873 subiugaret.
552 2790 616 2855 exit
635 2791 769 2854 edictum
792 2791 831 2853 ab
849 2791 917 2873 ipso
932 2798 966 2853 ut
980 2811 1089 2854 omnes
1105 2791 1209 2855 nacio-

180 2922 238 2967 nes
259 2922 355 2983 supcr
375 2922 452 2985 quas
472 2903 564 2966 timor
578 2903 645 2964 eius
668 2910 734 2965 erat
754 2903 794 2965 ad
812 2900 929 2964 bellum
951 2901 1089 2964 ualidum
1109 2901 1208 2984 parati

180 3025 214 3078 et
226 3013 336 3077 armati
350 3023 627 3097 congregarentur.
651 3013 736 3097 quod
752 3031 822 3075 cum
838 3012 1059 3075 conuenissent
1073 3021 1104 3075 et
1118 3013 1209 3075 innu-

180 3124 348 3189 merabiles
362 3143 488 3207 campos
503 3132 700 3197 onerassent,
721 3123 814 3206 elegit
827 3123 911 3186 acics
922 3124 960 3186 de
970 3123 1046 3186 uiris
1059 3124 1208 3187 strenuis·

182 3239 267 3302 simis
283 3247 315 3302 et
328 3239 367 3301 ud
381 3238 463 3301 betis
478 3236 723 3321 promptissimis,
746 3256 765 3299 a
779 3235 905 3300 nemine
917 3235 1079 3299 consitium
1091 3235 1210 3319 disqui-

182 3368 266 3424 rens,
288 3349 413 3443 nequis
434 3349 493 3412 sibi
508 3349 548 3412 ob
568 3348 745 3432 pigriciam,
766 3347 817 3411 uei
832 3367 936 3411 amore
960 3347 1210 3436 possessionum,

184 3461 236 3525 uel
256 3461 366 3526 dolore
388 3462 494 3524 uxoris
517 3468 571 3524 aut
591 3480 760 3543 puerorum
778 3480 906 3522 suorum
922 3459 1132 3533 dissuaderet,
1153 3460 1210 3525 sed

185 3594 255 3638 cum
277 3574 431 3656 probitate
454 3573 555 3636 cordis
575 3574 623 3636 sui
646 3581 677 3635 et
692 3571 833 3655 corporis
847 3571 1026 3635 constancia
1046 3572 1210 3637 consitium

183 3686 297 3759 iniens,
319 3693 427 3748 contra
442 3685 586 3748 Litbuam
601 3685 684 3748 acies
699 3685 813 3757 mouit,
843 3703 922 3767 quos
937 3684 1041 3748 statim
1055 3685 1211 3768 oppressit

185 3805 217 3861 ct
238 3816 363 3860 omnem
384 3803 499 3859 terram
518 3795 663 3860 uastauit.
690 3794 804 3879 quibus
818 3795 964 3859 subiectis
979 3793 1136 3870 Scuciam,
1156 3795 1211 3859 ubi

184 3918 309 3973 motus
322 3909 507 3972 brandanus
521 3910 706 3993 requiescit,
721 3908 856 3984 intrauit,
870 3918 901 3974 et
915 3928 971 3973 sue
983 3909 1125 3992 potencie
1136 3929 1211 3993 sup·
1236 3895 1242 3905 ⁸

185 4020 350 4106 peditsuit.
373 4021 446 4086 iude
467 4040 546 4087 uero
564 4021 690 4085 Daciam
709 4018 887 4105 ingrediens
910 4040 981 4084 cum
995 4020 1071 4104 ipsis
1086 4018 1211 4086 condic·

185 4143 252 4200 tum
265 4132 389 4210 babuit,
416 4132 528 4221 quibus
542 4142 632 4223 terga
645 4133 838 4203 uertentibus
852 4133 965 4202 multos
980 4133 1110 4209 occidit,
1138 4130 1211 4196 reti-

185 4266 268 4338 φοι
281 4265 338 4316 soc
352 4247 561 4319 dominacioni
580 4247 731 4319 subdidit.
753 4247 951 4337 cougregatis
968 4249 1077 4313 'sutem
1097 4240 1211 4313 omos
