2798 4764
504 369 686 420 mossrsmr
711 368 752 416 on
772 341 884 418 somn
1145 347 1205 415 issi

184 528 374 590 Clementem
390 547 460 590 cnm
475 527 570 590 tratre
585 546 644 590 suo
659 525 732 588 Sani
754 527 794 589 do
809 544 925 607 genere
941 524 1079 606 episcopi
1095 524 1206 598 Bodln,

180 639 257 700 item
272 636 365 698 alium
381 637 574 700 Clementem
595 637 634 699 de
650 657 766 718 genere
782 637 893 708 Bursa,
914 635 1049 698 Germen
1070 636 1110 698 de
1132 635 1206 698 uilio

183 748 265 811 Sisol
278 749 318 810 de
332 748 481 829 parochia
493 748 701 829 Snmngiensi,
715 748 913 809 Salomonem
929 747 968 809 de
983 754 1078 829 ponte
1090 746 1207 826 Cepen,

184 868 215 923 et
228 861 300 922 Firo
319 861 451 922 curioies
466 861 595 923 comites
610 860 736 922 domine
751 859 910 931 Eniemie,
931 858 1091 920 Nicolaum
1109 857 1207 919 filium

185 971 281 1052 Ugru,
303 972 363 1033 Pos
378 973 417 1033 dc
434 970 506 1032 nilla
524 969 651 1032 Undooh
666 978 697 1032 et
712 968 799 1030 aiios.
821 989 860 1030 ex
874 967 924 1030 his
939 969 1044 1049 itaque
1061 967 1206 1028 omnibus

111 1104 115 1112 ·
183 1082 274 1144 eiecti
308 1091 380 1145 sunt
408 1081 581 1144 secundum
609 1081 774 1161 opcionem
804 1079 1042 1142 odnersnnoinm
1074 1078 1208 1140 tohonce

183 1190 265 1257 filins
278 1191 426 1252 Iohannis
442 1189 562 1252 comitis
577 1199 608 1253 et
620 1189 783 1263 Salomon,
798 1200 830 1251 ut
843 1189 886 1250 itti
903 1209 973 1250 cum
989 1190 1207 1270 prenominato

185 1302 334 1383 prismido
349 1303 381 1362 in
397 1302 586 1364 monasterio
601 1302 678 1382 Ugre
694 1301 842 1373 iurantes,
863 1299 1045 1380 pristoidum
1060 1319 1208 1362 uerocem

184 1435 254 1476 esse
270 1413 522 1495 comprobarent.
546 1413 587 1475 nd
602 1411 771 1494 predictam
786 1422 890 1475 nutem
900 1412 1066 1474 ecclesiam
1077 1411 1209 1473 uenien-

183 1533 239 1598 tes,
260 1523 413 1606 pristnido
431 1532 462 1586 et
478 1525 611 1587 testibus
632 1525 736 1586 iurare
759 1524 947 1597 notentihus,
967 1522 1140 1586 aduersarii
1154 1543 1209 1585 eo·

183 1657 252 1699 rum
267 1634 436 1698 noluerunt
449 1655 504 1698 eos
520 1637 674 1697 adiurare.
696 1637 894 1716 supradictus
909 1654 986 1717 ergo
1000 1635 1104 1709 index,
1126 1636 1207 1697 serio

182 1748 281 1810 tocins
295 1766 388 1808 cause
404 1746 531 1809 domino
546 1766 604 1808 sno
616 1747 695 1809 ilice
710 1747 813 1808 comiti
829 1746 966 1819 recitato,
981 1754 1013 1808 et
1023 1746 1208 1809 anctoritate

180 1858 278 1939 ipsius
293 1858 462 1921 firmiorum
477 1865 621 1938 eccepto,
640 1877 715 1936 sepe
731 1857 790 1919 iam
806 1867 995 1919 memoratos
1009 1857 1152 1919 homines
1167 1856 1206 1918 de

181 1969 254 2031 uilia
275 1970 361 2050 Gyan
389 1968 525 2032 iudiciali
550 1970 710 2031 sentencia
736 1969 974 2040 condemnauit,
994 1976 1025 2030 et
1049 1969 1206 2049 prefatum

181 2081 329 2160 Magnum
350 2080 381 2139 in
404 2079 601 2159 possessione
625 2087 708 2142 terre
730 2099 786 2140 suo
810 2079 1022 2150 confirmauit,
1050 2080 1123 2142 dato
1147 2078 1209 2158 pri·

182 2189 283 2250 stntdo
304 2188 430 2250 nomine
452 2188 601 2267 Dionysio
623 2187 687 2249 filio
703 2189 828 2268 Onrpud
850 2189 889 2249 de
912 2188 1074 2267 prouincia
1087 2188 1209 2251 Zorttnd

183 2300 222 2361 de
244 2297 315 2360 uitia
330 2298 452 2361 Uosion.
482 2299 549 2377 ipse
565 2319 693 2380 qnoque
715 2299 856 2379 prointus
870 2298 981 2370 index,
1002 2299 1207 2361 comentem

183 2408 370 2471 aduersariis
399 2409 588 2470 Uorodinum
624 2409 817 2481 deueniens‚
852 2429 956 2470 coram
984 2410 1060 2489 ipsis
1088 2410 1209 2472 Simoni

183 2519 332 2600 episcopo
353 2519 472 2601 totique
494 2519 630 2598 capituto
654 2528 747 2582 totam
763 2517 986 2582 erecncionem
1008 2519 1100 2582 huius
1113 2537 1208 2582 conso

183 2640 341 2694 exoratam
357 2631 502 2712 superins
518 2641 665 2692 oretenus
679 2631 736 2693 fnit
751 2638 952 2693 contestatus.

264 2739 351 2821 (32¹4)
373 2741 503 2803 Geiaidu
525 2751 558 2804 et
573 2742 660 2805 Titoo
679 2743 718 2802 do
742 2740 816 2802 uitia
832 2740 963 2823 Tuinoy,
984 2741 1057 2804 item
1076 2742 1143 2823 Ego
1164 2742 1205 2806 de

182 2855 256 2916 uilio
271 2854 353 2926 tto,
374 2862 406 2915 et
421 2854 508 2916 Teisa
530 2853 569 2918 de
586 2852 659 2916 niiin
674 2854 705 2914 S.
715 2853 857 2934 Georgii,
879 2863 913 2914 ut
927 2854 1096 2934 pristaldos
1116 2853 1206 2928 dixit,

181 2986 253 3028 nom
268 2966 353 3029 solus
369 2966 455 3028 'seito
476 2966 514 3026 de
536 2964 597 3027 iilis
611 2965 670 3026 suit
687 2965 830 3027 Uaradini
851 2965 881 3025 in
903 2965 1092 3027 exconcione
1114 2964 1205 3029 huius

181 3098 289 3151 conso,
310 3077 518 3158 impeciernnt
537 3076 698 3140 dominnm
720 3077 819 3158 Bogni
843 3077 882 3137 de
903 3074 976 3138 uilla
991 3075 1055 3137 Yon
1076 3095 1133 3156 pro
1147 3076 1206 3137 ho·

181 3188 316 3250 micidio.
337 3187 441 3251 indice
453 3188 549 3251 Paulo
564 3188 678 3249 comite
693 3188 732 3248 de
743 3188 855 3257 Reios,
869 3194 900 3247 et
914 3184 1066 3265 pristaldo
1078 3184 1207 3257 Pochiu,

182 3297 221 3358 dc
237 3296 311 3358 uilio
324 3299 436 3358 Zucur.
464 3297 579 3376 Boguir
594 3297 699 3375 itoqne
715 3304 837 3375 portato
853 3294 938 3357 ferro
952 3294 1135 3357 iustificatos
1149 3303 1207 3358 est.

263 3403 350 3485 (325)
374 3407 550 3488 Teulegyn,
573 3407 693 3468 'i'rebns
714 3415 745 3468 et
768 3408 882 3479 iosos,
903 3427 971 3468 com
987 3406 1108 3469 occisus
1122 3413 1208 3471 esset

182 3515 309 3598 quidam
332 3526 483 3597 cognatus
507 3536 635 3588 eorum,
662 3516 780 3580 scilicet
803 3519 932 3589 Somoc‚
953 3515 1091 3597 impeciit
1111 3536 1207 3597 qnos·

182 3627 264 3698 dem,
278 3626 397 3688 scilicet
411 3627 483 3687 Meo
498 3636 529 3689 et
539 3627 657 3688 Bodem
673 3628 713 3690 de
728 3623 885 3690 occisione
901 3627 992 3690 itlius.
1007 3629 1063 3690 sed
1074 3636 1106 3690 et
1116 3629 1206 3693 Pndo

181 3747 211 3799 et
225 3738 339 3800 Bennio
360 3737 522 3818 suspectui
544 3737 642 3801 hobiti
662 3747 749 3812 sunt,
770 3739 855 3820 qnod
875 3748 907 3801 et
920 3738 978 3819 ipsi
994 3739 1112 3800 conscii
1125 3739 1208 3802 occi·

180 3851 277 3911 sionis
291 3850 459 3913 extiterint.
487 3849 626 3930 ltnphniii
646 3852 741 3933 igitur
755 3871 861 3913 comes
875 3852 915 3913 de
930 3851 1122 3926 Kuckelluu,
1150 3872 1206 3932 per

182 3959 363 4040 pristnidum
383 3960 510 4022 nomine
532 3961 648 4030 Moneo
669 3962 754 4026 misit
767 3961 973 4036 Uorodinum,
994 3963 1048 4024 ubi
1065 3963 1156 4024 Pudu
1175 3969 1208 4026 et

182 4068 296 4131 Bnnoic
311 4080 434 4151 portato
448 4073 532 4135 terro
545 4074 707 4150 iustificati
721 4081 804 4136 sum

262 4178 353 4264 (320)
374 4181 551 4252 Alexander
578 4199 666 4279 filiu.
689 4183 856 4254 Theodori
879 4185 918 4250 do
939 4182 1050 4247 Tomoi
1074 4180 1213 4263 impeciit
