2798 4764
226 357 252 406 s.
263 357 416 406 emnam
429 357 519 405 anais
533 358 574 405 nn
588 358 697 406 nonnas
712 357 928 406 usrrrcmons
942 357 1044 408 ωιι.
1058 336 1117 426 (r.)
1159 337 1220 407 805

190 520 244 575 tua
262 511 431 575 dilectione
455 512 607 594 angulati,
629 532 754 594 semper
773 513 863 594 regni
886 512 1027 596 dignitati
1047 510 1221 581 adhereant

187 623 350 698 inollensi,
371 633 405 686 ut
418 631 505 685 tuum
520 644 654 706 regnum
668 624 708 686 sit
724 644 847 705 semper
863 625 1034 706 pacificum.

274 846 453 910 Carrrunuu
469 846 506 909 V.
540 848 586 909 De
600 850 802 910 observacione
815 850 920 910 iudicii
933 859 959 911 et
971 850 1128 930 paciencia.
1161 821 1232 914 lte-¹

189 959 310 1022 ciencie
326 966 358 1023 et
372 959 478 1021 iudicii
494 957 677 1021 obseruacio
693 960 800 1042 quinta
822 960 935 1042 regalis
950 979 1066 1024 corone
1082 960 1220 1026 omacio.

188 1072 289 1133 Dauid
310 1091 367 1133 rex
389 1079 483 1153 atque
503 1071 657 1152 propheta
675 1070 765 1132 dicit:
788 1072 866 1133 deus
888 1071 1037 1133 iudicium
1052 1081 1139 1135 tuum
1153 1073 1221 1154 regi

190 1184 241 1245 da.
263 1193 294 1247 et
308 1183 398 1245 alibi:
419 1183 522 1245 honor
535 1182 619 1263 regis
634 1182 783 1243 iudicium
798 1189 885 1244 tuum
901 1182 1010 1264 diligit.
1039 1184 1079 1245 dc
1095 1183 1222 1264 pacien-

191 1295 363 1358 ciaPaulus
379 1293 539 1376 apostolus
554 1295 611 1356 ait:
633 1294 793 1375 pacientes
809 1302 909 1356 estote
924 1296 964 1357 ad
980 1315 1099 1358 omnes.
1120 1296 1221 1359 eldo-

190 1407 292 1469 minus
307 1407 340 1468 in
352 1405 534 1488 euangelio:
549 1405 581 1466 in
596 1405 758 1486 paciencia
770 1416 875 1467 uestra
891 1406 1089 1486 possidebitis
1101 1407 1221 1472 animas

192 1526 325 1582 uestras.
351 1518 412 1579 hoc
434 1517 559 1579 attende
580 1516 641 1577 fili:
670 1517 696 1579 si
723 1518 770 1578 uis
795 1517 914 1580 habere
938 1517 1091 1581 honorem
1113 1519 1220 1602 regni,

193 1630 286 1712 dilige
307 1630 467 1692 iudicium.
500 1631 525 1692 si
547 1630 682 1692 animam
707 1637 790 1692 tuam
811 1631 973 1711 possidere
994 1632 1053 1706 uis,
1075 1642 1142 1695 esto
1164 1650 1215 1715 pa·

192 1742 288 1803 ciens.
320 1742 587 1822 quociescumque
612 1739 655 1802 lili
677 1741 835 1803 carissime
858 1760 952 1803 causa
971 1741 1103 1805 iudicari
1126 1742 1221 1825 digne

191 1854 232 1916 ad
246 1861 277 1915 tc
292 1853 432 1925 uenerit,
447 1853 499 1914 uel
514 1852 626 1934 aliquis
641 1852 782 1934 capitalis
799 1854 960 1917 sentencie
974 1875 1062 1929 reus,
1084 1855 1149 1917 noli
1162 1855 1221 1920 im·

191 1963 350 2045 pacienter
363 1974 505 2045 portare,
527 1964 576 2025 uel
592 1984 662 2025 cum
677 1963 852 2029 iuramenta
867 1964 991 2027 firmare
1005 1966 1093 2029 illum
1107 1967 1220 2048 punire

190 2109 232 2123 ··-
245 2077 330 2159 quod
352 2076 497 2138 instabile
521 2085 553 2138 et
572 2075 682 2157 fragile
707 2077 801 2139 debet
824 2096 910 2149 esse,
935 2077 1010 2157 quia
1030 2077 1125 2143 stulta
1146 2088 1221 2143 uota

190 2186 366 2268 frangenda
380 2196 466 2260 suut,
480 2220 521 2233 -
536 2187 587 2248 uel
603 2196 704 2268 perte
720 2189 823 2268 ipsum
839 2186 1027 2261 diiudicare,
1047 2209 1087 2250 ne
1103 2196 1157 2252 tua
1169 2212 1220 2256 re·

191 2296 269 2378 galis
291 2298 425 2379 dignitas
447 2298 602 2360 interioris
623 2299 746 2380 negocii
770 2299 980 2379 usurpacione
1002 2299 1141 2373 sedatur,
1163 2301 1220 2363 sed

192 2411 300 2493 pocius
319 2410 498 2472 huiusmodi
519 2411 686 2492 negocium
710 2412 750 2472 ad
769 2410 890 2472 iudices
904 2410 1009 2486 mitte,
1030 2412 1144 2495 quihus
1158 2412 1220 2477 hoc

193 2523 392 2585 commissum
418 2531 479 2596 est,
504 2543 568 2604 quo
591 2521 634 2582 illi
658 2523 831 2584 secundum
852 2542 941 2584 suam
965 2522 1025 2584 hoc
1050 2524 1222 2587 decernant

192 2632 304 2716 legem.
335 2635 408 2697 time
424 2655 494 2697 esse
511 2635 622 2707 iudex,
645 2635 746 2715 gaude
762 2654 908 2696 uererer
924 2654 994 2696 esse
1010 2644 1041 2698 et
1056 2633 1220 2699 nominari.

193 2766 284 2828 reges
305 2767 383 2809 uero
405 2746 566 2828 pacientes
587 2755 735 2827 regnant,
756 2745 960 2826 impacienles
980 2755 1085 2810 autem
1105 2747 1222 2830 tyrani-

194 2867 273 2923 sant.
294 2860 420 2941 quando
432 2860 561 2941 quidem
577 2859 696 2940 aliquid
709 2861 793 2941 quud
809 2873 860 2922 tue
876 2859 1024 2924 conuenit
1038 2859 1222 2923 adiudican-

194 2970 266 3032 dum
290 2968 431 3051 dignitati
454 2969 510 3033 tibi
532 2971 667 3044 uenerit,
689 2990 760 3033 cum
781 2972 940 3052 paciencia
955 2980 987 3033 et
1005 2970 1221 3036 misericordia

193 3083 260 3144 siue
280 3083 459 3143 miserando
480 3081 541 3144 hoc
563 3084 683 3155 iudica,
705 3094 740 3148 ut
754 3091 805 3145 tua
819 3102 936 3145 cornua
957 3081 1122 3146 laudabilis
1136 3082 1175 3148 sit
1188 3090 1221 3146 et

194 3192 318 3255 decora.

276 3415 455 3478 Cnrrrunuu
470 3418 520 3479 Vl.
557 3419 600 3478 De
613 3420 741 3480 terrione
755 3430 779 3479 et
793 3420 970 3479 automeotc
983 3419 1139 3497 hospitam.
1182 3416 1219 3480 ln

193 3527 367 3609 hospilihus
389 3537 421 3591 et
442 3528 587 3590 uenticiis
608 3529 684 3591 uiris
705 3538 790 3591 tanta
813 3530 894 3592 inest
915 3527 1048 3600 utilitas,
1070 3536 1104 3590 ut
1124 3529 1218 3610 digne

191 3650 281 3704 sexto
308 3642 339 3702 iu
363 3641 433 3703 loco
454 3641 568 3721 regalis
590 3640 749 3722 dignitatis
770 3641 870 3721 possit
895 3639 1014 3702 haberi.
1042 3641 1116 3704 inde
1134 3641 1218 3705 euim

191 3749 343 3832 imprimis
367 3771 532 3813 romanum
557 3753 655 3813 creuit
678 3752 860 3833 imperium,
894 3760 923 3814 el
948 3772 1040 3834 reges
1062 3752 1219 3819 sublimati

191 3861 318 3925 luerunt
336 3872 367 3926 et
385 3863 526 3946 gloriosi,
548 3865 634 3947 quod
655 3865 743 3926 multi
764 3863 886 3927 nobiles
901 3873 932 3928 ct
945 3867 1103 3947 sapientes
1118 3885 1158 3929 ex
1170 3865 1220 3929 di·

191 3974 291 4036 uersis
314 3975 369 4036 illo
391 3976 590 4039 continebant
613 3976 761 4057 partibus.
790 3976 890 4039 lloma
909 3996 987 4039 uero
1002 3996 1102 4058 usque
1122 3976 1218 4039 hodie

191 4094 275 4148 esset
297 4086 426 4160 ancilla,
453 4087 513 4149 nisi
527 4088 673 4150 Eneades
697 4086 847 4151 iecissent
864 4089 949 4151 illam
970 4089 1111 4151 liberam.
1137 4087 1220 4151 sicut

191 4200 274 4262 enim
294 4219 335 4264 ex
355 4200 489 4264 diuersis
509 4201 651 4285 partibus
672 4207 705 4266 et
724 4201 896 4284 prouinciis
916 4202 1049 4267 ueniunt
1066 4198 1219 4285 hospites,
