2798 4764
504 351 688 400 mcmraorr
713 353 754 399 oe
776 354 888 400 runo.
1149 337 1209 402 ru

183 510 312 592 insuper
326 528 419 572 unam
439 526 594 582 marcam,
615 509 699 573 idem
720 509 820 571 eciam
841 509 1036 575 satisfaceret
1051 510 1211 592 pristaldo,

183 621 286 683 iudice
300 640 378 683 uero
393 619 500 683 Kaioz.

267 730 354 812 (386)
375 731 490 793 Honod
507 729 645 811 impeciit
659 749 785 793 seruum
800 731 928 813 Karoiiy
942 732 1068 794 nomine
1084 734 1218 796 Petrum·

185 845 224 908 de
243 843 315 905 uitia
333 843 394 905 iiot
416 861 472 922 pro
496 841 588 915 furto,
609 842 712 906 iudice
732 844 887 908 Nuetbien
909 843 1019 908 curiati
1041 846 1155 908 comite
1171 847 1211 910 de

183 955 308 1028 bichor,
329 963 360 1016 et
379 954 483 1016 Merca
503 951 612 1039 b'doto,
634 954 783 1034 pristaido
805 932 1068 1037 uerosstepbano.
1095 957 1219 1019 Honod·

182 1067 380 1130 renunciauit
399 1066 513 1129 actioni
533 1084 606 1127 cum
629 1073 759 1129 uentum
781 1076 866 1131 esset
880 1067 1082 1142 Herodicum,
1104 1069 1212 1131 dicens

184 1179 269 1261 quod
284 1178 361 1239 faisa
377 1175 524 1257 opinione
539 1178 633 1240 ducta
646 1177 732 1239 iilum
746 1178 936 1260 imperierat.

267 1286 353 1369 (387)
376 1288 529 1368 Seraphin
552 1288 592 1351 (ie
619 1288 691 1351 uitia
712 1290 883 1372 Kourongy
908 1291 1046 1371 impeciit
1070 1292 1210 1354 Farsium

183 1397 281 1460 filiurn
297 1399 374 1460 Petii
396 1397 562 1460 coouiiiani
582 1398 630 1459 sui
654 1399 693 1461 de
715 1408 861 1480 quattuor
882 1401 1006 1473 ouibus,
1027 1400 1131 1463 iudice
1146 1399 1211 1463 luia

184 1509 249 1571 filio
265 1509 338 1572 Uatc
361 1510 487 1570 domino
503 1528 630 1581 eorum,
650 1508 801 1590 pristaido
816 1511 903 1571 Dico.
938 1510 1039 1573 taliter
1053 1530 1210 1574 conuene-

184 1629 273 1694 runt,
295 1621 379 1702 quod
400 1619 512 1693 iudici,
534 1619 684 1701 pristaido
699 1629 731 1683 ot
745 1620 813 1681 ioco
828 1619 920 1682 simul
934 1621 1158 1695 satisfacerent,
1180 1630 1212 1685 ct

184 1730 312 1792 domino
328 1732 433 1790 ouium
449 1728 571 1791 iiiarurn
587 1731 686 1791 eciam
701 1728 793 1792 simui
807 1731 1033 1794 satisfacerent.

266 1839 353 1920 (388)
376 1841 464 1920 bgya
479 1839 604 1921 iobagio
617 1839 724 1901 Cesari
738 1840 793 1901 biii
807 1841 882 1923 Legi
896 1842 1034 1923 impeciit
1049 1844 1210 1907 dominum

183 1953 310 2033 Engues
324 1952 363 2013 de
374 1948 504 2014 Kalatha
520 1971 575 2031 pro
590 1949 684 2013 furto.
705 1970 785 2034 quos
796 1951 949 2015 Nuetbicn
966 1954 1089 2016 curiatis
1104 1974 1211 2019 comes

184 2063 225 2124 da
238 2061 353 2122 Bicbor
374 2062 549 2122 discuciens
570 2062 610 2121 ad
625 2061 793 2141 praudam,
815 2081 871 2143 per
885 2063 1069 2142 pristaidum
1085 2066 1210 2128 nomine

184 2172 303 2233 Lucum
326 2172 366 2233 de
382 2170 454 2234 uiiia
471 2170 568 2232 Lomb
591 2170 674 2233 misit
689 2171 887 2233 Uaradinum.
915 2173 966 2232 uhi
981 2172 1109 2254 Engues
1124 2174 1212 2236 iusti·

180 2282 291 2344 ficatus
306 2290 364 2344 est.

265 2392 354 2473 (389)
377 2392 460 2467 Quid
474 2391 556 2454 filius
572 2389 682 2454 Olibrii
705 2391 825 2454 comitis
842 2394 930 2455 duxit
950 2393 983 2455 in
1004 2414 1128 2457 causam
1148 2367 1233 2460 fra·¹

181 2513 260 2569 trem
275 2525 365 2566 suurn
379 2504 587 2576 Herbortum,
603 2502 711 2565 dicens
726 2504 813 2585 qnod
829 2524 890 2565 non
907 2505 1038 2569 deberet
1052 2506 1119 2586 ipse
1130 2505 1211 2568 Her·

181 2615 291 2679 bortus
306 2635 376 2678 esse
391 2614 545 2696 particeps
558 2614 720 2676 cuiusdam
737 2614 836 2694 predii
851 2615 975 2676 nomine
986 2616 1124 2698 Neuegy‚
1139 2636 1210 2679 cum

181 2726 257 2789 ittuu
280 2726 422 2808 predium
444 2725 579 2807 pecunia
601 2725 706 2786 matris
728 2745 803 2798 suc,
832 2725 952 2787 scilieet
973 2745 1109 2788 nouerca
1130 2727 1210 2788 Her·

181 2837 264 2899 borti
282 2837 322 2898 sit
341 2845 496 2916 emptum,
518 2845 549 2897 ct
568 2836 607 2897 ab
628 2836 737 2897 eadem
760 2837 792 2897 in
814 2845 913 2898 rnorte
928 2855 985 2899 sua
1000 2855 1107 2900 coram
1121 2849 1209 2919 patre

181 2967 240 3009 suo
254 2946 372 3009 Obbam
394 2955 425 3010 et
445 2946 589 3008 fratribus
612 2946 707 3026 patris
730 2945 796 3020 sui,
818 2966 877 3008 nec
899 2968 960 3010 non
981 2948 1049 3010 aliis
1071 2949 1210 3030 cognatis

182 3060 259 3132 eius,
280 3059 339 3120 sibi
359 3059 433 3132 soii,
463 3067 571 3141 utpote
593 3059 687 3119 unico
709 3058 815 3119 matris
838 3078 912 3130 sue,
939 3058 1035 3121 fuerit
1055 3057 1210 3131 relictum,

185 3180 214 3234 et
229 3172 359 3233 adduxit
379 3171 410 3231 in
428 3171 638 3232 testimonium
652 3170 713 3228 Ros
735 3169 894 3239 comitem,
915 3167 1043 3229 fratrem
1064 3168 1211 3231 uidelicet
1309 3214 1310 3217 ,

184 3280 281 3360 patris
304 3280 351 3340 sui
372 3280 513 3360 aliosque
536 3287 685 3358 cognatos
705 3286 736 3338 et
758 3286 865 3350 notos,
887 3286 919 3338 et
932 3278 1042 3338 Micam
1064 3278 1209 3339 comitem

183 3390 429 3453 Bicborieosem.
458 3389 579 3480 quibus⁴
593 3387 803 3450 testimonium
823 3388 1009 3449 unanimiter
1027 3389 1086 3450 sibi
1104 3388 1213 3469 perbi-

184 3501 347 3574 bentibus,
370 3504 472 3562 Bouco
487 3519 594 3561 comes
607 3499 763 3581 palatinus
778 3499 881 3580 posuit
894 3519 990 3581 super
1002 3501 1210 3563 iuramentum

183 3616 244 3678 Bos
259 3614 389 3685 comitis,
412 3613 484 3675 dato
501 3612 650 3694 pristaldo
666 3613 792 3673 nomine
807 3611 928 3693 Gyopol
942 3611 1006 3673 filio
1021 3613 1125 3701 Nisus.
1157 3615 1210 3697 qui

182 3728 244 3790 Bos
259 3747 329 3789 cum
346 3725 489 3787 Uaradiui
505 3734 629 3805 paratus
644 3732 727 3786 essct
741 3725 861 3797 iurare,
876 3725 1110 3805 prenominatus
1127 3725 1210 3801 Quid

183 3859 255 3902 cum
277 3837 373 3901 fratre
395 3856 452 3899 suo
468 3836 626 3899 Herborto
647 3835 749 3898 taiiter
771 3834 931 3908 conuenit,
951 3836 1037 3917 quod
1057 3837 1124 3918 ipse
1139 3857 1212 3920 por·

183 3948 306 4012 cionem
320 3969 409 4013 suam
423 3949 456 4009 iu
471 3947 581 4029 predio
595 3946 839 4028 Fegyuernuoh,
861 3966 923 4028 quc
937 3945 1127 4010 hereditario
1141 3947 1210 4009 iure

182 4061 285 4144 ipsum
310 4061 478 4141 contingit,
504 4060 591 4123 fratri
615 4079 673 4122 suo
699 4059 856 4122 Herborto
879 4058 1087 4140 relinqueret,
1114 4057 1211 4122 etita

127 4251 130 4255 ⁴
183 4173 329 4269 predium
349 4171 577 4270 Fegyueroucb
601 4171 736 4239 amodo
759 4171 856 4267 ipsius
869 4170 1017 4237 Herborti
1038 4168 1121 4242 foret
1141 4167 1209 4243 siue
