2798 4764
285 341 374 399 ιιιιῖ
388 351 430 396 rr.
444 351 534 397 nnsis
546 352 653 398 ronne
666 350 791 397 rusori
804 351 837 394 rs
850 347 1004 396 monnio..
1019 331 1109 397 ffli.
1151 327 1210 395 tot

181 509 258 571 huto
272 524 336 588 quo
353 505 493 586 hospites
514 504 612 567 nostri
625 505 666 568 de
680 502 983 584 Schelmicz-bnnys
1005 501 1211 583 gratulantur,

183 637 242 680 nee
262 617 342 679 ultra
363 616 395 678 id
415 635 473 697 por
487 623 585 678 totum
606 634 737 697 regnum
759 622 901 677 nostrum
922 612 998 694 ipsis
1018 612 1123 694 eliqua
1143 630 1212 679 mo·

183 728 276 794 testis
288 727 453 791 inferatur.

266 841 348 916 (13)
370 841 532 914 ptoloma,
553 848 588 903 ut
602 839 699 902 muita
712 837 852 902 breuiter
863 836 1100 907 concludentur,
1121 853 1213 916 sepe·

184 955 274 1018 dictis
289 953 464 1035 hospitibus
479 954 594 1016 nostris
610 952 800 1015 conserimus
815 949 1211 1021 numantinorum

184 1073 216 1128 et
230 1073 317 1147 prata
331 1064 372 1129 nd
387 1085 461 1127 usus
483 1066 624 1146 ipsorum
646 1064 842 1136 necessario,
863 1063 896 1125 in
911 1063 1024 1144 quibus
1039 1060 1141 1123 nulius
1156 1076 1211 1122 eos

185 1174 490 1239 ondentmolestsro.
1044 1220 1048 1224 -

267 1288 304 1352 Ut
318 1288 412 1369 igitur
426 1287 486 1349 hoc
500 1288 652 1369 premissa
674 1287 771 1350 robor
783 1294 940 1370 perpetuo
959 1283 1115 1347 firmitatis
1132 1280 1213 1346 obti-

185 1407 296 1472 noent,
319 1419 378 1461 nec
400 1399 521 1482 possint
535 1419 687 1481 processu
703 1407 881 1481 temporum
903 1397 935 1459 in
955 1397 1075 1460 irritum
1092 1395 1212 1476 aliqun-

185 1521 277 1575 tenns
297 1511 474 1584 retractari,
501 1519 666 1592 presentes
690 1511 808 1574 litteras
831 1511 974 1573 dedimus
995 1506 1152 1591 dupplicis
1169 1505 1212 1569 si·

185 1621 249 1706 gilli
263 1622 361 1685 nostri
376 1622 548 1685 munimine
564 1622 736 1686 roboratas.

266 1736 377 1797 Datum
392 1754 449 1816 per
459 1754 569 1797 monus
583 1733 688 1798 dilecti
703 1743 735 1798 et
748 1734 850 1798 fidelis
865 1734 963 1799 nostri
974 1733 1113 1816 magistri
1124 1731 1212 1796 Smn-

184 1847 295 1930 rngdy,
328 1846 473 1908 Alliensis
504 1848 674 1928 prepositi,
707 1846 777 1911 sule
807 1855 914 1910 nostre
951 1841 1212 1910 nicoeancellnrii.

184 1959 276 2020 Anno
286 1958 405 2020 domini
415 1957 580 2021 millesimo
591 1959 805 2022 ducentesimo
819 1957 1082 2040 quinquagesimo
1092 1955 1213 2036 quinto,

184 2071 272 2152 regni
287 2077 391 2132 autem
407 2070 502 2132 nostri
517 2089 600 2132 anno
616 2070 778 2152 nigesimo.

525 2484 641 2568 ΒΜ
662 2486 718 2571 Π.
742 2486 865 2572 ment

311 2644 497 2724 FORMA
524 2647 743 2721 TfflBU'rl
768 2647 825 2722 ΙΝ
850 2648 1081 2726 ΙΑΙΙΒΙΝΟ.

620 2789 768 2852 necnv.

452 2928 475 2981 n
491 2928 616 2981 tortario
633 2929 704 2981 urbis
720 2928 936 2982 Vindobonnnsis.

592 3084 790 3097 ψ

262 3204 337 3267 Bois
356 3205 406 3267 dei
427 3203 534 3287 gracie
552 3225 609 3269 rex
623 3205 757 3287 Ungsrie
778 3204 924 3268 fidelibus
943 3207 1007 3269 suis
1023 3205 1128 3271 comiti
1140 3207 1211 3270 Isu-

183 3313 280 3378 riensi
294 3323 325 3378 ot
338 3314 510 3378 tributariis
525 3317 564 3378 de
577 3315 713 3391 Isurino,
735 3316 775 3378 de
790 3315 898 3379 Abnde
912 3317 997 3379 etde
1011 3316 1140 3399 Fizegtu
1159 3334 1210 3380 sn·

183 3424 280 3488 intem
294 3432 326 3488 et
340 3426 487 3506 graciam.

265 3537 397 3601 Litteras
412 3540 600 3602 uenerabilis
615 3541 711 3622 patris
726 3539 763 3602 Ο.
779 3540 918 3622 episcopi
932 3539 1099 3603 lentiensis
1113 3560 1210 3624 super

181 3649 282 3711 forms
302 3648 529 3731 exigendornm
552 3651 739 3713 tributorum
762 3651 794 3713 in
814 3651 957 3726 laurino,
978 3652 1087 3716 Abarin
1106 3660 1138 3717 et
1157 3653 1210 3718 Fi-

180 3771 286 3843 zegtu,
307 3778 395 3825 more
415 3762 585 3846 antiquitus
600 3763 765 3826 obserunto
786 3764 963 3845 recepimus
984 3763 1018 3826 in
1035 3764 1121 3828 huno
1141 3783 1210 3830 mo·

180 3874 271 3936 dum:

262 3987 320 4063 (1)
344 3994 378 4051 nt
391 3986 541 4052 uidelicet
554 3988 594 4050 de
608 3985 748 4070 quolibet
761 4005 855 4051 nnrru
868 3987 1049 4052 theotonieo
1061 3987 1209 4053 ueniente

179 4095 212 4160 in
228 4097 418 4182 ilungsrinm
433 4097 586 4164 tributarii
602 4098 719 4163 debent
732 4098 850 4164 habere
864 4108 1000 4184 quotuor
1013 4101 1161 4166 denarios
1175 4108 1208 4167 et

181 4230 290 4277 eomer
303 4210 395 4277 dnos.
508 4208 512 4213 ’
