2798 4764
523 377 597 433 trra
619 381 645 430 s.
660 380 796 432 casnm
817 359 894 449 (aa).
1160 360 1223 431 Μ

196 545 228 603 et
242 557 337 601 carne
352 538 421 601 eius
441 538 670 604 intumescente
692 540 876 623 grauissime
896 541 1107 623 torquebatur.
1135 540 1223 625 quie

194 650 377 733 perentibus
402 649 477 712 dum
502 650 611 713 allatus
633 651 761 724 suisset,
793 651 895 712 statim
918 669 976 712 nec
998 650 1140 715 dolorem
1161 669 1222 716 nea

193 767 351 826 tumorem
365 759 496 842 emplius
512 763 618 824 sensit.
640 762 776 845 quedam
792 761 902 831 mulier
916 781 1069 844 cenapum
1085 763 1124 852 de
1139 782 1222 846 aqne

195 871 382 948 extrahens,
403 892 421 935 a
438 873 572 935 demone
588 873 718 935 obsessa
732 881 789 936 est.
820 892 882 954 que
897 891 968 934 cum
983 893 1076 935 mane
1090 874 1221 939 ueniens

193 984 280 1046 iuxta
301 1003 416 1066 corpus
439 985 536 1046 sancti
557 984 691 1046 martiris
711 984 875 1056 astitisset,
897 1003 969 1044 mox
989 983 1171 1045 adcmonia
1184 982 1222 1047 li-

192 1095 302 1158 bereta
324 1096 475 1158 discessit.
505 1097 673 1158 canonicus
688 1095 786 1157 sancti
802 1094 928 1176 Georgii
950 1102 1067 1176 guttam
1093 1093 1220 1175 paciens

193 1207 426 1290 grauissimam,
447 1214 519 1289 post
532 1214 594 1269 tres
609 1207 677 1269 dies
691 1206 817 1268 sanitati
832 1213 879 1268 cst
894 1206 1066 1268 restitutus.
1085 1205 1221 1268 rusticae

194 1318 322 1401 quidam
343 1317 462 1380 hahens
483 1317 632 1389 bufonem
654 1317 685 1378 in
708 1317 825 1398 capite,
847 1318 902 1399 qui
917 1325 1044 1399 propter
1057 1325 1221 1398 aspectare

192 1429 365 1492 terribilem
387 1448 483 1511 quern
503 1429 657 1502 habehat,
679 1428 792 1490 ostium
808 1427 988 1489 monasterii
1009 1447 1071 1489 non
1087 1433 1135 1489 est
1148 1446 1221 1509 per·

194 1540 308 1602 missus
330 1539 468 1621 ingredi,
499 1541 557 1602 sed
582 1540 682 1603 sancti
706 1539 842 1602 martiris
867 1537 962 1621 pallio
987 1539 1019 1600 in
1043 1538 1219 1602 harundine

193 1670 357 1731 suspensa,
377 1660 551 1732 posuerunt
568 1671 664 1732 super
677 1650 847 1724 bufonem,
868 1650 1027 1713 trahentes
1042 1651 1074 1712 in
1089 1649 1218 1713 modun

193 1762 371 1833 crncishuc
385 1770 478 1844 atque
493 1762 583 1837 iiiuc,
605 1760 715 1844 procui
734 1770 834 1840 stante
858 1760 990 1843 popula,
1012 1762 1126 1825 cecidit
1142 1760 1219 1825 huto

192 1874 225 1934 in
249 1881 365 1934 terram
390 1881 422 1934 et
444 1873 578 1935 rusticus
605 1883 731 1936 sanatus
757 1883 813 1936 cst.
846 1882 916 1954 post
939 1873 999 1935 hec
1021 1882 1125 1935 autem
1147 1892 1219 1938 cnm

192 1983 290 2046 sancti
305 1983 438 2047 martiris
453 1984 580 2064 sanguis
595 1982 745 2046 collectus
766 1983 876 2045 suisset
896 1983 927 2043 in
944 2003 1038 2044 unum
1054 1992 1086 2045 et
1099 1983 1219 2066 positus

192 2096 224 2157 in
239 2094 377 2168 aesculo,
400 2095 467 2157 eins
483 2102 565 2156 tactu
582 2093 670 2156 multi
684 2094 798 2156 infirmi
814 2095 912 2156 curati
930 2102 1011 2156 sunt

275 2206 336 2268 Hec
354 2219 450 2267 antem
468 2208 552 2285 sinna
574 2208 685 2267 meritis
701 2208 795 2267 sancti
817 2207 949 2267 martiris
963 2207 1144 2267 durauerant
1170 2226 1220 2268 eee·

194 2335 248 2395 qne
260 2318 300 2378 ad
314 2328 445 2396 tempora
460 2319 534 2378 beati
549 2317 682 2378 Ladisiai
703 2319 778 2395 roais
798 2328 824 2376 et
843 2318 956 2376 domini
970 2317 1127 2377 Laurencii
1145 2318 1219 2397 epie-

194 2431 274 2510 copi,
307 2430 356 2509 qai
376 2449 395 2489 a
417 2431 498 2489 beato
516 2431 582 2489 aira
606 2431 721 2508 quintae
742 2430 801 2489 eine
823 2429 969 2488 ecclesiam
990 2429 1078 2488 rexit.
1108 2428 1220 2508 prefati

193 2552 289 2603 aretem
304 2542 398 2602 sancti
411 2543 485 2620 renis
499 2552 625 2622 tempore
639 2561 659 2602 a
673 2551 860 2603 sacrosancta
878 2559 1005 2600 romana
1019 2542 1136 2601 ecclesia
1151 2559 1220 2604 aare·

192 2656 322 2715 etitntnne
336 2667 392 2723 est,
417 2666 449 2715 at
463 2651 631 2717 'sanctornm
646 2674 769 2734 corpora
781 2699 789 2725 ,
815 2654 864 2733 qai
879 2652 1067 2713 Pannoniam
1081 2654 1122 2714 ad
1134 2651 1219 2716 Ciri-

192 2774 266 2826 etam
285 2767 488 2845 predicacione
509 2786 562 2827 aaa
587 2776 806 2840 annumerant,
830 2767 959 2826 deberent
978 2785 1088 2826 mmma
1109 2767 1218 2827 nonore

192 2877 338 2937 murari.
362 2878 493 2938 ueniente
516 2897 582 2955 erqo
604 2878 677 2938 sedis
699 2878 854 2956 apostatice
875 2879 978 2958 ieqata,
1001 2881 1081 2956 sacta
1095 2888 1134 2938 eet
1149 2894 1218 2940 cote·

191 2990 291 3048 aeneia
312 2989 453 3048 acidiam
472 2988 643 3058 Pannonio,
668 3008 771 3070 corpas
792 2991 886 3049 macti
906 2991 1039 3050 martiris
1059 2990 1219 3053 canoniea·

193 3106 252 3157 tene
266 3109 306 3159 eet
318 3117 370 3177 per
383 3108 515 3158 sanctam
530 3118 622 3177 recem
638 3098 821 3170 Ladisianm,
845 3119 925 3160 anna
940 3101 1052 3160 damini
1065 3101 1217 3160 millesimo

192 3210 368 3286 eeaaoeeima
388 3218 508 3279 octana,
531 3221 735 3290 portatamqne
755 3221 794 3270 eet
811 3213 885 3290 renis
906 3230 943 3272 ac
961 3212 1066 3271 ducam
1083 3210 1218 3270 monitae

194 3318 375 3398 decenterque
395 3322 581 3394 codccatam,
604 3323 653 3382 abi
667 3322 777 3382 meritis
798 3323 893 3382 sancti
907 3323 1039 3382 martiris
1058 3340 1110 3401 per
1124 3321 1217 3382 neira·

194 3430 321 3490 calonne
342 3432 551 3492 reaeiacicnem
571 3451 697 3511 eupema
716 3435 819 3510 acacia
842 3434 1004 3511 laroieeime
1024 3410 1231 3494 commeauit(

272 3647 337 3733 (23)
364 3654 430 3715 Pcet
444 3654 494 3714 inc
507 3673 587 3715 anna
601 3655 714 3715 damini
727 3656 877 3716 mittcsimc
891 3656 1084 3717 tercenteeimc
1097 3675 1218 3738 eeaaae·

189 3764 261 3825 eima
277 3767 395 3844 primo,
420 3767 471 3827 dea
490 3767 673 3826 deaatieee‘ma
694 3767 814 3826 domina
829 3766 978 3858 ditabat
1000 3768 1101 3829 relicta
1117 3766 1217 3830 Caroli

189 3877 263 3956 recia
280 3876 407 3956 Unoarie
432 3879 553 3939 iitaetrie
573 3879 705 3950 domini,
728 3897 766 3938 esc
780 3898 834 3958 qno
848 3881 883 3939 de
896 3880 1025 3958 quadam
1044 3880 1218 3958 infirmitate

188 4007 241 4050 eaa
257 4009 313 4069 per
334 3991 440 4050 monita
461 3991 554 4051 eanete'
572 3987 719 4052 Geriardi
739 3993 943 4063 concatenat,
967 3992 1032 4052 ideo
1052 3992 1152 4053 eaden
1165 3991 1217 4052 da-

188 4102 271 4161 nina
286 4120 324 4162 ea
338 4101 495 4161 deeaeiaen
508 4101 650 4180 quemad
670 4101 765 4180 ipeenn
776 4112 908 4162 sanctam
925 4099 1111 4164 Gerdardane
1131 4101 1218 4162 eece

188 4212 256 4285 tae,
279 4212 490 4276 moeaeterieeas
507 4213 599 4295 ipeiae
616 4212 679 4275 seiri
698 4212 746 4276 dei
765 4214 798 4277 ie
810 4213 930 4294 edificiis
943 4213 1087 4286 mesca,
1110 4221 1136 4273 et
1145 4211 1214 4293 pie·
