2798 4764
175 311 237 378 618
366 326 878 410 111111111111111111111111.
924 308 1013 377 1291.

177 483 283 547 comiti
297 484 411 547 debeat
426 483 518 563 plene
582 528 590 545 .
605 491 637 548 et
651 482 800 563 persolui.
825 481 851 543 si
868 502 944 544 uero
959 482 1215 546 Palatinus-sini·

177 604 240 658 stre
264 595 439 676 procedere
464 594 657 666 intenderet,
686 594 781 655 iidem
807 601 941 673 quatuor
966 593 1110 657 homines
1136 613 1216 657 cum

178 705 292 769 comite
307 706 447 785 ipsorum
463 705 649 786 probibere,
671 713 702 766 et
717 704 807 765 nobis
823 704 967 766 intimare
982 713 1158 766 teneantur.

260 814 326 898 (15)
347 817 425 879 Item
439 816 614 888 statuimus,
635 815 720 896 quod
737 813 869 894 populos
885 814 1217 896 archiepiscoporum,

179 928 402 1010 episcoporum
418 937 450 990 11
464 927 667 990 ecclesiarum
686 925 950 1007 priuilegitarum,
964 927 996 988 in
1012 929 1114 990 causis
1131 938 1216 992 tern-

178 1042 339 1124 poralibus
360 1039 463 1101 nullus
486 1039 624 1101 iudicum
647 1047 753 1120 preter
767 1057 936 1119 personam
956 1047 1094 1101 nostram
1111 1043 1219 1119 possit

121 1198 128 1205 .
178 1152 336 1225 iudicare,
360 1151 489 1233 etquod
511 1150 614 1213 nullus
633 1150 771 1213 iudicum
788 1149 1098 1231 archiepiscoporum
1120 1153 1217 1215 nobi·

180 1264 227 1330 les
253 1263 343 1347 regni
366 1263 483 1337 nostri,
505 1272 537 1325 et
561 1260 696 1344 populos
720 1262 912 1333 eorundem,
939 1262 1039 1340 possit
1060 1262 1216 1327 iudicare.

178 1375 318 1455 hospites
334 1373 432 1436 eciam
446 1373 615 1435 liberarum
630 1370 791 1444 uillarum,
812 1372 895 1453 regis
911 1372 1029 1435 scilicet
1043 1381 1075 1434 et
1089 1375 1216 1456 regine,

179 1484 302 1559 nobiles
315 1483 406 1568 regni
421 1483 519 1545 nostri
534 1502 598 1544 non
613 1481 735 1562 possint
747 1481 895 1543 iudicare.

262 1594 327 1677 (le
349 1597 427 1658 ltem
451 1593 733 1677 impignoraciones
759 1614 855 1674 super
875 1601 1073 1656 transeuntes
1093 1596 1216 1660 incola·

180 1726 249 1768 rum
264 1706 353 1789 regui
369 1705 481 1777 nostri,
503 1704 628 1785 penitus
644 1705 789 1766 uolumus
804 1713 836 1766 et
850 1703 983 1766 lecimus
998 1705 1125 1768 aboleri.

264 1815 332 1897 (17)
355 1818 433 1878 ltem
447 1816 551 1877 omnia
567 1815 698 1888 tributa,
712 1823 855 1897 tempore
870 1816 1006 1878 Ladislai
1022 1819 1104 1899 regis
1119 1818 1218 1894 sacta,

182 1928 309 1991 omnino
327 1927 549 2007 exstirpentur.

264 2037 329 2119 (181
354 2038 502 2101 Uolumus
526 2037 625 2100 eciam
641 2039 726 2120 quod
748 2039 780 2100 iu
801 2039 878 2103 locis
894 2040 1092 2122 antiquorum
1114 2041 1221 2104 tribu-

181 2157 285 2214 torum
304 2149 412 2231 populi
436 2148 586 2210 nobilium
602 2158 634 2211 11
651 2149 856 2212 ecclesiarum
876 2150 990 2212 tributa
1012 2171 1075 2212 non
1091 2152 1220 2232 persol-

181 2269 269 2324 uant.
290 2262 348 2324 scd
370 2260 586 2323 tantummodo
608 2270 798 2322 mercatores
821 2261 860 2322 dc
883 2259 950 2322 aliis
971 2260 1074 2342 regnis
1097 2263 1223 2327 adalia

182 2392 281 2456 regna
295 2381 503 2435 transeuntes.

264 2483 334 2567 (llll
356 2487 504 2547 Preterea
524 2493 623 2546 turres
646 2484 712 2546 siue
735 2492 837 2546 castra
859 2506 955 2566 super
970 2486 1108 2549 ecclesiis
1125 2487 1223 2550 edifi-

183 2608 269 2673 cata,
298 2608 351 2661 aut
375 2598 451 2659 locis
477 2596 544 2658 aliis
569 2617 627 2677 pro
648 2605 838 2658 nocumento
861 2607 1053 2672 constructa,
1087 2601 1223 2680 penitus

183 2710 369 2775 euellantur.

267 2820 337 2903 (20)
358 2822 436 2882 Item
452 2820 685 2899 possessiones,
707 2820 775 2882 lora
791 2830 822 2883 et
836 2829 936 2882 castra
953 2842 1224 2907 quorumcunque

184 2954 241 3016 per
257 2933 412 2994 uiolentos
434 2932 614 2993 detentores
635 2932 773 2993 indebite
791 2941 942 3012 occupata
963 2935 1172 2998 restituantur
1190 2946 1226 3000 et

184 3044 365 3107 reddantur.

268 3154 333 3239 (21)
355 3157 432 3218 Item
448 3155 585 3217 decimas
606 3155 731 3237 frugum
753 3157 926 3218 secundum
950 3159 1075 3220 decreta
1090 3171 1226 3224 sancto-

184 3289 253 3331 rum
268 3289 378 3350 regum
393 3268 517 3330 soluere
534 3275 707 3339 teneantur,
729 3267 771 3328 ita
795 3266 958 3342 uidelicet,
981 3270 1065 3350 quod
1081 3271 1227 3350 quilibet

185 3381 297 3444 nobilis
317 3381 384 3442 siue
398 3380 480 3441 Saxo
502 3380 541 3441 de
563 3398 694 3441 numero
711 3380 876 3452 nobilium,
898 3381 937 3442 de
953 3380 1094 3463 quolibet
1111 3394 1226 3448 aratro

185 3513 282 3553 unum
299 3491 456 3552 fertonem
471 3510 527 3571 pro
540 3491 666 3552 decimis
681 3491 814 3552 soluant.
837 3493 944 3574 populi
957 3502 1061 3555 autem
1074 3494 1227 3574 ipsorum

186 3603 355 3674 nobilium,
377 3612 409 3664 et
422 3602 579 3664 Saxonum
599 3602 637 3663 de
660 3601 790 3684 singulis
814 3604 948 3684 capeciis
971 3603 1095 3666 soluant
1119 3627 1226 3670 unum

189 3714 321 3794 pondus.
353 3721 383 3773 11
401 3713 570 3775 decimator
584 3733 646 3773 non
670 3734 725 3793 per
744 3735 795 3786 se,
816 3716 872 3776 sed
889 3735 958 3776 cum
974 3716 1101 3778 homine
1127 3739 1230 3796 paro·

187 3824 295 3886 chialis
308 3823 428 3887 comitis
440 3825 544 3887 dicare
557 3826 679 3887 debeat.
701 3845 802 3908 usque
817 3826 932 3890 festum
947 3849 972 3889 s.
983 3828 1106 3889 Martini
1122 3849 1229 3913 super·

187 3935 361 3997 iuramento
382 3937 571 4018 populorum
594 3935 746 3999 nobilium
768 3938 835 4019 ipse
851 3938 972 4000 decime
988 3937 1230 4019 persoluentur.

187 4056 258 4128 post
271 4048 373 4130 ipsum
389 4057 494 4109 autem
507 4047 619 4110 festum
632 4049 780 4111 credatur
792 4049 1017 4112 decimatorum
1030 4049 1229 4119 iuramento.

187 4160 263 4224 item
279 4160 399 4223 decime
422 4159 488 4222 uini
510 4160 543 4223 in
564 4170 735 4247 autumpno
756 4162 789 4224 iu
811 4161 917 4244 specie
939 4163 1132 4250 recipiantur
1148 4186 1232 4234 cum
