2798 4764
225 340 290 410 ιιι
335 343 424 411 nisu
444 356 486 410 ιι.
504 360 595 409 murs
616 360 720 409 ιοιιιι
742 358 865 408 nuum
884 361 917 407 ιιι
937 360 1025 408 ιιιι.
1057 340 1147 408 tiit.

312 518 370 592 (Ξ)
390 517 535 598 Inprimis
548 516 728 591 statuimus,
749 517 835 599 quod
851 534 959 579 currus
977 535 1081 597 pauno
1096 524 1257 590 oneratus,

225 635 300 691 'mum
312 635 446 690 castrum
459 627 638 700 inuenerit,
659 628 813 691 tributarii
827 629 867 690 ad
882 627 1057 709 hospicium
1073 628 1255 690 mercaturis

229 739 382 801 accedant
400 745 432 799 et
451 738 596 801 estiment
617 758 767 820 pannum,
790 747 822 801 et
842 739 881 801 de
903 758 1008 819 panno
1023 736 1147 802 uniente
1163 738 1256 819 quiu-

228 866 292 932 que
306 867 427 912 marcus
441 850 594 930 recipiant
607 869 703 911 unum
719 851 853 931 pondus.

310 962 367 1034 (3)
387 962 465 1024 Item
486 961 525 1023 de
549 979 642 1023 curru
663 969 795 1023 onerato
816 980 886 1023 cum
908 960 1067 1043 frugibus,
1088 962 1142 1042 qui
1160 962 1256 1025 intret

229 1092 285 1155 per
299 1079 436 1153 portum,
458 1073 536 1135 duos
551 1072 706 1134 denarius.

311 1185 369 1261 (t)
391 1185 468 1248 item
484 1185 524 1247 de
539 1185 764 1268 quinquaginta
780 1186 895 1247 suiibus
911 1185 1072 1249 dimidium
1087 1186 1201 1260 sulem,
1223 1196 1255 1250 et

228 1297 268 1362 ιιι
294 1298 404 1360 decem
429 1297 545 1360 salibus
570 1316 668 1360 uuum
691 1297 871 1373 denarium,
904 1306 937 1362 et
962 1299 1005 1360 sic
1030 1299 1254 1361 adscendeudo

227 1430 328 1492 usque
342 1411 559 1492 quadraginta.

269 1550 274 1561 ·
299 1519 819 1597 ·s⁵)'1temdecurrucumulunis
839 1521 993 1604 recipiunt
1012 1530 1078 1585 tres
1097 1521 1254 1586 denarius.

224 1635 300 1697 item
315 1634 354 1696 de
369 1652 462 1695 curru
477 1633 562 1695 ferro
573 1641 703 1696 onerato
718 1641 780 1697 tres
795 1634 953 1696 denarios.
980 1635 1055 1697 item
1074 1637 1114 1697 dc
1134 1634 1254 1698 tuueiiu

227 1745 308 1818 uini,
330 1745 415 1825 quud
430 1743 577 1806 ucuditur
591 1743 622 1805 in
638 1742 718 1818 foro,
740 1744 803 1807 duo
818 1745 968 1827 pondere.
988 1746 1063 1808 item
1080 1746 1119 1808 de
1135 1745 1253 1809 tunella

225 1855 302 1929 uini,
318 1858 401 1940 quud
416 1855 544 1938 punitur
556 1856 588 1917 in
603 1855 741 1929 cellurio,
758 1856 821 1919 duo
837 1857 986 1938 pondera.
1008 1859 1082 1920 item
1099 1857 1131 1919 in
1147 1878 1254 1933 curru,

225 1965 337 2050 inquo
353 1948 440 2030 extre
455 1976 590 2030 castrum
607 1974 670 2029 tres
686 1966 801 2031 tuneile
817 1968 1011 2042 deseruntur,
1032 1969 1186 2031 tributarii
1206 1969 1254 2031 di·

225 2081 356 2144 midium
369 2079 538 2152 fertonem,
551 2077 634 2140 infru
648 2087 753 2141 autem
768 2078 827 2142 triu
842 2079 991 2162 pondera.
1012 2079 1086 2142 item
1103 2080 1143 2141 de
1158 2097 1252 2141 curru

225 2191 344 2277 piumbi
358 2191 417 2254 triu
432 2192 582 2273 pondere.

308 2304 365 2380 (u)
385 2303 463 2365 item
478 2303 519 2367 de
533 2320 645 2376 curru,
665 2303 718 2384 qui
730 2309 837 2384 portat
851 2301 949 2383 peltes
964 2302 1091 2374 ferinus,
1113 2309 1145 2364 et
1157 2303 1254 2366 intrat

225 2425 379 2490 cestrum,
401 2412 555 2477 tributarii
577 2413 731 2477 decedunt
751 2415 791 2476 ud
813 2414 985 2496 hospicium
1009 2414 1200 2488 mercaturis,
1222 2423 1253 2476 et

224 2527 398 2590 mundum
420 2525 504 2608 quud
523 2524 708 2587 estimuutur
728 2523 843 2605 peiles,
867 2525 906 2586 de
920 2523 1061 2606 quinque
1076 2524 1188 2587 marcis
1203 2544 1254 2587 re·

224 2640 341 2721 cipiunt
354 2655 451 2699 unum
467 2636 599 2719 pondus.
621 2635 764 2699 similiter
779 2636 941 2699 statuimus
957 2637 1093 2700 decern.

307 2751 365 2823 (7)
386 2747 503 2809 Currus
525 2749 629 2830 magni
649 2747 702 2830 qui
718 2756 843 2830 portunt
862 2746 960 2832 peiles
973 2745 1125 2820 boninus,
1145 2749 1254 2810 statui·

224 2878 294 2922 mus
312 2868 346 2921 ut
367 2859 492 2922 soiuunt
513 2858 676 2921 dimidium
700 2858 864 2920 fertonem.
890 2859 964 2920 item
985 2859 1024 2920 de
1047 2860 1135 2939 peciu
1156 2860 1251 2940 panni

225 2970 320 3055 grisei
341 2971 538 3034 duodenarii
554 2970 727 3051 exiguntur.
753 2970 826 3031 item
842 2970 882 3032 de
896 2969 1048 3043 brachiis,
1077 2971 1116 3032 de
1140 2970 1251 3051 pannis

224 3080 316 3144 lineis
331 3083 394 3145 duo
409 3081 540 3144 denarii.

308 3195 366 3269 (8)
388 3195 466 3255 ltcm
480 3204 622 3274 tempore
636 3211 718 3254 noue
734 3200 870 3266 monete,
885 3193 958 3255 dum
974 3193 1107 3254 celebris
1121 3202 1169 3255 est
1182 3194 1252 3275 ipsa

224 3313 365 3379 monete,
394 3305 433 3367 de
458 3322 604 3365 mensum
627 3311 762 3385 quatuor
781 3304 937 3386 periurum
962 3323 1059 3365 unum
1086 3303 1250 3366 denarium

92 3444 96 3448 ²
183 3497 186 3503 .
223 3416 385 3499 recipiant.
411 3433 482 3477 cum
504 3425 609 3478 nutem
633 3413 754 3476 denarii
778 3413 928 3495 incipient
950 3414 1163 3486 descendere,
1193 3433 1252 3494 pru

224 3530 322 3592 tribus
338 3528 431 3610 guriis
445 3548 541 3589 unum
557 3527 730 3589 denarium.

307 3641 364 3715 (9)
386 3639 462 3701 item
484 3638 524 3700 de
544 3637 707 3698 uenditurc
727 3636 801 3718 equi
823 3638 903 3699 duos
926 3635 1085 3708 denarius,
1108 3637 1251 3699 similiter

224 3749 264 3812 de
276 3759 406 3812 emtore.
428 3747 501 3809 item
514 3748 556 3808 ub
566 3766 604 3809 eu
617 3747 670 3828 qui
687 3746 794 3810 uendit
808 3749 948 3829 pecudes
963 3767 1060 3809 unum
1076 3746 1250 3811 denarium.

220 3857 297 3921 item
309 3859 348 3920 de
359 3857 458 3920 tribus
469 3857 614 3930 bouibus,
626 3858 679 3938 qui
690 3859 766 3920 emit
777 3860 829 3922 uei
844 3858 953 3920 uendit
969 3877 1063 3920 unum
1076 3857 1250 3921 denarium.

222 3966 298 4034 item
322 3969 362 4032 de
386 3966 484 4031 tribus
509 3968 612 4049 porcis
637 3988 735 4031 unum
758 3968 941 4042 denarium,
972 3969 1115 4032 similiter
1139 3969 1250 4051 etqui

223 4081 308 4146 emit.

304 4193 384 4272 (10)
404 4191 480 4258 ium
504 4193 545 4257 de
569 4212 716 4258 mensum
740 4211 813 4257 cere
834 4211 899 4256 nou
919 4210 1017 4279 pure,
1043 4192 1130 4278 quod
1151 4189 1249 4277 uulgo
