2798 4764
228 339 291 405 sex
379 352 639 403 comminueres
660 353 794 401 sruonns
815 351 970 400 nunnusrs.
1012 334 1103 398 1279.

312 506 376 589 (ixl)
399 509 569 588 Statuimus
580 509 665 589 quod
677 507 885 570 nullusindex
896 504 1143 578 ordinarius,uel
1154 505 1254 567 eciam

230 619 393 702 delegatus
418 620 528 692 saciat,
555 619 608 682 uel
631 619 730 682 eciam
752 639 786 681 se
805 618 960 680 lucturum
982 617 1140 698 promittat
1161 614 1255 677 alicui

228 730 381 793 iusticiam
401 750 458 812 per
473 730 609 812 graciam
624 750 679 792 seu
701 738 859 811 receptam
876 727 1040 809 pecuniam
1057 725 1108 788 uel
1123 725 1256 807 promis-

228 862 313 916 sam,
333 851 388 904 aut
409 862 466 923 per
487 842 563 903 alias
584 841 694 903 sordes
717 847 863 922 pretextu
882 838 1012 902 alicuius
1031 837 1112 911 odii,
1132 846 1256 919 tempo-

229 955 302 1019 ralis
324 954 541 1026 emolumenti,
562 952 680 1015 fauoris
702 972 759 1014 seu
780 951 871 1023 lucri,
895 959 925 1012 et
940 951 992 1031 qui
1008 958 1116 1010 contra
1133 947 1256 1022 fecerit,

228 1085 287 1148 per
300 1083 415 1129 annum
430 1063 566 1127 officium
582 1063 741 1126 iudicandi
756 1061 815 1125 sibi
830 1061 968 1124 innuerit
980 1061 1193 1133 interdictum,
1214 1062 1255 1123 ad

230 1176 465 1240 estimacioucm
487 1176 548 1238 litis
569 1176 647 1257 parti
661 1195 755 1257 quam
771 1175 877 1237 leserit
891 1173 1092 1236 nihilominus
1105 1174 1256 1236 condem·

228 1288 361 1360 nundus,
382 1294 475 1369 prout
488 1285 520 1347 in
535 1287 761 1349 constitucione
776 1284 874 1348 felicis
889 1283 1121 1347 recordacionis
1136 1285 1256 1347 domini

227 1397 406 1460 Innocencii
422 1418 503 1479 pape
517 1397 569 1470 lv,
583 1397 623 1460 de
639 1418 673 1459 re
688 1397 823 1460 iudicata
838 1396 922 1459 edita
936 1396 967 1457 in
983 1396 1115 1458 concilio
1127 1396 1255 1477 Lugdu·

227 1506 319 1571 nensi
333 1517 472 1571 cauetur.

311 1616 378 1699 (55)
400 1619 568 1682 statuimus
582 1620 667 1702 quod
682 1619 801 1682 iudices
815 1617 964 1682 ordinarii
984 1626 1037 1680 aut
1052 1616 1151 1680 eciam
1167 1617 1254 1680 dele·

229 1729 292 1812 pati
303 1748 412 1791 omnes
423 1729 503 1802 illos,
519 1749 598 1810 quos
614 1750 670 1811 per
680 1729 958 1793 denunciacionem
975 1728 1026 1793 uel
1039 1728 1101 1790 alio
1115 1727 1253 1810 legitimo
1368 1800 1372 1805 ¹

228 1841 324 1903 modo
340 1841 625 1903 excommunicatos
644 1843 792 1904 sciuerint
806 1862 876 1905 esse
892 1843 931 1904 ab
944 1842 1072 1904 homine
1087 1841 1138 1903 uel
1153 1862 1170 1902 a
1186 1840 1254 1903 iore

228 1951 267 2015 ab
286 1953 420 2033 agendo,
441 1933 678 2033 patrocinando,
700 1953 752 2015 uel
774 1952 969 2016 testificando
987 1953 1017 2013 in
1039 1972 1098 2014 suo
1119 1952 1188 2013 soro
1203 1952 1255 2013 uel

227 2062 322 2125 curiis
345 2070 399 2127 aut
418 2062 541 2126 iudiciis
563 2083 602 2126 ex
625 2063 730 2126 officio
746 2083 803 2125 suo
824 2064 995 2144 repellant,
1016 2063 1135 2125 iudices
1150 2073 1254 2124 autem

226 2173 281 2257 qui
303 2174 525 2254 excepeionem
548 2175 881 2237 excommunicacionis
903 2185 1013 2237 contra
1033 2184 1175 2256 agentes,
1198 2174 1254 2234 ad-

225 2293 377 2347 uocantes
392 2285 443 2348 uel
458 2285 659 2349 testificantes
674 2285 829 2348 obiectam
845 2305 908 2348 non
924 2287 1120 2358 admiserint,
1141 2286 1199 2349 sed
1214 2306 1253 2350 ea

225 2414 290 2459 non
316 2396 458 2458 obstante
484 2395 563 2458 tales
588 2395 772 2459 admiserint
793 2399 834 2459 ad
857 2397 1014 2478 predicta,
1037 2417 1092 2478 per
1111 2417 1254 2459 mensem

223 2526 320 2568 unum
336 2507 495 2568 iudicandi
510 2507 648 2569 officium
664 2507 721 2570 sibi
737 2508 884 2570 nouerint
896 2508 1113 2580 interdictum,
1135 2518 1167 2570 et
1181 2528 1254 2589 pro-

225 2636 333 2679 cessus
349 2638 419 2679 cum
436 2619 547 2680 talibus
563 2620 838 2680 excommunicatis
853 2619 977 2681 habitus
999 2620 1037 2682 sit
1058 2620 1163 2679 irritus
1184 2620 1253 2698 ipso

225 2726 319 2801 lacto,
334 2750 393 2791 noc
408 2749 463 2810 per
479 2748 644 2811 processus
658 2730 838 2792 huiusmodi
853 2732 1001 2793 iudicium
1018 2732 1184 2812 excipienti
1200 2750 1254 2791 ex-

226 2839 544 2903 communicacionem
560 2842 627 2903 siue
644 2842 741 2921 ipsam
757 2844 975 2924 exceptionem
991 2842 1172 2915 habuerint,
1186 2844 1253 2904 siue

228 2970 309 3040 non,
331 2969 370 3011 ex
385 2971 447 3032 quo
463 2972 520 3033 per
535 2972 606 3012 eum
622 2954 765 3033 opposita
780 2953 838 3015 suit
852 2953 1031 3015 huiusmodi
1047 2955 1206 3036 excepcio,
1221 2963 1253 3016 et

226 3080 289 3123 non
305 3061 362 3124 suit
375 3063 512 3123 admissa
525 3064 650 3145 aliquod
667 3064 872 3145 preludicium
888 3075 1066 3147 generetur.

308 3173 373 3255 (56)
395 3175 563 3237 Statuimus
589 3177 674 3256 quod
701 3177 819 3237 iudices
844 3177 1001 3238 seculares
1027 3178 1251 3258 excepcioncm

224 3287 270 3349 rei
294 3287 427 3348 iudicate
453 3308 508 3366 per
533 3287 778 3349 ecclesiasticum
802 3289 955 3361 iudicem,
978 3290 1016 3350 de
1039 3309 1101 3371 qua
1124 3289 1252 3371 quidem

224 3399 404 3481 recognicio
426 3400 526 3479 ipsum
546 3399 793 3462 ecclesiasticum
815 3400 949 3462 indicem
969 3402 1007 3461 de
1023 3401 1252 3462 consuetudine

225 3508 329 3573 uelde
345 3511 412 3573 iure
428 3513 576 3591 pertinet,
598 3512 696 3573 eciam
713 3513 788 3592 ipsis
806 3514 996 3594 propositam
1008 3514 1171 3574 admittere
1188 3533 1252 3573 non

224 3622 374 3685 omittant.
397 3623 470 3683 item
487 3631 624 3685 econtra
637 3624 839 3685 ecclesiastici
854 3624 972 3685 iudices
985 3643 1055 3686 cum
1068 3625 1106 3686 de
1123 3645 1156 3686 re
1171 3624 1252 3685 iudi-

224 3739 293 3791 cata
315 3753 369 3810 per
383 3733 557 3794 seculorem
577 3733 714 3795 iudicem
729 3734 768 3795 de
784 3734 833 3795 nis
849 3756 910 3815 que
926 3735 965 3797 ud
981 3734 1048 3795 eins
1064 3735 1121 3795 iuri
1134 3735 1253 3796 ›dictiu-

224 3861 295 3903 nem
319 3851 461 3920 spectare
486 3853 658 3906 noscuntur
683 3847 802 3918 exeis,
834 3864 939 3906 coram
963 3846 1010 3906 eis
1033 3847 1252 3926 exceptionem

224 3950 402 4012 huiusmodi
425 3963 516 4032 prout
538 3955 577 4015 de
593 3954 659 4016 iure
676 3964 822 4017 tenentur
837 3956 1010 4017 admittant.
1037 3957 1122 4038 quod
1137 3957 1163 4017 si
1178 3957 1253 4019 dicti

224 4057 345 4122 iudices
361 4062 564 4142 exceptiones
578 4063 757 4128 huiusmodi
776 4066 857 4127 sorte
872 4066 1035 4128 admittere
1051 4074 1253 4140 recusarent,

224 4192 279 4254 per
299 4171 474 4236 ordinarios
493 4177 532 4237 de
556 4195 690 4258 quorum
710 4178 925 4241 iurisdictione
947 4177 1062 4242 luerint
1084 4181 1188 4255 bona,
1210 4179 1253 4242 de
