<?xml version="1.0" encoding="UTF-8"?>
<!DOCTYPE html PUBLIC "-//W3C//DTD XHTML 1.0 Transitional//EN"
    "http://www.w3.org/TR/xhtml1/DTD/xhtml1-transitional.dtd">
<html xmlns="http://www.w3.org/1999/xhtml" xml:lang="en" lang="en">
 <head>
  <title>
</title>
<meta http-equiv="Content-Type" content="text/html;charset=utf-8" />
  <meta name='ocr-system' content='tesseract 3.04.00' />
  <meta name='ocr-capabilities' content='ocr_page ocr_carea ocr_par ocr_line ocrx_word'/>
</head>
<body>
  <div class='ocr_page' id='page_1' title='image "./rerumhungaricar00endlgoog/rerumhungaricar00endlgoog_0723.png"; bbox 0 0 2798 4764; ppageno 0'>
   <div class='ocr_carea' id='block_1_1' title="bbox 220 313 925 387">
    <p class='ocr_par' dir='ltr' id='par_1_1' title="bbox 220 313 925 387">
     <span class='ocr_line' id='line_1_1' title="bbox 220 313 925 387; baseline 0.003 -6"><span class='ocrx_word' id='word_1_1' title='bbox 220 313 283 385; x_wconf 74' lang='lat' dir='ltr'><strong>&#39;ist</strong></span> <span class='ocrx_word' id='word_1_2' title='bbox 541 334 725 387; x_wconf 69' lang='lat' dir='ltr'><strong>umarus</strong></span> <span class='ocrx_word' id='word_1_3' title='bbox 750 334 792 381; x_wconf 83' lang='lat' dir='ltr'><strong>aa</strong></span> <span class='ocrx_word' id='word_1_4' title='bbox 816 334 925 383; x_wconf 77' lang='lat' dir='ltr'><strong>raam.</strong></span> 
     </span>
    </p>
   </div>
   <div class='ocr_carea' id='block_1_2' title="bbox 222 485 1275 1131">
    <p class='ocr_par' dir='ltr' id='par_1_2' title="bbox 222 485 1275 904">
     <span class='ocr_line' id='line_1_2' title="bbox 223 485 1275 570; baseline 0.005 -21"><span class='ocrx_word' id='word_1_5' title='bbox 223 485 351 551; x_wconf 87' lang='lat' dir='ltr'><strong>damino</strong></span> <span class='ocrx_word' id='word_1_6' title='bbox 365 507 490 563; x_wconf 89' lang='lat' dir='ltr'><strong>corum,</strong></span> <span class='ocrx_word' id='word_1_7' title='bbox 504 488 656 570; x_wconf 85' lang='lat' dir='ltr'><strong>pristaido</strong></span> <span class='ocrx_word' id='word_1_8' title='bbox 669 490 834 554; x_wconf 70' lang='lat' dir='ltr'><strong>attenuate</strong></span> <span class='ocrx_word' id='word_1_9' title='bbox 854 491 999 555; x_wconf 81' lang='lat' dir='ltr'><strong>Uaradini</strong></span> <span class='ocrx_word' id='word_1_10' title='bbox 1014 491 1128 555; x_wconf 83' lang='lat' dir='ltr'><strong>taliter</strong></span> <span class='ocrx_word' id='word_1_11' title='bbox 1138 508 1275 554; x_wconf 78' lang='lat' dir='ltr'><strong>cunuc-</strong></span> 
     </span>
     <span class='ocr_line' id='line_1_3' title="bbox 222 601 1273 681; baseline 0.004 -20"><span class='ocrx_word' id='word_1_12' title='bbox 222 608 354 673; x_wconf 84' lang='lat' dir='ltr'><strong>nsruut,</strong></span> <span class='ocrx_word' id='word_1_13' title='bbox 385 601 470 681; x_wconf 88' lang='lat' dir='ltr'><strong>quod</strong></span> <span class='ocrx_word' id='word_1_14' title='bbox 495 601 596 664; x_wconf 90' lang='lat' dir='ltr'><strong>Uarcn</strong></span> <span class='ocrx_word' id='word_1_15' title='bbox 620 602 817 666; x_wconf 75' lang='lat' dir='ltr'><strong>satisfaceret</strong></span> <span class='ocrx_word' id='word_1_16' title='bbox 840 603 951 675; x_wconf 88' lang='lat' dir='ltr'><strong>iudici,</strong></span> <span class='ocrx_word' id='word_1_17' title='bbox 980 604 1157 665; x_wconf 82' lang='lat' dir='ltr'><strong>Emericns</strong></span> <span class='ocrx_word' id='word_1_18' title='bbox 1186 622 1273 666; x_wconf 83' lang='lat' dir='ltr'><strong>nera</strong></span> 
     </span>
     <span class='ocr_line' id='line_1_4' title="bbox 222 710 1271 795; baseline 0.001 -22"><span class='ocrx_word' id='word_1_19' title='bbox 222 717 384 773; x_wconf 78' lang='lat' dir='ltr'><strong>teneretur</strong></span> <span class='ocrx_word' id='word_1_20' title='bbox 408 710 575 793; x_wconf 81' lang='lat' dir='ltr'><strong>pristaldo,</strong></span> <span class='ocrx_word' id='word_1_21' title='bbox 606 721 638 775; x_wconf 90' lang='lat' dir='ltr'><strong>et</strong></span> <span class='ocrx_word' id='word_1_22' title='bbox 661 714 750 775; x_wconf 80' lang='lat' dir='ltr'><strong>daret</strong></span> <span class='ocrx_word' id='word_1_23' title='bbox 774 713 959 778; x_wconf 80' lang='lat' dir='ltr'><strong>aduersario</strong></span> <span class='ocrx_word' id='word_1_24' title='bbox 985 733 1044 774; x_wconf 91' lang='lat' dir='ltr'><strong>suc</strong></span> <span class='ocrx_word' id='word_1_25' title='bbox 1072 712 1271 795; x_wconf 87' lang='lat' dir='ltr'><strong>quindecim</strong></span> 
     </span>
     <span class='ocr_line' id='line_1_5' title="bbox 222 823 376 904; baseline -0.013 -19"><span class='ocrx_word' id='word_1_26' title='bbox 222 823 376 904; x_wconf 81' lang='lat' dir='ltr'><strong>pondera.</strong></span> 
     </span>
    </p>

    <p class='ocr_par' dir='ltr' id='par_1_3' title="bbox 222 930 1271 1131">
     <span class='ocr_line' id='line_1_6' title="bbox 304 930 1271 1019; baseline 0.002 -24"><span class='ocrx_word' id='word_1_27' title='bbox 304 930 390 1014; x_wconf 76' lang='grc'>(993)</span> <span class='ocrx_word' id='word_1_28' title='bbox 411 935 546 998; x_wconf 83' lang='lat' dir='ltr'><strong>Barabas</strong></span> <span class='ocrx_word' id='word_1_29' title='bbox 561 937 699 1018; x_wconf 80' lang='lat' dir='ltr'><strong>impetiit</strong></span> <span class='ocrx_word' id='word_1_30' title='bbox 712 938 934 1019; x_wconf 81' lang='lat' dir='ltr'><strong>ioubagicncm</strong></span> <span class='ocrx_word' id='word_1_31' title='bbox 948 939 1035 1018; x_wconf 73' lang='lat' dir='ltr'><strong>dgya</strong></span> <span class='ocrx_word' id='word_1_32' title='bbox 1057 936 1194 999; x_wconf 87' lang='lat' dir='ltr'><strong>comitis</strong></span> <span class='ocrx_word' id='word_1_33' title='bbox 1209 956 1271 997; x_wconf 92' lang='lat' dir='ltr'><strong>uo·</strong></span> 
     </span>
     <span class='ocr_line' id='line_1_7' title="bbox 222 1046 1269 1131; baseline -0.001 -20"><span class='ocrx_word' id='word_1_34' title='bbox 222 1046 307 1111; x_wconf 79' lang='lat' dir='ltr'><strong>mine</strong></span> <span class='ocrx_word' id='word_1_35' title='bbox 323 1047 489 1122; x_wconf 82' lang='lat' dir='ltr'><strong>Thamam,</strong></span> <span class='ocrx_word' id='word_1_36' title='bbox 510 1048 618 1112; x_wconf 85' lang='lat' dir='ltr'><strong>diceus</strong></span> <span class='ocrx_word' id='word_1_37' title='bbox 632 1051 721 1131; x_wconf 84' lang='lat' dir='ltr'><strong>quod</strong></span> <span class='ocrx_word' id='word_1_38' title='bbox 735 1049 834 1111; x_wconf 83' lang='lat' dir='ltr'><strong>filium</strong></span> <span class='ocrx_word' id='word_1_39' title='bbox 853 1068 944 1111; x_wconf 90' lang='lat' dir='ltr'><strong>suum</strong></span> <span class='ocrx_word' id='word_1_40' title='bbox 960 1047 1087 1111; x_wconf 88' lang='lat' dir='ltr'><strong>nomine</strong></span> <span class='ocrx_word' id='word_1_41' title='bbox 1101 1047 1190 1121; x_wconf 73' lang='lat' dir='ltr'><strong>Sua,</strong></span> <span class='ocrx_word' id='word_1_42' title='bbox 1211 1050 1269 1129; x_wconf 86' lang='lat' dir='ltr'><strong>qui</strong></span> 
     </span>
    </p>
   </div>
   <div class='ocr_carea' id='block_1_3' title="bbox 222 1157 1399 1241">
    <p class='ocr_par' dir='ltr' id='par_1_4' title="bbox 222 1157 1399 1241">
     <span class='ocr_line' id='line_1_8' title="bbox 222 1157 1399 1241; baseline 0.001 -22"><span class='ocrx_word' id='word_1_43' title='bbox 222 1157 283 1220; x_wconf 81' lang='lat' dir='ltr'><strong>suit</strong></span> <span class='ocrx_word' id='word_1_44' title='bbox 296 1158 380 1237; x_wconf 90' lang='lat' dir='ltr'><strong>apud</strong></span> <span class='ocrx_word' id='word_1_45' title='bbox 394 1158 560 1220; x_wconf 86' lang='lat' dir='ltr'><strong>Barrabam</strong></span> <span class='ocrx_word' id='word_1_46' title='bbox 574 1159 607 1221; x_wconf 93' lang='lat' dir='ltr'><strong>iu</strong></span> <span class='ocrx_word' id='word_1_47' title='bbox 621 1161 772 1222; x_wconf 89' lang='lat' dir='ltr'><strong>seruitute</strong></span> <span class='ocrx_word' id='word_1_48' title='bbox 789 1179 844 1240; x_wconf 88' lang='lat' dir='ltr'><strong>pro</strong></span> <span class='ocrx_word' id='word_1_49' title='bbox 860 1157 1010 1241; x_wconf 85' lang='lat' dir='ltr'><strong>pecunia,</strong></span> <span class='ocrx_word' id='word_1_50' title='bbox 1031 1159 1102 1239; x_wconf 83' lang='lat' dir='ltr'><strong>ipse</strong></span> <span class='ocrx_word' id='word_1_51' title='bbox 1116 1157 1268 1220; x_wconf 78' lang='lat' dir='ltr'><strong>Thomas</strong></span> <span class='ocrx_word' id='word_1_52' title='bbox 1398 1217 1399 1238; x_wconf 44' lang='lat'><strong>,</strong></span> 
     </span>
    </p>
   </div>
   <div class='ocr_carea' id='block_1_4' title="bbox 174 1267 1266 4131">
    <p class='ocr_par' dir='ltr' id='par_1_5' title="bbox 174 1267 1266 1784">
     <span class='ocr_line' id='line_1_9' title="bbox 221 1267 1266 1351; baseline 0.001 -19"><span class='ocrx_word' id='word_1_53' title='bbox 221 1267 328 1332; x_wconf 77' lang='lat' dir='ltr'><strong>furtim</strong></span> <span class='ocrx_word' id='word_1_54' title='bbox 350 1269 460 1351; x_wconf 77' lang='lat' dir='ltr'><strong>sugere</strong></span> <span class='ocrx_word' id='word_1_55' title='bbox 480 1271 520 1332; x_wconf 88' lang='lat' dir='ltr'><strong>ab</strong></span> <span class='ocrx_word' id='word_1_56' title='bbox 539 1290 579 1333; x_wconf 90' lang='lat' dir='ltr'><strong>eo</strong></span> <span class='ocrx_word' id='word_1_57' title='bbox 600 1271 736 1334; x_wconf 68' lang='lat' dir='ltr'><strong>recuset.</strong></span> <span class='ocrx_word' id='word_1_58' title='bbox 764 1273 935 1351; x_wconf 81' lang='lat' dir='ltr'><strong>quodcum</strong></span> <span class='ocrx_word' id='word_1_59' title='bbox 950 1269 1089 1331; x_wconf 84' lang='lat' dir='ltr'><strong>Thomas</strong></span> <span class='ocrx_word' id='word_1_60' title='bbox 1104 1280 1266 1351; x_wconf 69' lang='lat' dir='ltr'><strong>negaret,</strong></span> 
     </span>
     <span class='ocr_line' id='line_1_10' title="bbox 222 1378 1265 1464; baseline 0.002 -23"><span class='ocrx_word' id='word_1_61' title='bbox 222 1378 363 1460; x_wconf 78' lang='lat' dir='ltr'><strong>prefatus</strong></span> <span class='ocrx_word' id='word_1_62' title='bbox 377 1381 466 1462; x_wconf 78' lang='lat' dir='ltr'><strong>Agya</strong></span> <span class='ocrx_word' id='word_1_63' title='bbox 483 1381 670 1455; x_wconf 77' lang='lat' dir='ltr'><strong>discuciens,</strong></span> <span class='ocrx_word' id='word_1_64' title='bbox 691 1401 748 1464; x_wconf 87' lang='lat' dir='ltr'><strong>per</strong></span> <span class='ocrx_word' id='word_1_65' title='bbox 762 1380 945 1461; x_wconf 85' lang='lat' dir='ltr'><strong>pristaldum</strong></span> <span class='ocrx_word' id='word_1_66' title='bbox 961 1379 1088 1441; x_wconf 86' lang='lat' dir='ltr'><strong>nominc</strong></span> <span class='ocrx_word' id='word_1_67' title='bbox 1104 1378 1265 1443; x_wconf 80' lang='lat' dir='ltr'><strong>Casinam</strong></span> 
     </span>
     <span class='ocr_line' id='line_1_11' title="bbox 174 1489 1265 1570; baseline -0.003 -13"><span class='ocrx_word' id='word_1_68' title='bbox 174 1562 178 1570; x_wconf 65' lang='grc'>,</span> <span class='ocrx_word' id='word_1_69' title='bbox 221 1489 306 1557; x_wconf 71' lang='lat' dir='ltr'><strong>nuit</strong></span> <span class='ocrx_word' id='word_1_70' title='bbox 319 1490 509 1554; x_wconf 83' lang='lat' dir='ltr'><strong>Uaradinum</strong></span> <span class='ocrx_word' id='word_1_71' title='bbox 529 1492 569 1554; x_wconf 87' lang='lat' dir='ltr'><strong>ad</strong></span> <span class='ocrx_word' id='word_1_72' title='bbox 585 1493 747 1555; x_wconf 88' lang='lat' dir='ltr'><strong>candentis</strong></span> <span class='ocrx_word' id='word_1_73' title='bbox 761 1491 836 1553; x_wconf 81' lang='lat' dir='ltr'><strong>ferri</strong></span> <span class='ocrx_word' id='word_1_74' title='bbox 851 1491 1010 1553; x_wconf 90' lang='lat' dir='ltr'><strong>iudicium.</strong></span> <span class='ocrx_word' id='word_1_75' title='bbox 1037 1490 1091 1552; x_wconf 87' lang='lat' dir='ltr'><strong>ubi</strong></span> <span class='ocrx_word' id='word_1_76' title='bbox 1106 1490 1177 1553; x_wconf 80' lang='lat' dir='ltr'><strong>iam</strong></span> <span class='ocrx_word' id='word_1_77' title='bbox 1191 1492 1265 1554; x_wconf 91' lang='lat' dir='ltr'><strong>dic-</strong></span> 
     </span>
     <span class='ocr_line' id='line_1_12' title="bbox 222 1599 1264 1682; baseline 0.002 -19"><span class='ocrx_word' id='word_1_78' title='bbox 222 1606 273 1663; x_wconf 80' lang='lat' dir='ltr'><strong>tus</strong></span> <span class='ocrx_word' id='word_1_79' title='bbox 285 1599 439 1664; x_wconf 74' lang='lat' dir='ltr'>Barrabas</span> <span class='ocrx_word' id='word_1_80' title='bbox 460 1603 581 1682; x_wconf 86' lang='lat' dir='ltr'><strong>accepit</strong></span> <span class='ocrx_word' id='word_1_81' title='bbox 602 1622 696 1665; x_wconf 90' lang='lat' dir='ltr'><strong>unam</strong></span> <span class='ocrx_word' id='word_1_82' title='bbox 718 1620 852 1665; x_wconf 85' lang='lat' dir='ltr'><strong>rnarcam</strong></span> <span class='ocrx_word' id='word_1_83' title='bbox 868 1611 899 1664; x_wconf 93' lang='lat' dir='ltr'><strong>ct</strong></span> <span class='ocrx_word' id='word_1_84' title='bbox 912 1601 1069 1664; x_wconf 76' lang='lat' dir='ltr'><strong>fertonem</strong></span> <span class='ocrx_word' id='word_1_85' title='bbox 1082 1621 1104 1663; x_wconf 85' lang='lat' dir='ltr'><strong>a</strong></span> <span class='ocrx_word' id='word_1_86' title='bbox 1121 1602 1264 1675; x_wconf 82' lang='lat' dir='ltr'><strong>Thema,</strong></span> 
     </span>
     <span class='ocr_line' id='line_1_13' title="bbox 223 1709 1265 1784; baseline 0.002 -11"><span class='ocrx_word' id='word_1_87' title='bbox 223 1718 257 1776; x_wconf 82' lang='lat' dir='ltr'><strong>ct</strong></span> <span class='ocrx_word' id='word_1_88' title='bbox 269 1709 404 1773; x_wconf 80' lang='lat' dir='ltr'><strong>absoluit</strong></span> <span class='ocrx_word' id='word_1_89' title='bbox 417 1712 570 1774; x_wconf 77' lang='lat' dir='ltr'><strong>&#39;l&#39;hnmam</strong></span> <span class='ocrx_word' id='word_1_90' title='bbox 584 1731 712 1773; x_wconf 84' lang='lat' dir='ltr'><strong>accusa</strong></span> <span class='ocrx_word' id='word_1_91' title='bbox 726 1731 792 1784; x_wconf 87' lang='lat' dir='ltr'><strong>sua,</strong></span> <span class='ocrx_word' id='word_1_92' title='bbox 815 1721 847 1775; x_wconf 87' lang='lat' dir='ltr'><strong>et</strong></span> <span class='ocrx_word' id='word_1_93' title='bbox 859 1711 957 1773; x_wconf 78' lang='lat' dir='ltr'><strong>filiurn</strong></span> <span class='ocrx_word' id='word_1_94' title='bbox 972 1711 1041 1773; x_wconf 90' lang='lat' dir='ltr'><strong>eius</strong></span> <span class='ocrx_word' id='word_1_95' title='bbox 1056 1712 1265 1775; x_wconf 83' lang='lat' dir='ltr'><strong>aseruitute.</strong></span> 
     </span>
    </p>

    <p class='ocr_par' dir='ltr' id='par_1_6' title="bbox 221 1819 1262 2461">
     <span class='ocr_line' id='line_1_14' title="bbox 306 1819 1262 1904; baseline 0.007 -22"><span class='ocrx_word' id='word_1_96' title='bbox 306 1819 398 1901; x_wconf 70' lang='grc'>(999)</span> <span class='ocrx_word' id='word_1_97' title='bbox 420 1821 554 1895; x_wconf 83' lang='lat' dir='ltr'><strong>Quidam</strong></span> <span class='ocrx_word' id='word_1_98' title='bbox 570 1821 696 1883; x_wconf 88' lang='lat' dir='ltr'><strong>nomina</strong></span> <span class='ocrx_word' id='word_1_99' title='bbox 711 1823 776 1885; x_wconf 89' lang='lat' dir='ltr'><strong>Luc</strong></span> <span class='ocrx_word' id='word_1_100' title='bbox 794 1842 866 1885; x_wconf 93' lang='lat' dir='ltr'><strong>cum</strong></span> <span class='ocrx_word' id='word_1_101' title='bbox 881 1822 1032 1904; x_wconf 81' lang='lat' dir='ltr'><strong>pristaidc</strong></span> <span class='ocrx_word' id='word_1_102' title='bbox 1047 1842 1109 1885; x_wconf 88' lang='lat' dir='ltr'><strong>suo</strong></span> <span class='ocrx_word' id='word_1_103' title='bbox 1124 1826 1262 1889; x_wconf 80' lang='lat' dir='ltr'><strong>numine</strong></span> 
     </span>
     <span class='ocr_line' id='line_1_15' title="bbox 222 1932 1261 2016; baseline 0.005 -21"><span class='ocrx_word' id='word_1_104' title='bbox 222 1933 320 1997; x_wconf 81' lang='lat' dir='ltr'><strong>Santc</strong></span> <span class='ocrx_word' id='word_1_105' title='bbox 341 1932 473 1995; x_wconf 87' lang='lat' dir='ltr'><strong>ueniens</strong></span> <span class='ocrx_word' id='word_1_106' title='bbox 493 1933 525 1994; x_wconf 89' lang='lat' dir='ltr'><strong>in</strong></span> <span class='ocrx_word' id='word_1_107' title='bbox 548 1933 721 2016; x_wconf 86' lang='lat' dir='ltr'><strong>septimana</strong></span> <span class='ocrx_word' id='word_1_108' title='bbox 742 1934 817 1997; x_wconf 87' lang='lat' dir='ltr'><strong>dicit</strong></span> <span class='ocrx_word' id='word_1_109' title='bbox 839 1933 1001 2007; x_wconf 87' lang='lat' dir='ltr'><strong>dominus,</strong></span> <span class='ocrx_word' id='word_1_110' title='bbox 1022 1933 1103 1997; x_wconf 76' lang='lat' dir='ltr'><strong>uiris</strong></span> <span class='ocrx_word' id='word_1_111' title='bbox 1124 1954 1162 1998; x_wconf 86' lang='lat' dir='ltr'><strong>se</strong></span> <span class='ocrx_word' id='word_1_112' title='bbox 1185 1956 1261 2000; x_wconf 85' lang='lat' dir='ltr'><strong>cssc</strong></span> 
     </span>
     <span class='ocr_line' id='line_1_16' title="bbox 221 2042 1261 2139; baseline -0.001 -30"><span class='ocrx_word' id='word_1_113' title='bbox 221 2043 352 2109; x_wconf 56' lang='lat' dir='ltr'><strong>Qum</strong></span> <span class='ocrx_word' id='word_1_114' title='bbox 372 2064 391 2106; x_wconf 87' lang='lat' dir='ltr'><strong>a</strong></span> <span class='ocrx_word' id='word_1_115' title='bbox 410 2044 514 2109; x_wconf 83' lang='lat' dir='ltr'><strong>iudice</strong></span> <span class='ocrx_word' id='word_1_116' title='bbox 533 2063 660 2117; x_wconf 90' lang='lat' dir='ltr'><strong>eorum,</strong></span> <span class='ocrx_word' id='word_1_117' title='bbox 681 2043 802 2108; x_wconf 85' lang='lat' dir='ltr'><strong>sedicet</strong></span> <span class='ocrx_word' id='word_1_118' title='bbox 819 2045 943 2139; x_wconf 68' lang='lat' dir='ltr'><strong>dicdum</strong></span> <span class='ocrx_word' id='word_1_119' title='bbox 961 2042 1027 2105; x_wconf 78' lang='lat' dir='ltr'><strong>ulio</strong></span> <span class='ocrx_word' id='word_1_120' title='bbox 1047 2044 1196 2119; x_wconf 72' lang='lat' dir='ltr'><strong>Badrin,</strong></span> <span class='ocrx_word' id='word_1_121' title='bbox 1219 2047 1261 2108; x_wconf 87' lang='lat' dir='ltr'><strong>ad</strong></span> 
     </span>
     <span class='ocr_line' id='line_1_17' title="bbox 221 2155 1262 2241; baseline -0.003 -18"><span class='ocrx_word' id='word_1_122' title='bbox 221 2158 412 2241; x_wconf 75' lang='lat' dir='ltr'><strong>perandum</strong></span> <span class='ocrx_word' id='word_1_123' title='bbox 426 2157 544 2221; x_wconf 82' lang='lat' dir='ltr'><strong>ferrum</strong></span> <span class='ocrx_word' id='word_1_124' title='bbox 560 2175 616 2237; x_wconf 88' lang='lat' dir='ltr'><strong>pro</strong></span> <span class='ocrx_word' id='word_1_125' title='bbox 632 2155 730 2219; x_wconf 88' lang='lat' dir='ltr'><strong>tribus</strong></span> <span class='ocrx_word' id='word_1_126' title='bbox 744 2156 867 2228; x_wconf 88' lang='lat' dir='ltr'><strong>marcis,</strong></span> <span class='ocrx_word' id='word_1_127' title='bbox 887 2163 996 2216; x_wconf 86' lang='lat' dir='ltr'><strong>contra</strong></span> <span class='ocrx_word' id='word_1_128' title='bbox 1010 2155 1176 2237; x_wconf 84' lang='lat' dir='ltr'><strong>quendam</strong></span> <span class='ocrx_word' id='word_1_129' title='bbox 1199 2177 1262 2220; x_wconf 86' lang='lat' dir='ltr'><strong>nc-</strong></span> 
     </span>
     <span class='ocr_line' id='line_1_18' title="bbox 221 2266 1260 2350; baseline 0.002 -19"><span class='ocrx_word' id='word_1_130' title='bbox 221 2270 305 2333; x_wconf 87' lang='lat' dir='ltr'><strong>miuc</strong></span> <span class='ocrx_word' id='word_1_131' title='bbox 320 2269 539 2332; x_wconf 81' lang='lat' dir='ltr'><strong>Christianum.</strong></span> <span class='ocrx_word' id='word_1_132' title='bbox 567 2269 626 2332; x_wconf 90' lang='lat' dir='ltr'><strong>sed</strong></span> <span class='ocrx_word' id='word_1_133' title='bbox 644 2267 839 2331; x_wconf 80' lang='lat' dir='ltr'><strong>Christianus</strong></span> <span class='ocrx_word' id='word_1_134' title='bbox 861 2266 894 2328; x_wconf 90' lang='lat' dir='ltr'><strong>in</strong></span> <span class='ocrx_word' id='word_1_135' title='bbox 915 2266 1056 2348; x_wconf 87' lang='lat' dir='ltr'><strong>predicta</strong></span> <span class='ocrx_word' id='word_1_136' title='bbox 1074 2267 1260 2350; x_wconf 72' lang='lat' dir='ltr'><strong>septimana</strong></span> 
     </span>
     <span class='ocr_line' id='line_1_19' title="bbox 222 2378 647 2461; baseline -0.002 -20"><span class='ocrx_word' id='word_1_137' title='bbox 222 2378 369 2443; x_wconf 79' lang='lat' dir='ltr'><strong>Uaradini</strong></span> <span class='ocrx_word' id='word_1_138' title='bbox 383 2399 447 2442; x_wconf 90' lang='lat' dir='ltr'><strong>non</strong></span> <span class='ocrx_word' id='word_1_139' title='bbox 463 2380 647 2461; x_wconf 73' lang='lat' dir='ltr'><strong>comparuit·</strong></span> 
     </span>
    </p>

    <p class='ocr_par' dir='ltr' id='par_1_7' title="bbox 220 2486 1261 3682">
     <span class='ocr_line' id='line_1_20' title="bbox 305 2486 1261 2571; baseline 0.001 -19"><span class='ocrx_word' id='word_1_140' title='bbox 305 2486 391 2571; x_wconf 75' lang='grc'>(995)</span> <span class='ocrx_word' id='word_1_141' title='bbox 416 2490 553 2552; x_wconf 85' lang='lat' dir='ltr'><strong>Furman</strong></span> <span class='ocrx_word' id='word_1_142' title='bbox 574 2498 738 2553; x_wconf 88' lang='lat' dir='ltr'><strong>accusatus</strong></span> <span class='ocrx_word' id='word_1_143' title='bbox 760 2489 800 2551; x_wconf 89' lang='lat' dir='ltr'><strong>de</strong></span> <span class='ocrx_word' id='word_1_144' title='bbox 821 2488 905 2551; x_wconf 84' lang='lat' dir='ltr'><strong>iurtc</strong></span> <span class='ocrx_word' id='word_1_145' title='bbox 927 2506 990 2550; x_wconf 88' lang='lat' dir='ltr'><strong>non</strong></span> <span class='ocrx_word' id='word_1_146' title='bbox 1014 2488 1103 2551; x_wconf 90' lang='lat' dir='ltr'><strong>uenit</strong></span> <span class='ocrx_word' id='word_1_147' title='bbox 1125 2488 1261 2553; x_wconf 79' lang='lat' dir='ltr'><strong>Uaradi·</strong></span> 
     </span>
     <span class='ocr_line' id='line_1_21' title="bbox 221 2599 1259 2682; baseline 0 -19"><span class='ocrx_word' id='word_1_148' title='bbox 221 2620 313 2674; x_wconf 91' lang='lat' dir='ltr'><strong>num,</strong></span> <span class='ocrx_word' id='word_1_149' title='bbox 328 2602 366 2662; x_wconf 90' lang='lat' dir='ltr'><strong>dc</strong></span> <span class='ocrx_word' id='word_1_150' title='bbox 381 2621 444 2682; x_wconf 90' lang='lat' dir='ltr'><strong>quo</strong></span> <span class='ocrx_word' id='word_1_151' title='bbox 461 2601 537 2662; x_wconf 89' lang='lat' dir='ltr'><strong>tales</strong></span> <span class='ocrx_word' id='word_1_152' title='bbox 550 2601 658 2664; x_wconf 81' lang='lat' dir='ltr'><strong>literas</strong></span> <span class='ocrx_word' id='word_1_153' title='bbox 672 2600 756 2661; x_wconf 86' lang='lat' dir='ltr'><strong>misit</strong></span> <span class='ocrx_word' id='word_1_154' title='bbox 769 2600 863 2663; x_wconf 85' lang='lat' dir='ltr'><strong>iudex</strong></span> <span class='ocrx_word' id='word_1_155' title='bbox 877 2619 962 2661; x_wconf 88' lang='lat' dir='ltr'><strong>snus.</strong></span> <span class='ocrx_word' id='word_1_156' title='bbox 984 2620 1045 2681; x_wconf 76' lang='lat' dir='ltr'><strong>ego</strong></span> <span class='ocrx_word' id='word_1_157' title='bbox 1056 2599 1259 2663; x_wconf 85' lang='lat' dir='ltr'><strong>Uencesians</strong></span> 
     </span>
     <span class='ocr_line' id='line_1_22' title="bbox 221 2709 1260 2792; baseline 0.002 -20"><span class='ocrx_word' id='word_1_158' title='bbox 221 2711 273 2775; x_wconf 81' lang='lat' dir='ltr'><strong>dei</strong></span> <span class='ocrx_word' id='word_1_159' title='bbox 287 2713 392 2792; x_wconf 76' lang='lat' dir='ltr'><strong>gracia</strong></span> <span class='ocrx_word' id='word_1_160' title='bbox 406 2731 473 2773; x_wconf 89' lang='lat' dir='ltr'><strong>sum</strong></span> <span class='ocrx_word' id='word_1_161' title='bbox 490 2731 595 2773; x_wconf 87' lang='lat' dir='ltr'><strong>comes</strong></span> <span class='ocrx_word' id='word_1_162' title='bbox 610 2710 864 2774; x_wconf 81' lang='lat' dir='ltr'><strong>Zothruaricnsis.</strong></span> <span class='ocrx_word' id='word_1_163' title='bbox 891 2710 977 2770; x_wconf 89' lang='lat' dir='ltr'><strong>chn</strong></span> <span class='ocrx_word' id='word_1_164' title='bbox 993 2709 1076 2771; x_wconf 82' lang='lat' dir='ltr'><strong>titius</strong></span> <span class='ocrx_word' id='word_1_165' title='bbox 1092 2710 1172 2773; x_wconf 79' lang='lat' dir='ltr'><strong>Petu</strong></span> <span class='ocrx_word' id='word_1_166' title='bbox 1196 2710 1260 2774; x_wconf 84' lang='lat' dir='ltr'><strong>iiti-</strong></span> 
     </span>
     <span class='ocr_line' id='line_1_23' title="bbox 220 2819 1260 2901; baseline 0.002 -17"><span class='ocrx_word' id='word_1_167' title='bbox 220 2821 307 2901; x_wconf 65' lang='lat' dir='ltr'><strong>pauit</strong></span> <span class='ocrx_word' id='word_1_168' title='bbox 320 2821 352 2881; x_wconf 94' lang='lat' dir='ltr'><strong>in</strong></span> <span class='ocrx_word' id='word_1_169' title='bbox 369 2822 532 2900; x_wconf 79' lang='lat' dir='ltr'><strong>presencia</strong></span> <span class='ocrx_word' id='word_1_170' title='bbox 546 2841 617 2882; x_wconf 92' lang='lat' dir='ltr'><strong>mea</strong></span> <span class='ocrx_word' id='word_1_171' title='bbox 631 2841 702 2881; x_wconf 91' lang='lat' dir='ltr'><strong>cum</strong></span> <span class='ocrx_word' id='word_1_172' title='bbox 717 2821 854 2882; x_wconf 86' lang='lat' dir='ltr'><strong>Furmau</strong></span> <span class='ocrx_word' id='word_1_173' title='bbox 867 2819 933 2881; x_wconf 81' lang='lat' dir='ltr'><strong>iilic</strong></span> <span class='ocrx_word' id='word_1_174' title='bbox 946 2821 1008 2882; x_wconf 89' lang='lat' dir='ltr'><strong>Ber</strong></span> <span class='ocrx_word' id='word_1_175' title='bbox 1021 2819 1111 2882; x_wconf 83' lang='lat' dir='ltr'><strong>bileti</strong></span> <span class='ocrx_word' id='word_1_176' title='bbox 1126 2822 1260 2886; x_wconf 84' lang='lat' dir='ltr'><strong>Hodcs·</strong></span> 
     </span>
     <span class='ocr_line' id='line_1_24' title="bbox 222 2928 1259 3009; baseline 0.005 -17"><span class='ocrx_word' id='word_1_177' title='bbox 222 2928 350 3002; x_wconf 84' lang='lat' dir='ltr'><strong>diensis,</strong></span> <span class='ocrx_word' id='word_1_178' title='bbox 382 2930 553 2992; x_wconf 85' lang='lat' dir='ltr'><strong>asserendo</strong></span> <span class='ocrx_word' id='word_1_179' title='bbox 577 2930 680 3009; x_wconf 90' lang='lat' dir='ltr'><strong>ipsuru</strong></span> <span class='ocrx_word' id='word_1_180' title='bbox 706 2951 776 2992; x_wconf 89' lang='lat' dir='ltr'><strong>esse</strong></span> <span class='ocrx_word' id='word_1_181' title='bbox 801 2931 913 2995; x_wconf 80' lang='lat' dir='ltr'><strong>furem.</strong></span> <span class='ocrx_word' id='word_1_182' title='bbox 944 2931 1059 2994; x_wconf 88' lang='lat' dir='ltr'><strong>iudicio</strong></span> <span class='ocrx_word' id='word_1_183' title='bbox 1086 2928 1174 2996; x_wconf 74' lang='lat' dir='ltr'><strong>inter</strong></span> <span class='ocrx_word' id='word_1_184' title='bbox 1201 2954 1259 2997; x_wconf 79' lang='lat' dir='ltr'><strong>eos</strong></span> 
     </span>
     <span class='ocr_line' id='line_1_25' title="bbox 222 3040 1259 3125; baseline 0.005 -21"><span class='ocrx_word' id='word_1_185' title='bbox 222 3040 403 3114; x_wconf 83' lang='lat' dir='ltr'><strong>constitute,</strong></span> <span class='ocrx_word' id='word_1_186' title='bbox 423 3040 507 3102; x_wconf 89' lang='lat' dir='ltr'><strong>misit</strong></span> <span class='ocrx_word' id='word_1_187' title='bbox 527 3059 581 3102; x_wconf 89' lang='lat' dir='ltr'><strong>cos</strong></span> <span class='ocrx_word' id='word_1_188' title='bbox 602 3042 642 3102; x_wconf 90' lang='lat' dir='ltr'><strong>ad</strong></span> <span class='ocrx_word' id='word_1_189' title='bbox 663 3041 767 3101; x_wconf 87' lang='lat' dir='ltr'><strong>locum</strong></span> <span class='ocrx_word' id='word_1_190' title='bbox 787 3042 1029 3104; x_wconf 81' lang='lat' dir='ltr'><strong>Uaradineusem</strong></span> <span class='ocrx_word' id='word_1_191' title='bbox 1052 3062 1112 3122; x_wconf 88' lang='lat' dir='ltr'><strong>per</strong></span> <span class='ocrx_word' id='word_1_192' title='bbox 1127 3045 1259 3125; x_wconf 74' lang='lat' dir='ltr'><strong>pristal-</strong></span> 
     </span>
     <span class='ocr_line' id='line_1_26' title="bbox 222 3150 1259 3232; baseline 0.002 -15"><span class='ocrx_word' id='word_1_193' title='bbox 222 3154 298 3217; x_wconf 91' lang='lat' dir='ltr'><strong>dum</strong></span> <span class='ocrx_word' id='word_1_194' title='bbox 313 3155 438 3216; x_wconf 89' lang='lat' dir='ltr'><strong>Petrum</strong></span> <span class='ocrx_word' id='word_1_195' title='bbox 458 3151 555 3214; x_wconf 82' lang='lat' dir='ltr'><strong>fitium</strong></span> <span class='ocrx_word' id='word_1_196' title='bbox 571 3154 665 3213; x_wconf 84' lang='lat' dir='ltr'><strong>Marc.</strong></span> <span class='ocrx_word' id='word_1_197' title='bbox 695 3151 794 3213; x_wconf 79' lang='lat' dir='ltr'><strong>&#39;schol</strong></span> <span class='ocrx_word' id='word_1_198' title='bbox 817 3171 889 3212; x_wconf 91' lang='lat' dir='ltr'><strong>cum</strong></span> <span class='ocrx_word' id='word_1_199' title='bbox 910 3150 1059 3232; x_wconf 85' lang='lat' dir='ltr'><strong>pristaldc</strong></span> <span class='ocrx_word' id='word_1_200' title='bbox 1073 3174 1135 3215; x_wconf 90' lang='lat' dir='ltr'><strong>suc</strong></span> <span class='ocrx_word' id='word_1_201' title='bbox 1149 3155 1214 3219; x_wconf 82' lang='lat' dir='ltr'><strong>init</strong></span> <span class='ocrx_word' id='word_1_202' title='bbox 1227 3166 1259 3218; x_wconf 88' lang='lat' dir='ltr'><strong>et</strong></span> 
     </span>
     <span class='ocr_line' id='line_1_27' title="bbox 222 3264 1259 3345; baseline 0.001 -17"><span class='ocrx_word' id='word_1_203' title='bbox 222 3265 333 3330; x_wconf 77' lang='lat' dir='ltr'><strong>funin</strong></span> <span class='ocrx_word' id='word_1_204' title='bbox 358 3265 490 3328; x_wconf 89' lang='lat' dir='ltr'><strong>termino</strong></span> <span class='ocrx_word' id='word_1_205' title='bbox 511 3265 657 3326; x_wconf 82' lang='lat' dir='ltr'><strong>Uaradiui</strong></span> <span class='ocrx_word' id='word_1_206' title='bbox 678 3265 808 3345; x_wconf 77' lang='lat' dir='ltr'><strong>prefixa,</strong></span> <span class='ocrx_word' id='word_1_207' title='bbox 834 3264 891 3326; x_wconf 89' lang='lat' dir='ltr'><strong>scd</strong></span> <span class='ocrx_word' id='word_1_208' title='bbox 912 3266 1049 3327; x_wconf 84' lang='lat' dir='ltr'><strong>Furman</strong></span> <span class='ocrx_word' id='word_1_209' title='bbox 1071 3268 1259 3331; x_wconf 83' lang='lat' dir='ltr'><strong>contrarius</strong></span> 
     </span>
     <span class='ocr_line' id='line_1_28' title="bbox 222 3376 1257 3460; baseline 0.002 -20"><span class='ocrx_word' id='word_1_210' title='bbox 222 3396 299 3440; x_wconf 85' lang='lat' dir='ltr'><strong>suus</strong></span> <span class='ocrx_word' id='word_1_211' title='bbox 318 3395 381 3438; x_wconf 91' lang='lat' dir='ltr'><strong>nou</strong></span> <span class='ocrx_word' id='word_1_212' title='bbox 401 3376 459 3439; x_wconf 89' lang='lat' dir='ltr'><strong>iuit</strong></span> <span class='ocrx_word' id='word_1_213' title='bbox 478 3376 560 3438; x_wconf 86' lang='lat' dir='ltr'><strong>illuc.</strong></span> <span class='ocrx_word' id='word_1_214' title='bbox 589 3376 656 3437; x_wconf 89' lang='lat' dir='ltr'><strong>istis</strong></span> <span class='ocrx_word' id='word_1_215' title='bbox 670 3376 768 3438; x_wconf 86' lang='lat' dir='ltr'><strong>literis</strong></span> <span class='ocrx_word' id='word_1_216' title='bbox 783 3394 841 3436; x_wconf 86' lang='lat' dir='ltr'><strong>nos</strong></span> <span class='ocrx_word' id='word_1_217' title='bbox 859 3376 942 3439; x_wconf 88' lang='lat' dir='ltr'><strong>istud</strong></span> <span class='ocrx_word' id='word_1_218' title='bbox 956 3376 1144 3450; x_wconf 82' lang='lat' dir='ltr'><strong>addicimus,</strong></span> <span class='ocrx_word' id='word_1_219' title='bbox 1167 3380 1257 3460; x_wconf 86' lang='lat' dir='ltr'><strong>quod</strong></span> 
     </span>
     <span class='ocr_line' id='line_1_29' title="bbox 223 3488 1257 3572; baseline 0 -20"><span class='ocrx_word' id='word_1_220' title='bbox 223 3491 458 3572; x_wconf 84' lang='lat' dir='ltr'><strong>prenominatus</strong></span> <span class='ocrx_word' id='word_1_221' title='bbox 479 3489 616 3550; x_wconf 84' lang='lat' dir='ltr'><strong>Furman</strong></span> <span class='ocrx_word' id='word_1_222' title='bbox 640 3489 671 3549; x_wconf 93' lang='lat' dir='ltr'><strong>iu</strong></span> <span class='ocrx_word' id='word_1_223' title='bbox 696 3488 870 3568; x_wconf 83' lang='lat' dir='ltr'><strong>septimana</strong></span> <span class='ocrx_word' id='word_1_224' title='bbox 894 3488 1007 3550; x_wconf 82' lang='lat' dir='ltr'><strong>exaudi</strong></span> <span class='ocrx_word' id='word_1_225' title='bbox 1033 3490 1165 3552; x_wconf 86' lang='lat' dir='ltr'><strong>demine</strong></span> <span class='ocrx_word' id='word_1_226' title='bbox 1191 3511 1257 3555; x_wconf 86' lang='lat' dir='ltr'><strong>nun</strong></span> 
     </span>
     <span class='ocr_line' id='line_1_30' title="bbox 223 3598 1155 3682; baseline -0.003 -18"><span class='ocrx_word' id='word_1_227' title='bbox 223 3601 398 3682; x_wconf 85' lang='lat' dir='ltr'><strong>comparuit</strong></span> <span class='ocrx_word' id='word_1_228' title='bbox 413 3601 575 3675; x_wconf 88' lang='lat' dir='ltr'><strong>Uaradiui,</strong></span> <span class='ocrx_word' id='word_1_229' title='bbox 596 3601 653 3662; x_wconf 92' lang='lat' dir='ltr'><strong>sed</strong></span> <span class='ocrx_word' id='word_1_230' title='bbox 668 3599 769 3662; x_wconf 85' lang='lat' dir='ltr'><strong>Tchol</strong></span> <span class='ocrx_word' id='word_1_231' title='bbox 783 3609 815 3662; x_wconf 89' lang='lat' dir='ltr'><strong>et</strong></span> <span class='ocrx_word' id='word_1_232' title='bbox 828 3598 995 3680; x_wconf 89' lang='lat' dir='ltr'><strong>pristaldus</strong></span> <span class='ocrx_word' id='word_1_233' title='bbox 1010 3599 1155 3664; x_wconf 83' lang='lat' dir='ltr'><strong>fuerunt.</strong></span> 
     </span>
    </p>

    <p class='ocr_par' dir='ltr' id='par_1_8' title="bbox 221 3709 1260 4131">
     <span class='ocr_line' id='line_1_31' title="bbox 304 3709 1257 3792; baseline 0.004 -19"><span class='ocrx_word' id='word_1_234' title='bbox 304 3710 391 3792; x_wconf 69' lang='grc'>(996)</span> <span class='ocrx_word' id='word_1_235' title='bbox 413 3713 436 3773; x_wconf 92' lang='lat' dir='ltr'>F</span> <span class='ocrx_word' id='word_1_236' title='bbox 439 3732 530 3775; x_wconf 87' lang='lat' dir='ltr'><strong>orcus</strong></span> <span class='ocrx_word' id='word_1_237' title='bbox 545 3711 688 3774; x_wconf 84' lang='lat' dir='ltr'><strong>centurio</strong></span> <span class='ocrx_word' id='word_1_238' title='bbox 704 3709 842 3791; x_wconf 88' lang='lat' dir='ltr'><strong>impcciit</strong></span> <span class='ocrx_word' id='word_1_239' title='bbox 856 3711 991 3772; x_wconf 84' lang='lat' dir='ltr'><strong>Pousam</strong></span> <span class='ocrx_word' id='word_1_240' title='bbox 1006 3709 1105 3772; x_wconf 82' lang='lat' dir='ltr'><strong>tilium</strong></span> <span class='ocrx_word' id='word_1_241' title='bbox 1120 3712 1257 3777; x_wconf 77' lang='lat' dir='ltr'><strong>Matthic</strong></span> 
     </span>
     <span class='ocr_line' id='line_1_32' title="bbox 222 3821 1259 3890; baseline 0.002 -2"><span class='ocrx_word' id='word_1_242' title='bbox 222 3824 263 3888; x_wconf 85' lang='lat' dir='ltr'><strong>de</strong></span> <span class='ocrx_word' id='word_1_243' title='bbox 276 3822 352 3885; x_wconf 86' lang='lat' dir='ltr'><strong>uida</strong></span> <span class='ocrx_word' id='word_1_244' title='bbox 365 3823 503 3885; x_wconf 85' lang='lat' dir='ltr'><strong>Scluhau</strong></span> <span class='ocrx_word' id='word_1_245' title='bbox 526 3824 565 3886; x_wconf 87' lang='lat' dir='ltr'><strong>de</strong></span> <span class='ocrx_word' id='word_1_246' title='bbox 586 3823 684 3886; x_wconf 85' lang='lat' dir='ltr'><strong>tribus</strong></span> <span class='ocrx_word' id='word_1_247' title='bbox 702 3822 813 3885; x_wconf 90' lang='lat' dir='ltr'><strong>marcis</strong></span> <span class='ocrx_word' id='word_1_248' title='bbox 829 3822 958 3885; x_wconf 88' lang='lat' dir='ltr'><strong>dimidia</strong></span> <span class='ocrx_word' id='word_1_249' title='bbox 978 3821 1081 3884; x_wconf 90' lang='lat' dir='ltr'><strong>minus</strong></span> <span class='ocrx_word' id='word_1_250' title='bbox 1095 3823 1259 3890; x_wconf 81' lang='lat' dir='ltr'><strong>uiolenter</strong></span> 
     </span>
     <span class='ocr_line' id='line_1_33' title="bbox 222 3934 1259 4016; baseline 0.003 -18"><span class='ocrx_word' id='word_1_251' title='bbox 222 3934 342 4007; x_wconf 81' lang='lat' dir='ltr'><strong>ablatis,</strong></span> <span class='ocrx_word' id='word_1_252' title='bbox 363 3934 467 3995; x_wconf 89' lang='lat' dir='ltr'><strong>iudice</strong></span> <span class='ocrx_word' id='word_1_253' title='bbox 483 3934 613 3997; x_wconf 81' lang='lat' dir='ltr'><strong>Nuetleu</strong></span> <span class='ocrx_word' id='word_1_254' title='bbox 629 3935 735 3998; x_wconf 82' lang='lat' dir='ltr'><strong>curiati</strong></span> <span class='ocrx_word' id='word_1_255' title='bbox 751 3935 864 3997; x_wconf 86' lang='lat' dir='ltr'><strong>comite</strong></span> <span class='ocrx_word' id='word_1_256' title='bbox 880 3935 920 3997; x_wconf 89' lang='lat' dir='ltr'><strong>de</strong></span> <span class='ocrx_word' id='word_1_257' title='bbox 935 3934 1076 4007; x_wconf 80' lang='lat' dir='ltr'><strong>Zarand,</strong></span> <span class='ocrx_word' id='word_1_258' title='bbox 1098 3936 1259 4016; x_wconf 77' lang='lat' dir='ltr'><strong>pristaidc</strong></span> 
     </span>
     <span class='ocr_line' id='line_1_34' title="bbox 221 4044 1260 4131; baseline 0.003 -20"><span class='ocrx_word' id='word_1_259' title='bbox 221 4047 317 4111; x_wconf 83' lang='lat' dir='ltr'><strong>laceb</strong></span> <span class='ocrx_word' id='word_1_260' title='bbox 329 4044 394 4108; x_wconf 80' lang='lat' dir='ltr'><strong>iilic</strong></span> <span class='ocrx_word' id='word_1_261' title='bbox 408 4044 535 4106; x_wconf 85' lang='lat' dir='ltr'><strong>Furcas.</strong></span> <span class='ocrx_word' id='word_1_262' title='bbox 562 4047 616 4127; x_wconf 83' lang='lat' dir='ltr'><strong>qui</strong></span> <span class='ocrx_word' id='word_1_263' title='bbox 631 4046 777 4111; x_wconf 83' lang='lat' dir='ltr'><strong>Uaradini</strong></span> <span class='ocrx_word' id='word_1_264' title='bbox 792 4046 895 4110; x_wconf 86' lang='lat' dir='ltr'><strong>taliter</strong></span> <span class='ocrx_word' id='word_1_265' title='bbox 909 4055 1144 4122; x_wconf 82' lang='lat' dir='ltr'><strong>conuenerunt,</strong></span> <span class='ocrx_word' id='word_1_266' title='bbox 1168 4051 1260 4131; x_wconf 86' lang='lat' dir='ltr'><strong>quod</strong></span> 
     </span>
    </p>
   </div>
   <div class='ocr_carea' id='block_1_5' title="bbox 0 0 1404 4764">
    <p class='ocr_par' dir='ltr' id='par_1_9' title="bbox 0 0 1404 4764">
     <span class='ocr_line' id='line_1_35' title="bbox 0 0 1404 4764; baseline 0 0"><span class='ocrx_word' id='word_1_267' title='bbox 0 0 1404 4764; x_wconf 95' lang='lat' dir='ltr'><strong> </strong></span> 
     </span>
    </p>
   </div>
  </div>
 </body>
</html>
