2798 4764
144 344 324 395 domuum
336 340 424 391 noers
437 339 587 390 ursarum
600 338 757 387 nosrrrm
772 339 813 385 na
828 336 953 388 vauro.
977 314 1069 387 titt.
1108 314 1171 385 iti

228 497 290 573 (d)
313 497 491 560 statuentes
500 495 601 559 eciam
610 496 740 570 eisdem,
751 494 837 577 qrrod
849 492 951 556 nulius
960 494 1170 577 absqneseria

145 610 250 672 iudicii
274 610 313 673 de
337 609 412 672 uitia
432 628 540 673 eorum
562 608 690 692 ligatum
712 616 765 671 ant
786 608 926 671 rrinctum
949 608 1047 689 possit
1060 627 1172 691 quem·

146 722 229 805 piam
244 721 419 784 extrahere.

228 833 287 908 (5)
313 833 353 893 Et
376 832 505 914 insuper
527 852 567 895 ne
598 832 703 916 aliquo
728 832 903 915 indigeant,
935 839 1052 895 terram
1077 831 1171 896 castri

147 942 305 1015 eiusdem,
327 944 451 1006 nomine
466 988 475 1005 .
488 989 496 1005 .
510 989 518 1005 .
533 944 572 1006 ad
587 943 791 1006 habitandum
807 941 940 1005 dandam
962 943 1038 1023 ipsis
1060 952 1171 1005 eontu-

146 1054 237 1118 iimus
257 1055 461 1138 integraliter,
491 1075 562 1121 eum
584 1055 662 1119 siiua
682 1064 764 1119 terre
781 1055 922 1117 eiusdem
938 1055 1063 1118 nomine
1160 1100 1171 1131 ,

148 1168 186 1231 de
202 1189 265 1251 qua
279 1169 389 1230 domos
411 1168 618 1232 exstruendas
639 1176 671 1231 et
685 1167 789 1231 curias
811 1168 1023 1250 preparandas
1037 1166 1170 1231 liberum

147 1279 192 1343 eis
206 1279 405 1361 permisimus
419 1278 591 1340 arbitrium.
621 1276 735 1360 quibus
750 1276 848 1341 eniam
863 1280 1040 1342 Danubium
1060 1290 1091 1344 et
1111 1279 1171 1341 du-

146 1390 232 1453 uium
244 1389 388 1453 Waikow
402 1389 570 1472 piscandas
585 1388 682 1452 tibere
698 1389 907 1471 permisimus.

229 1503 290 1577 (6)
310 1501 481 1564 Statuimus
495 1500 596 1563 eniam
612 1500 746 1577 eisdem,
766 1501 853 1584 qrrod
867 1501 977 1585 siquis
991 1502 1059 1566 uult
1072 1502 1170 1567 iibere

146 1612 268 1685 ueniat,
289 1620 321 1674 et
339 1612 436 1676 iibere
451 1592 521 1676 eum
545 1611 680 1675 uoluerit
701 1614 845 1676 omnibus
867 1614 961 1679 rebus
981 1614 1118 1679 uenditis
1140 1620 1173 1680 et

147 1724 289 1787 domibus
303 1725 440 1788 recedat.

147 1966 210 2010 non
226 1949 325 2029 possit
338 1949 496 2021 reuocari,
519 1947 648 2011 oonsilio
663 1959 694 2012 et
708 1966 863 2012 consensu
879 1949 1101 2033 iobbagionum
1116 1970 1175 2013 no·

146 2068 282 2121 strorum
298 2069 476 2141 presentem
491 2058 583 2141 sigilii
598 2059 695 2122 nostri
710 2059 883 2121 munimine
898 2058 1044 2123 iussimus
1059 2060 1174 2123 confir·

147 2171 242 2245 mari,
263 2172 510 2252 superaddentes
529 2172 662 2245 eisdem,
684 2171 769 2255 quod
784 2171 868 2234 nulia
883 2190 977 2235 causa
990 2171 1074 2235 inter
1087 2172 1173 2254 ipsos

148 2282 189 2345 ad
203 2290 361 2346 certamen
377 2281 471 2345 duoiii
487 2283 582 2345 debet
596 2282 775 2364 peruenire.

228 2395 298 2458 lstis
312 2403 418 2457 tamen
433 2394 650 2476 iobagionibus
665 2393 878 2475 presentibus:
900 2394 968 2458 luta
981 2395 1074 2469 bano,
1092 2393 1174 2459 iiiio-

148 2527 210 2590 que
229 2506 370 2570 eiusdem
392 2505 492 2568 altero
513 2505 596 2579 luta,
617 2505 763 2588 magistro
779 2504 1024 2569 Tauernicorum
1050 2515 1174 2570 nostro·

147 2639 227 2692 rum,
248 2617 378 2682 Nicotao
401 2618 440 2679 de
461 2616 543 2690 Zaia,
565 2616 646 2698 Opoi
668 2616 708 2679 de
730 2615 836 2699 Simig,
856 2617 949 2681 Petro
967 2616 1174 2694 deWalknv,
1228 2604 1259 2679 .“

148 2729 284 2812 Georgia
300 2729 338 2791 de
353 2728 473 2791 Barana
490 2731 654 2793 comitatus
669 2728 858 2803 tenentibus,
879 2738 911 2792 et
925 2729 993 2792 aliis
1006 2729 1174 2813 quamplu-

147 2840 246 2902 rimis.
276 2840 381 2902 datum
402 2861 458 2922 per
479 2860 590 2902 manus
611 2839 750 2923 magistri
771 2840 837 2905 tite
857 2841 956 2904 nostri
976 2841 1100 2906 notarii.
1131 2841 1173 2905 ab

147 2951 369 3014 incarnacione
384 2950 502 3013 domini
516 2971 600 3015 anno
614 2951 812 3015 dccxxxi.
