2798 4764
228 334 290 401 bil
467 347 902 401 mwascrsnscmou.
925 330 1015 392 taos.

230 504 333 569 donec
345 502 470 585 cognati
485 511 517 566 et
529 502 755 585 generaciones
769 502 837 565 eius
851 500 891 565 ad
906 499 1101 582 presenciam
1115 506 1255 561 nostram

230 623 413 688 edocentur,
434 621 466 676 et
483 615 559 695 ipsis
578 633 616 676 ac
629 613 799 676 baronibus
818 611 930 678 nostris
952 609 1148 693 presentibus
1162 610 1203 672 de
1217 609 1256 672 iis

229 727 392 793 ordinetur
404 725 486 790 sicut
499 725 665 788 dictauerit
677 725 755 787 ordo
770 723 856 786 iuris.

312 838 378 901 Vll.
419 839 497 901 Item
507 825 682 910 statuimus,
695 835 781 918 quod
796 834 821 898 si
837 837 877 898 ad
888 834 1071 916 occupanda
1082 834 1134 897 uel
1148 835 1257 916 acqui·

229 952 329 1016 reuda
343 968 441 1032 regna
454 948 615 1029 contingat
633 967 691 1009 nos
706 947 877 1010 exercitum
899 964 1046 1020 mouere,
1067 945 1188 1010 nobiles
1207 947 1257 1008 in·

230 1061 311 1125 tritos
325 1060 366 1124 ad
380 1059 552 1123 exercitum
565 1078 630 1121 nou
643 1057 813 1132 trahemus,
831 1058 893 1120 nisi
903 1058 957 1140 qui
971 1067 1083 1139 sponte
1098 1058 1258 1121 noluerint

232 1171 384 1255 proficisci
406 1171 457 1233 uel
477 1190 533 1253 pro
548 1177 656 1232 nostra
673 1169 823 1252 pecunia,
845 1189 904 1232 nec
918 1170 1020 1234 eciem
1036 1170 1068 1231 in
1082 1169 1257 1233 subsidium

230 1282 366 1349 filiorum
381 1291 559 1347 nostrorum
572 1281 625 1344 uel
640 1279 772 1344 aliorum
785 1279 901 1345 inuitos
920 1280 965 1345 ire
980 1280 1215 1362 compellemus.

316 1394 395 1457 Vlll.
435 1394 513 1456 ltem
536 1392 726 1466 ordinamus,
753 1392 840 1474 quod
861 1391 992 1474 singulis
1010 1391 1100 1456 annis
1121 1390 1257 1455 infesto

231 1507 350 1589 crepis
363 1525 444 1568 unus
459 1524 499 1567 ex
513 1502 605 1567 nubis
618 1502 726 1567 Albam
743 1502 852 1566 uenire
866 1504 996 1578 debeat,
1018 1513 1049 1568 et
1063 1504 1102 1567 de
1117 1502 1261 1586 quolibet

233 1618 381 1682 comitatu
403 1617 466 1680 duo
491 1615 543 1679 uel
563 1624 627 1679 tres
649 1614 770 1678 nobiles
792 1615 929 1679 debeant
949 1615 1135 1690 conuenire,
1163 1623 1199 1678 ut
1225 1616 1259 1679 in

233 1747 344 1793 eorum
365 1727 525 1809 presencia
544 1726 584 1788 de
605 1726 750 1790 omnibus
764 1725 885 1790 damnis
906 1734 939 1790 et
951 1726 1073 1791 iniuriis
1090 1749 1149 1810 per
1165 1748 1261 1810 quos·

233 1858 359 1921 cunque
373 1838 453 1905 datis
467 1847 499 1900 et
511 1836 605 1901 illotis
619 1837 764 1901 omnibus
777 1836 916 1901 sadsliat.

316 1949 369 2010 tx.
410 1948 488 2011 ltem
502 1948 528 2012 ai
543 1947 656 2031 aliquis
670 1969 710 2012 ex
724 1948 881 2012 nobilibus
895 1969 959 2012 non
973 1949 1095 2015 habens
1109 1948 1261 2014 heredem

172 2096 175 2100 Δ
232 2063 268 2137 in
280 2060 424 2126 exercitu
439 2067 581 2125 mortuus
594 2060 709 2135 luerit,
731 2060 947 2144 possessiones
966 2062 1055 2125 istius
1070 2081 1261 2146 quocunque

234 2174 330 2238 modo
345 2172 496 2255 acquisite
511 2173 551 2235 ud
566 2191 678 2235 manus
691 2172 796 2254 regias
811 2193 874 2235 non
888 2172 1109 2247 deuoluuntur,
1119 2174 1176 2238 aed
1187 2192 1263 2255 cog·

234 2284 317 2349 natis
331 2283 384 2347 uel
398 2283 600 2365 generacioni
617 2301 675 2349 suc
688 2292 881 2358 remaneant,
901 2283 1025 2347 emticie
1041 2303 1118 2347 uero
1134 2285 1262 2348 cuicun-

235 2415 299 2480 que
312 2395 346 2457 in
360 2394 426 2458 uita
439 2414 498 2458 sun
512 2393 657 2458 conterre
671 2394 831 2458 noluerint
843 2395 1070 2478 relinquentur.

318 2508 359 2571 X.
399 2507 476 2570 ltem
502 2525 598 2570 cause
624 2506 775 2570 nobilium
798 2507 867 2572 sine
895 2506 1102 2589 peticionibus
1127 2508 1263 2571 debeant

237 2619 389 2703 expediri.

320 2733 359 2794 Et
377 2731 409 2793 in
433 2730 481 2792 his
503 2730 648 2795 omnibus
674 2751 710 2793 ac
733 2730 801 2793 aliis
821 2731 1014 2797 libertatibus
1033 2753 1090 2796 as.
1102 2733 1263 2814 Stephano

237 2861 313 2923 rege
336 2842 522 2916 constitutis,
544 2842 628 2923 ipsos
650 2841 773 2907 nobiles
794 2844 1063 2905 manutenebimus
1084 2852 1116 2906 et
1136 2862 1265 2906 conser-

238 2954 394 3028 uabimns,
414 2952 459 3016 sio
480 2972 538 3019 nos
559 2954 637 3019 deus
656 2954 786 3019 aditmet
805 2962 837 3019 et
858 2962 966 3020 sancta
987 2956 1038 3018 dei
1059 2954 1211 3028 ecclesia,
1233 2963 1265 3018 ot

234 3062 399 3129 ‚uiuificurn
415 3064 515 3128 mucis
529 3065 663 3149 signum.

322 3176 353 3238 Si
369 3176 438 3259 quis
454 3184 559 3240 autem
573 3185 714 3240 nostrum
728 3177 932 3260 imposterum
947 3178 1100 3258 presentis
1113 3178 1219 3241 statuti
1233 3185 1266 3240 et

238 3286 390 3352 libertatis
416 3306 481 3350 aa.
499 3286 660 3370 Stephano
685 3289 853 3352 constitute
874 3298 1088 3371 transgressor
1112 3290 1265 3362 extiterit,

241 3400 327 3483 quod
347 3399 440 3472 absit,
461 3399 548 3461 illum
563 3398 593 3461 d.
608 3399 863 3482 archiepiscopus
878 3399 1099 3483 strigoniensis
1121 3420 1177 3482 per
1192 3419 1266 3462 cen·

240 3530 347 3574 suram
362 3510 603 3573 ecclesiasticam
625 3510 793 3592 compellat
813 3512 853 3574 ad
873 3512 1026 3593 premissa
1044 3509 1267 3573 inuiolabiliter

241 3620 454 3693 obseruanda,
475 3621 580 3702 prouti
594 3622 626 3684 id
640 3641 698 3685 nos
712 3622 914 3684 asstrmsimus
928 3622 993 3702 peri
1007 3632 1092 3685 uoto.

236 3783 240 3789 .
324 3731 361 3794 Ut
385 3740 489 3795 autem
511 3730 572 3795 hec
595 3741 700 3795 nostru
725 3733 888 3795 ordinacio
916 3742 1103 3814 perpetuum
1128 3734 1267 3796 obtineat

242 3840 339 3902 robur
353 3839 523 3916 firmitatis,
543 3841 655 3906 iisdem
670 3844 784 3907 nostris
797 3842 905 3925 sigiliis
917 3843 1023 3908 literas
1043 3844 1174 3908 lecimus
1191 3863 1267 3907 con·

240 3951 366 4035 sigum
389 3953 495 4019 datum
511 3970 593 4019 moa
606 3955 811 4019 ttcctxvtt
