2798 4764
231 325 295 391 sss
383 328 644 389 semimares
664 323 799 385 errones
818 336 975 384 sunsssrs.
1016 320 1107 384 tm.

230 494 285 558 lati
307 494 417 567 bonis,
436 492 557 555 iuribus
575 491 641 556 suis
661 499 725 554 tam
746 489 913 553 mundanis
927 508 1021 572 quam
1038 487 1259 552 ecclesiasticis

231 605 415 690 spoliantur,
439 606 590 679 ecelesia,
612 603 818 675 monasteria,
840 609 872 666 et
884 603 968 664 bona
983 621 1020 666 ac
1034 602 1103 663 iura
1117 602 1259 681 ipsorum

232 717 272 780 ab
286 716 361 797 ipsis
376 715 462 778 laicis
476 723 679 795 occupantur,
700 714 902 786 inceduntur,
919 731 956 774 ac
972 710 1190 774 damnabiliter
1204 713 1261 773 de·

232 827 382 900 tinentur,
402 826 638 907 prophanantnr
658 825 841 897 boribiliter,
862 822 966 905 alique
992 825 1091 885 ruinis
1106 831 1137 886 et
1151 823 1262 884 incen-

232 938 293 1001 diis
316 939 535 1009 destruuntur,
564 955 736 1018 earumque
765 954 801 997 ac
825 935 1056 998 cemiteriorum
1080 935 1260 996 immunitas

232 1049 412 1130 infringitur
423 1068 461 1113 ac
474 1049 570 1112 eciam
586 1049 732 1121 uiolatur,
745 1057 777 1110 et
790 1047 935 1110 libertate
949 1046 1159 1109 ecclesiastica
1170 1045 1262 1128 quasi

232 1160 369 1225 totaliter
389 1158 570 1222 conculcata
597 1159 629 1221 in
654 1159 799 1220 omnibus
828 1157 895 1220 sere
917 1158 1098 1221 dissoluitur
1118 1156 1261 1239 quotidie

233 1291 384 1335 numerus
404 1270 617 1334 ecclesiastice
635 1268 808 1350 discipline.
836 1289 895 1331 nos
908 1279 1013 1332 autern
1027 1270 1172 1332 omnibus
1187 1288 1263 1350 pre·

232 1387 302 1450 latis
316 1393 379 1449 tam
392 1383 588 1466 regularibus
602 1402 698 1465 quam
712 1381 915 1456 secularibus,
929 1390 961 1444 et
973 1381 1128 1445 uniuersis
1139 1381 1262 1444 clericis

232 1497 266 1561 in
288 1516 380 1560 sacra
403 1497 526 1578 synodo
548 1495 765 1578 congregatis,
797 1514 868 1556 cnm
891 1495 1043 1558 instancia
1066 1493 1262 1574 petentibus,

233 1616 373 1673 nostram
393 1617 502 1670 contra
521 1608 604 1672 mala
621 1616 654 1671 et
673 1607 812 1690 pericula
830 1626 925 1689 supra
940 1608 1021 1669 dicta
1036 1625 1095 1687 per
1110 1606 1263 1667 constitu·

233 1721 357 1783 donem
374 1720 414 1781 de
428 1721 613 1800 opportunis
628 1721 776 1783 remediis
792 1720 972 1802 prouideri,
994 1718 1130 1800 presenti
1145 1717 1264 1780 consti·

233 1831 361 1895 tucione
376 1831 563 1913 precipimus
576 1832 661 1913 quod
676 1851 795 1907 omnes,
810 1838 842 1896 et
854 1831 969 1913 singull
984 1829 1095 1912 prelati
1109 1838 1140 1892 et
1153 1829 1262 1892 clerici

233 1941 374 2005 uniuersi
393 1951 456 2004 tam
479 1943 633 2024 exempti,
661 1962 755 2026 quam
779 1963 843 2005 non
865 1942 1018 2024 exempti,
1046 1943 1262 2023 cuiuscunque

234 2054 392 2136 dignitatis
411 2061 445 2117 et
458 2054 577 2116 ordinis
590 2055 641 2118 uel
656 2054 817 2137 religionis
831 2054 982 2127 existant,
1003 2054 1259 2118 excommunica·
1348 2073 1351 2078 ·

234 2165 351 2239 sionis,
381 2166 596 2248 suspensionis
620 2175 653 2229 et
674 2167 831 2231 interdicti
854 2166 1030 2229 sentencias
1055 2165 1095 2226 ab
1119 2164 1262 2227 eiusdem

233 2277 322 2361 regni
338 2277 462 2358 prelatis
477 2286 586 2340 nostre
604 2276 786 2360 legacionis,
808 2284 840 2339 et
852 2276 919 2339 aliis
935 2276 1124 2338 ordinariam
1139 2272 1191 2337 uel
1205 2274 1264 2337 de-

233 2389 368 2474 legatam
382 2391 626 2454 iurisdictionem
641 2391 838 2463 habentibus,
853 2389 904 2451 uel
919 2407 937 2452 a
950 2389 1020 2450 iure
1034 2407 1090 2450 seu
1106 2409 1124 2449 a
1139 2405 1262 2451 canone

233 2501 267 2563 in
286 2522 491 2586 quascunque
513 2520 665 2583 personas
689 2501 741 2563 uel
763 2499 834 2564 loca
854 2500 1002 2581 prolatas,
1024 2507 1190 2581 postquam
1214 2498 1261 2560 eis

234 2632 290 2695 per
304 2612 583 2676 denunciacionem
605 2612 728 2674 illorum
749 2612 939 2692 prelatorum
958 2611 1010 2672 uel
1030 2612 1185 2683 indicum,
1208 2609 1261 2672 uel

233 2724 295 2787 alio
309 2743 498 2806 quocunque
520 2725 615 2786 modo
630 2725 670 2787 de
685 2723 798 2787 talibus
816 2723 985 2786 sentenciis
999 2723 1191 2795 constiterit,
1213 2722 1263 2783 in·

233 2832 420 2896 uiolabiliter
431 2833 617 2907 obseruant,
631 2835 778 2917 ipsasque
794 2835 833 2895 ad
848 2833 1090 2916 requisicionem
1106 2833 1263 2895 dictorum

233 2943 426 3027 prelatorum
448 2952 481 3007 et
499 2943 637 3008 iudicum
658 2945 864 3018 denuncient,
886 2955 917 3009 et
939 2945 1031 3007 asibi
1050 2945 1182 3007 subditis
1204 2946 1263 3007 de·

233 3055 375 3121 nunciari
394 3056 528 3130 iaciunt,
557 3065 588 3120 et
610 3055 832 3118 inuiolabiliter
853 3057 1031 3131 obseruari,
1060 3077 1095 3120 se
1120 3076 1262 3138 suosque

233 3169 375 3233 subditos
396 3168 621 3240 subtrahendo,
647 3167 786 3248 aliosque
808 3168 1059 3230 acommrmione
1081 3166 1189 3229 talium
1205 3187 1264 3229 ex-

233 3255 530 3344 communicatorum
555 3279 588 3340 in
608 3277 800 3341 salutacione
823 3279 941 3351 osculo,
963 3278 1033 3339 cibo
1053 3287 1086 3340 et
1108 3286 1201 3359 potu,
1223 3296 1263 3340 ac

234 3393 347 3456 diuinis
360 3391 486 3464 officiis,
507 3408 644 3453 necnon
660 3390 876 3452 celebracione
892 3389 1071 3452 diuinorum
1085 3390 1264 3453 interdictis

232 3502 310 3566 locis
329 3502 381 3565 uel
402 3500 543 3566 ecclesiis
558 3508 708 3583 quantum
728 3501 760 3562 in
778 3501 823 3563 eis
838 3500 931 3562 luerit
946 3502 1136 3573 reuocando,
1158 3508 1190 3562 et
1205 3519 1266 3562 ex-

232 3614 371 3694 pressius
394 3612 599 3693 probibendo.
630 3611 656 3672 si
672 3611 725 3692 qui
741 3631 818 3673 uero
834 3611 960 3692 proprie
974 3612 1082 3674 salutis
1095 3611 1265 3673 immemo-

232 3742 295 3795 res,
316 3731 348 3784 et
361 3722 540 3785 huiusmodi
562 3730 669 3785 sancte
692 3723 935 3796 constitucionis,
957 3742 1016 3784 nec
1030 3742 1093 3785 non
1107 3721 1264 3784 libertatis

233 3849 272 3894 ac
295 3849 428 3893 censure
451 3831 662 3895 ecclesiastice
686 3841 919 3914 contemptores
944 3832 1022 3895 tales
1045 3835 1267 3896 excommuni-

233 3949 319 4005 catos
335 3942 545 4017 denunciare,
566 3962 603 4006 ac
615 3944 648 4006 in
661 3944 812 4026 predictis
829 3952 862 4007 et
874 3944 942 4007 aliis
955 3946 988 4006 in
1003 3946 1117 4027 quibus
1132 3965 1266 4008 excom-

233 4050 382 4114 municati
402 4060 476 4115 sunt
496 4054 536 4116 de
557 4053 624 4118 iure
647 4054 787 4130 uitandi,
813 4055 930 4128 uitare,
952 4064 983 4118 et
1006 4076 1024 4119 a
1045 4057 1104 4121 sibi
1126 4057 1265 4122 subditis

234 4163 417 4235 denunciari
437 4183 475 4232 ac
495 4165 587 4232 uitari
604 4166 732 4247 tacere,
756 4166 910 4237 diabolica
929 4167 1040 4237 fraude
1060 4177 1267 4255 contempse-
