2798 4764
312 352 442 409 snrcss
461 356 503 409 ss
524 359 606 408 ms
627 358 727 408 omre
746 346 956 409 commosse·
972 336 1031 427 lli.
1118 326 1189 408 ’111

163 538 204 584 ne
218 537 296 604 gens
309 519 482 583 occidentis
497 536 552 582 eos
565 519 731 584 inuaderet
744 516 836 583 simol
851 518 995 582 odmen.
1016 524 1186 601 postquem

163 641 267 696 sotem
280 630 369 695 ltelte
390 631 569 714 prouincias
591 630 713 714 sliquos
727 630 931 714 spoliassent,
951 629 980 692 v
993 632 1082 694 annis
1095 631 1187 694 luere

162 747 231 810 sine
243 752 341 810 motu.
359 745 488 809 tandem
509 745 541 808 in
554 746 732 829 Bolgeriem
755 745 909 809 adeuntes
928 762 1030 827 osque
1043 744 1188 828 Ydropo·

160 859 216 922 lim
236 867 468 943 peruenerunt,
488 859 626 942 dornqoe
647 858 820 923 exercitum
840 876 938 942 seper
950 877 986 921 se
1006 858 1188 923 uenientem

161 986 227 1033 nnn
240 970 364 1045 uident,
384 986 486 1054 osque
503 970 806 1054 Constantinopolim
826 971 993 1034 uenientes
1014 971 1188 1035 descende-

162 1092 236 1146 rent
249 1100 348 1165 prope
363 1102 497 1146 morem.
523 1091 598 1146 lonc
617 1083 737 1147 Grecos
757 1102 849 1158 ones,
877 1102 1010 1166 magnos
1028 1083 1112 1146 sicot
1133 1100 1189 1168 gy·

163 1212 250 1277 gens,
270 1194 431 1270 emittitur,
452 1196 507 1278 qui
521 1195 601 1258 doos
617 1193 784 1278 ilungaros
807 1214 880 1257 com
903 1216 942 1258 eo
956 1194 1065 1259 lectori
1078 1202 1189 1278 posto·-

162 1306 262 1382 lebst,
284 1308 464 1371 uociferans
484 1308 517 1370 in
537 1308 622 1371 huno
642 1309 786 1370 modom:
807 1317 842 1372 ot
856 1309 882 1371 si
897 1309 1006 1371 ambos
1021 1309 1187 1393 ilungaros

161 1421 194 1483 in
208 1429 324 1484 terrem
339 1440 402 1484 non
416 1428 602 1503 prostseret,
617 1429 723 1483 extum
737 1420 848 1483 Grecie
862 1421 1016 1485 censualis
1030 1421 1189 1504 Hongsris

161 1531 349 1596 mbieceret.
371 1552 506 1616 comque
519 1533 605 1596 idem
616 1532 739 1598 Grecos
754 1531 904 1595 exercitui
918 1539 1004 1597 esset
1016 1531 1186 1614 plurimum

158 1644 390 1718 infestissimos,
412 1645 536 1726 quidem
552 1646 721 1728 ilungaros
734 1645 857 1708 Botood
872 1644 983 1719 dictos,
1002 1644 1108 1708 Grecn
1127 1652 1186 1726 opl-

163 1756 293 1839 ponitor
306 1758 346 1820 ed
360 1755 552 1832 loctsndosn,
567 1776 704 1840 nreeqoe
720 1764 895 1840 properate,
910 1762 1036 1839 errqstc
1046 1754 1186 1833 dotasse,

163 1888 256 1952 mrem
276 1870 361 1933 ieme
381 1878 609 1945 consoeoeret,
639 1888 735 1951 soper
752 1878 877 1952 portem
898 1869 997 1944 Urbis,
1025 1888 1088 1951 goe
1112 1880 1188 1934 eree

163 1990 244 2055 eret,
265 1981 471 2062 precucurrit,
490 1989 673 2065 testemque
686 1982 830 2045 fissuram
843 1983 876 2044 in
891 2001 929 2045 en
940 1982 1059 2044 secisse
1072 1982 1187 2047 dicitnr

161 2111 234 2155 conr
248 2092 379 2155 dolabro
399 2111 464 2156 ono
478 2093 559 2168 icto,
579 2101 616 2156 ut
630 2093 725 2157 Greci
747 2103 874 2176 propter
891 2102 1065 2157 monstrem
1086 2094 1186 2176 ipsent

157 2215 285 2289 waren
304 2208 459 2270 resarcire
479 2206 658 2271 noluerunt
689 2226 753 2290 quo
767 2207 896 2290 quidem
917 2207 1060 2269 loctoed
1081 2214 1187 2281 erem

159 2313 326 2377 lectendos
348 2316 477 2379 inermis
501 2317 694 2400 oggi-editor,
720 2327 751 2381 et
765 2319 806 2380 ed
820 2318 1032 2400 spectaculum
1046 2316 1188 2400 llongeri

158 2426 193 2488 in
207 2429 309 2510 equis,
329 2427 422 2491 Greci
437 2429 572 2492 edmeri
588 2429 824 2512 propugnacula
844 2436 1070 2492 conuenerunt
1101 2446 1189 2491 eorn-

162 2558 226 2623 qne
239 2541 359 2605 Grecos
375 2542 491 2605 exisset
504 2543 545 2605 de
560 2543 638 2605 orbe
652 2543 753 2605 ituros
768 2543 808 2605 ed
822 2560 944 2616 ercam,
973 2542 1052 2605 didit
1064 2540 1189 2606 Botond

160 2653 263 2716 solom
281 2663 417 2718 stsmern
432 2663 576 2736 peretum
591 2656 631 2718 ed
647 2655 845 2728 luctandum,
867 2655 1067 2718 exclamauit:
1089 2650 1189 2738 quere

156 2767 257 2830 elium
280 2767 464 2851 llongnrom
489 2787 553 2831 non
579 2769 763 2851 adiungeret
788 2768 846 2832 sibi
868 2768 903 2831 in
926 2767 1085 2831 sordium.
1111 2776 1188 2831 torst

157 2880 282 2943 Botond
296 2897 447 2963 eggresso
464 2880 535 2963 ipse
549 2880 595 2943 sic
609 2900 681 2943 eom
702 2880 979 2963 comprehendisse
994 2880 1187 2963 perhibetur,

157 2999 196 3053 ot
209 2991 350 3073 preteriit
368 3006 467 3074 poros
488 2991 566 3054 lnore
584 2992 617 3054 in
632 2991 788 3066 loctnndo,
809 2991 896 3074 qood
910 2991 1030 3055 Grecos
1049 2999 1189 3075 prostre-

158 3111 222 3177 ter,
248 3121 313 3166 non
326 3103 438 3167 nolens
446 3122 619 3188 resurgere
632 3104 698 3167 ullo
711 3105 816 3167 modo.
844 3122 908 3187 quo
929 3105 998 3167 oiso
1014 3104 1188 3167 Greccrom

156 3215 333 3298 irrepentes
355 3224 388 3280 et
410 3216 461 3280 elli
485 3215 657 3280 Grecoron
685 3234 851 3299 procerem
882 3216 1066 3298 imperatrix
1088 3214 1187 3278 scient

159 3338 232 3391 corn
252 3330 317 3392 sois
338 3328 504 3412 dispotini's
527 3329 567 3393 de
589 3344 681 3393 moro
700 3330 900 3413 egredientes
928 3329 968 3391 od
989 3336 1047 3390 sno
1067 3324 1190 3409 peterit

160 3451 369 3522 perrexerunt
387 3460 444 3524 pre
464 3460 585 3504 somme
605 3442 816 3515 uerecundia,
836 3440 922 3524 qood
944 3439 1119 3513 renideret,
1138 3450 1190 3503 re·

158 3561 317 3634 petentes.
338 3561 371 3617 et
381 3553 454 3617 licet
464 3554 585 3619 Grecos
600 3553 645 3617 sle
656 3554 763 3619 ellisos
774 3553 995 3636 superuiueret
1006 3568 1078 3615 com
1089 3551 1190 3617 nacto

158 3664 300 3741 memte,
328 3668 452 3730 eccesie
474 3674 581 3730 umen
603 3666 663 3730 sitsi
688 3667 760 3743 solt,
787 3667 858 3749 ipse
881 3665 966 3729 lucto
989 3665 1096 3729 mortis
1121 3684 1189 3731 sne.

159 3777 289 3841 ptimo
303 3776 411 3861 iisque
425 3777 567 3862 llnngnri
582 3778 761 3842 cmteminis
776 3778 886 3842 tornulo
898 3796 956 3862 pro
972 3794 1069 3841 censo
1081 3784 1192 3860 posto·

159 3888 257 3954 lende
272 3891 312 3954 sd
325 3890 446 3955 Grecos
460 3891 593 3955 nendos
608 3891 783 3966 destinent,
805 3888 919 3975 qodsos
931 3891 1103 3975 imperator
1116 3891 1191 3954 sols-

161 4000 295 4068 titudo
307 3996 427 4068 nollme
441 4002 574 4068 nerbono
590 4005 704 4068 dicitnr
719 4004 932 4088 respondisse.
960 4014 1036 4068 tnnc
1047 3996 1192 4087 Hongert

160 4132 235 4180 conr
248 4118 374 4182 Temen
389 4122 500 4182 eoronr'
514 4119 595 4182 dirce
610 4116 742 4182 consilio
754 4119 844 4193 inito,
865 4117 984 4201 egressi
997 4116 1038 4180 de
1051 4114 1122 4178 loco
1135 4112 1191 4178 itte

160 4228 1192 4321 momnesopennspensosmpsome,
