2798 4764
174 348 237 416 098
494 366 678 416 cremnos
706 368 747 415 mr
767 366 880 415 ramo

178 528 209 587 et
230 522 270 585 de
286 521 441 586 occisione
456 524 589 586 duorum
611 523 792 596 hominnm,
812 523 916 586 iudice
929 522 1031 597 Bane,
1055 522 1225 604 pristaido

176 632 304 696 elberto
326 633 365 696 de
380 632 453 697 uitia
467 633 619 697 Nohcodi.
648 635 701 718 qui
720 635 752 696 in
774 634 844 696 ioco
859 633 962 697 taliter
976 644 1226 710 conuenerunt,

177 744 263 827 quod
284 745 441 825 predictus
456 745 608 807 Martinus
631 745 825 827 persolueret
845 752 966 826 septem
988 763 1120 807 marcas
1144 766 1226 828 prc-

178 856 260 918 dicte
280 854 354 918 oilie
369 856 498 929 Tumor,
518 856 602 918 idem
616 854 769 918 Martinus
791 853 987 916 satisfaceret
1004 853 1130 930 iudici,
1155 854 1227 938 pii·

176 965 277 1029 staido
293 982 369 1028 uero
385 964 458 1028 uilla
473 966 592 1028 Tumor
609 966 789 1027 satisfacere
804 974 974 1028 teneretur.

185 1092 188 1099 ·
258 1079 357 1154 (232)
379 1078 490 1141 Petrus
501 1078 541 1140 de
553 1077 627 1138 uitia
638 1076 728 1157 Gyon
739 1076 877 1156 impeciit
886 1075 1104 1138 conuiiiannm
1119 1096 1223 1141 snum

177 1191 337 1254 dominum
353 1190 467 1271 Segym
489 1189 528 1251 de
543 1187 701 1250 occisione
716 1189 838 1269 cognati
859 1188 907 1249 sui
927 1207 985 1269 per
998 1187 1223 1265 uioienciam,

176 1300 331 1364 iudicibus
345 1300 483 1387 Barraba
504 1300 615 1361 comite
631 1305 663 1360 ct
677 1300 826 1380 magistro
841 1295 920 1372 Fiia,
943 1296 1099 1378 pristaidu
1116 1296 1222 1363 Omo-

177 1410 240 1474 doi.
261 1412 405 1494 Scegyuo
421 1417 544 1492 portato
559 1410 643 1472 ferro
658 1408 803 1472 Uaradini
816 1407 998 1471 iustificatos
1012 1416 1072 1471 est.

260 1524 358 1599 (233)
380 1521 501 1585 Moruic
516 1521 555 1584 de
571 1521 645 1591 uitta
656 1521 736 1583 Baro
751 1520 889 1601 imoeciit
901 1520 1061 1601 quendam
1078 1520 1219 1586 nomine

176 1635 293 1698 Becum
308 1635 375 1696 sine
390 1635 542 1707 manibus,
557 1634 597 1696 dc
612 1633 726 1695 damno
741 1631 881 1714 quinque
896 1648 1088 1705 marcarum,
1104 1632 1219 1696 iudice

177 1743 277 1825 Gyuia
297 1744 410 1805 comite
432 1742 580 1823 paiatino,
603 1741 752 1823 pristaido
774 1740 941 1804 Bertoiom.
969 1740 1066 1802 homo
1091 1740 1220 1806 Mouri-

178 1853 240 1916 cini
254 1860 376 1934 portato
394 1852 478 1913 ferro
492 1850 676 1914 iustificatos
691 1860 747 1915 est.

179 2008 183 2015 -
260 1962 358 2038 (idi)
378 1963 467 2045 Agya
486 1970 517 2025 et
531 1962 697 2045 Dionysius
716 1963 847 2026 comites
867 1962 1076 2044 impacierunt
1098 1965 1219 2029 iouha-

178 2072 289 2159 giones
308 2074 458 2148 Prinarti,
479 2073 533 2155 qui
556 2081 628 2136 sunt
648 2073 680 2134 in
698 2073 772 2136 uitia
787 2073 918 2146 Uodozt‚
938 2072 1060 2135 scilicet
1076 2072 1134 2150 Ue,
1155 2074 1219 2137 r·-

178 2187 302 2260 tcham,
316 2184 554 2257 Leastachium,
575 2184 718 2257 Petrum,
733 2182 890 2256 Chekam,
905 2183 1048 2257 Scendu,
1062 2182 1218 2260 Panium,

177 2296 292 2369 Bedur,
321 2294 494 2367 Schechni,
525 2294 665 2368 Rodum,
695 2303 726 2358 et
752 2294 922 2369 Sthanum,
953 2293 1098 2358 dicentes
1123 2299 1219 2380 quod

177 2407 271 2470 iurati
286 2415 391 2469 essent
406 2404 570 2487 pecuniam
584 2407 692 2468 matris
706 2407 856 2488 ipsorum.
877 2406 990 2489 quihus
1003 2424 1072 2468 rom
1087 2426 1220 2488 negan-

177 2518 270 2592 tibus,
291 2517 480 2599 Smaragdos
503 2536 609 2579 comes
631 2537 670 2578 ex
690 2523 840 2598 precepto
855 2517 937 2599 regis
951 2515 1078 2578 Andrce
1103 2518 1220 2582 discu-

178 2630 279 2703 ciens,
305 2650 363 2712 per
385 2628 568 2709 pristaidum
590 2628 717 2690 nomine
738 2628 894 2690 Andream
917 2628 956 2689 de
977 2626 1051 2689 uilia
1070 2629 1217 2694 Zuminu

177 2740 262 2801 misit
276 2738 474 2800 Uaradinum.
505 2741 559 2800 nbi
575 2740 704 2819 piedicti
720 2739 850 2800 comites
865 2739 1026 2800 candentis
1042 2738 1123 2802 ferri
1138 2743 1221 2804 snb-

179 2849 374 2928 teriugerunt
388 2847 547 2918 iudicium,
561 2848 699 2910 dicentes
712 2850 911 2911 aduersarios
926 2868 998 2911 suos
1013 2850 1119 2913 iustos
1131 2870 1221 2926 esse,

180 2966 211 3020 et
222 2957 305 3038 quod
321 2956 378 3036 ipsi
393 2957 573 3038 ignoranter
584 2975 638 3018 eos
653 2958 865 3039 impeciissent
876 2960 915 3022 de
930 2957 1024 3020 furto.
1045 2958 1220 3025 Priuartut

180 3075 283 3130 eutem
300 3076 331 3129 et
345 3068 550 3149 ioubagiones
565 3068 633 3129 cius
649 3088 705 3149 pro
720 3070 803 3130 hono
819 3071 902 3149 pacis
917 3078 947 3131 et
960 3068 1076 3130 intuitu
1095 3091 1221 3153 cogn:-

179 3182 288 3254 cionis,
310 3181 495 3243 dimiserunt
508 3181 593 3263 Agye
609 3191 641 3243 et
655 3180 804 3262 Dionysio
826 3180 990 3243 comitibus
1005 3180 1154 3246 debitum
1170 3195 1222 3249 ta·

178 3290 281 3365 lionis,
302 3292 333 3353 in
349 3301 499 3373 qnantum
514 3293 554 3354 ad
569 3291 654 3373 ipsos
669 3292 789 3352 attinet.
844 3268 848 3275 ⁴

263 3404 365 3478 (235)
388 3401 535 3474 michaei,
557 3401 681 3475 Penius,
704 3401 863 3465 etlooiat
885 3401 1031 3465 dixerunt
1048 3423 1085 3467 se
1110 3410 1221 3472 teneri

180 3514 267 3597 dgye
288 3522 320 3576 et
333 3513 481 3592 dionysio
497 3512 661 3573 comitibus
682 3511 714 3573 in
738 3513 862 3596 triginta
885 3511 996 3574 marcis
1017 3518 1161 3596 argenti,
1185 3531 1220 3585 ct

181 3625 297 3686 debere
319 3624 428 3684 decem
443 3618 624 3701 persoluere
647 3622 678 3683 in
699 3622 749 3684 die
764 3625 859 3685 ramis
874 3623 1062 3704 palmarum,
1086 3635 1121 3690 et
1137 3629 1219 3694 niias

181 3733 291 3794 decem
312 3731 443 3793 infesto
463 3731 671 3807 ascensionis,
694 3732 791 3795 tercio
806 3733 917 3796 decem
939 3734 970 3795 in
986 3733 1067 3797 festo
1082 3735 1220 3806 loannis

180 3842 328 3924 Baptiste.

262 3954 360 4029 (236)
382 3952 476 4017 Cusid
491 3975 569 4017 uxor
584 3956 730 4019 dominici
745 3957 786 4021 de
801 3955 876 4020 uilia
887 3958 999 4021 Sancte
1011 3958 1126 4026 Crucis
1141 3982 1222 4047 por-

180 4073 245 4131 tato
266 4064 351 4130 ierro
371 4074 480 4130 contra
494 4069 873 4133 Ananiam-coaniliannm
892 4090 1001 4145 suam,
1022 4078 1167 4142 ostendit
1182 4100 1222 4147 se
