2798 4764
255 1042 339 1129 nn
362 1037 576 1127 naono
599 1000 907 1125 ononm‘m
930 1030 1177 1120 monum

710 1204 730 1243 Δ

205 1325 458 1416 mutiunt
472 1325 640 1409 ouoous
650 1318 1039 1408 ttrutmottottott
1050 1316 1233 1402 ttvttto

395 1458 588 1542 tutttottt
604 1455 755 1540 dimid
776 1452 971 1537 tutoottn
986 1451 1043 1534 ot

368 1646 407 1711 (ii
426 1645 513 1698 codice
530 1644 621 1698 seculi
642 1645 715 1696 xor.
733 1643 895 1695 bibliothece
910 1636 1075 1704 Vaticano.)

291 1934 455 1998 inuentum
483 1934 543 1999 fuit
568 1936 600 1997 in
630 1934 726 2017 gestis
748 1932 943 2016 Ungarorum
972 1928 1233 2004 Christianorum,

209 2045 296 2128 quod
313 2057 395 2109 esset
411 2047 471 2109 alia
486 2047 620 2129 Ungeria
641 2035 752 2120 maior,
780 2046 819 2108 de
834 2064 896 2128 qua
910 2043 967 2105 VII
981 2036 1077 2106 duces
1093 2052 1163 2112 'cum
1179 2060 1237 2125 po-

208 2156 290 2239 pulis
311 2156 376 2219 suis
398 2157 516 2240 egressi
538 2158 677 2231 fuerant,
699 2155 906 2219 uthabitaudi
922 2161 1092 2238 quererent
1109 2151 1168 2216 sibi
1190 2153 1237 2215 lo·

208 2286 297 2344 cum,
319 2289 358 2332 eo
374 2271 460 2353 quod
482 2279 568 2334 terra
587 2270 726 2352 ipsorum
745 2267 974 2332 multitudinem
993 2265 1236 2329 inhabitancium

208 2382 364 2446 sustinere
388 2401 451 2444 non
472 2391 589 2465 posset.
618 2382 670 2465 qui
686 2402 757 2444 cum
772 2379 868 2443 muita
882 2399 981 2463 regna
996 2377 1238 2462 pertransissent

208 2499 241 2554 et
255 2493 498 2566 destruxissent,
514 2493 640 2555 tandem
658 2501 811 2555 uenerunt
824 2491 854 2552 in
871 2499 986 2554 terrem
1002 2510 1064 2572 que
1078 2509 1161 2553 nunc
1175 2489 1237 2551 Un-

208 2602 295 2684 paria
319 2603 450 2674 dicitnr,
482 2612 558 2666 tunc
582 2619 660 2666 uero
687 2604 849 2666 dicebatur
874 2622 989 2685 pascua
1014 2603 1237 2665 Romanorum.

208 2728 303 2794 quam
318 2711 553 2776 inhabitandam
574 2728 631 2795 pre
653 2713 744 2777 terris
760 2712 872 2776 ceteris
887 2714 1066 2797 elegerunt,
1087 2712 1236 2776 subiectis

208 2820 267 2884 sibi
286 2822 427 2905 populis,
449 2823 503 2906 qni
517 2832 591 2886 tunc
605 2823 787 2887 babitabant
802 2825 928 2887 ibidem.
959 2826 1011 2887 ubi
1032 2825 1159 2888 tandem
1179 2844 1236 2906 per

207 2942 348 2997 sanctum
364 2934 557 3016 Stephanum
580 2935 714 3016 primum
735 2937 876 3018 ipsorum
891 2948 998 3018 regem
1020 2938 1059 2999 ad
1074 2935 1168 2999 tidem
1184 2954 1237 2999 ca-

206 3044 355 3108 tboiicam
370 3055 442 3109 sont
458 3047 593 3120 reuersi,
615 3047 773 3130 prioribus
788 3047 919 3131 Ungaris
935 3070 952 3112 o
968 3049 1082 3132 quibus
1100 3048 1159 3130 ipsi
1181 3048 1236 3110 de·

207 3157 412 3231 scenderant,
433 3158 464 3220 in
486 3157 671 3221 infidelitate
697 3159 969 3241 permanentibus,
991 3162 1072 3224 sicut
1090 3170 1124 3224 et
1140 3159 1235 3223 bodie

207 3274 281 3333 sunt
295 3271 419 3354 pagani.

288 3382 413 3447 Fratres
430 3384 643 3468 predicatores
662 3385 699 3449 iis
721 3384 752 3447 in
768 3385 864 3470 gestis
879 3385 1072 3469 Ungarorum
1093 3385 1236 3447 inuentis

206 3497 361 3577 compassi
377 3495 506 3579 Ungeris
522 3517 540 3561 a
554 3498 669 3583 quibus
683 3517 718 3561 se
734 3498 935 3562 descendisse
952 3504 1126 3571 nonerunt,
1150 3495 1237 3579 quod

206 3600 309 3664 sdbtw
331 3606 362 3667 in
384 3626 492 3671 errore
509 3604 703 3672 iniideiitutis
723 3614 905 3684 mouerent,
928 3608 1080 3671 miserunt
1100 3616 1237 3687 quatuor

206 3711 247 3775 de
271 3713 419 3778 iratribus
445 3718 485 3778 ad
509 3718 579 3779 iilos
602 3719 813 3802 querendum,
834 3718 1015 3797 ubieunque
1036 3723 1164 3797 possent
1180 3733 1236 3776 eos

205 3823 334 3887 iuuante
356 3825 483 3888 domino
505 3828 658 3892 inuenire.
688 3828 828 3894 sciebant
843 3825 927 3892 enim
946 3840 1005 3909 per
1017 3825 1135 3908 scripta
1157 3828 1237 3888 anti-

206 3952 340 4018 quorum
355 3938 440 4017 quod
455 3937 494 3999 ad
511 3939 664 4002 orientem
679 3949 802 4015 essent,
816 3940 870 4003 nbi
886 3946 993 4002 esseut
1007 3937 1131 4021 penitus
1146 3940 1236 4023 igno-

204 4046 324 4111 rabant.
353 4047 486 4129 predicti
511 4069 585 4132 ergo
608 4051 721 4116 fratres
736 4054 790 4136 qoi
812 4051 896 4114 missi
918 4050 1058 4126 tuerent,
1081 4053 1186 4115 multis
1200 4072 1235 4114 se

204 4168 401 4241 exponentes
415 4157 594 4236 laboribus,
615 4180 671 4244 per
685 4183 789 4238 mare,
808 4182 868 4246 per
880 4172 979 4229 terras
993 4184 1047 4228 eos
1063 4185 1163 4248 usque
1177 4184 1235 4249 per
