2798 4764
190 363 196 374 ·
316 332 519 400 cdrsrrrorio
539 357 580 401 ne
606 357 746 404 nunnrnrs
767 358 961 406 senensibus.
1003 342 1095 411 tear.
1156 346 1216 412 603
1317 355 1321 363 ’

191 509 365 590 perelatom
388 489 661 590 expergefactum,
684 509 877 574 condicionis
896 512 1049 589 humane,
1070 524 1217 597 parentes

191 619 285 703 primi
300 621 444 703 contagio
459 620 608 685 libertatis
630 641 649 684 a
669 623 812 705 primeuo
827 632 936 687 nature
956 632 1104 708 tanquam
1119 629 1217 694 bene-

189 731 261 794 iicio
283 730 494 806 manumisse,
514 731 668 797 liberioris
689 732 807 796 arbitrii
826 733 967 797 feliciore
986 736 1049 798 sint
1067 739 1217 813 antidoto,

191 845 231 906 ad
246 842 427 905 utrumlibet
440 845 644 925 perstipatum
660 845 879 928 perangariata
893 846 1014 909 iusticia
1025 849 1216 912 necessitatis

191 954 355 1038 exigencia
389 974 503 1018 reuera
530 955 676 1036 produxit
702 957 840 1019 inortum
869 956 1041 1020 fortitudini
1075 959 1217 1035 uirtuali,

190 1069 238 1129 ist
258 1086 295 1130 aa
315 1067 385 1150 ipsa
404 1067 518 1130 iudicia
539 1065 675 1148 legitime
690 1067 874 1149 prepolente
889 1075 982 1150 prout
996 1076 1075 1132 teste
1091 1069 1217 1133 iubetur

190 1180 343 1260 apostolo.
372 1180 472 1241 omnis
492 1181 595 1243 anima
618 1179 684 1242 suis
705 1180 898 1262 principibus
917 1200 987 1245 esse
1007 1183 1165 1256 subiecta,
1186 1189 1217 1246 ct

192 1292 325 1355 ducibus
344 1289 445 1354 missis
467 1291 596 1365 abillis,
616 1311 689 1354 nam
710 1292 912 1372 preessendi,
932 1312 1026 1375 quam
1043 1293 1106 1355 imo
1121 1293 1217 1376 proli·

191 1402 295 1466 ciendi
317 1403 426 1485 pocius
440 1403 588 1465 subiectis
602 1390 774 1485 patrocinio
790 1404 939 1467 diuinitus
954 1406 993 1467 ad
1009 1404 1107 1470 instar
1120 1426 1217 1489 sopor

191 1514 314 1578 celestis
329 1513 415 1589 usie,
437 1515 536 1594 prime
558 1521 589 1577 et
602 1513 725 1590 ultime,
746 1517 811 1578 suis
826 1515 988 1578 ordinibus
1002 1525 1033 1580 et
1047 1518 1217 1600 obsequiis,

190 1625 318 1690 limitate
341 1627 563 1709 expediencius
590 1627 784 1710 mancipatis,
812 1629 925 1711 quibus
949 1638 1060 1693 nature
1086 1630 1214 1694 artificio

189 1732 344 1804 doccioris
356 1739 455 1803 eciam
469 1738 501 1801 in
513 1758 608 1802 sensu
620 1740 797 1803 carentibus
809 1741 990 1804 uerisimilia
1001 1741 1217 1824 paradigmata

189 1852 428 1926 concluduntur,
450 1853 524 1914 dum
546 1852 578 1913 in
593 1852 703 1933 apibus
726 1872 805 1915 unus
825 1853 971 1935 princeps
986 1853 1140 1927 statuitur,
1161 1851 1216 1936 qui

188 1982 276 2026 mero
291 1983 419 2046 prorsus
434 1963 567 2045 imperio
582 1964 734 2044 preditus,
748 1964 861 2026 ceteris
876 1965 924 2026 sui
939 1963 1064 2047 generis
1079 1964 1216 2028 antefer·

187 2084 248 2151 tur,
277 2096 388 2138 uerum
410 2075 549 2137 lauciore
573 2073 696 2137 fortune
719 2075 850 2157 aplausu
873 2076 970 2138 diuini
995 2077 1072 2138 libra
1092 2077 1214 2140 consilii

189 2188 260 2249 cuni
274 2185 404 2268 singulis
424 2205 489 2247 nou
503 2192 698 2266 competeret
718 2207 869 2268 generum
887 2187 1066 2268 singillatim
1081 2208 1152 2250 cum
1167 2188 1215 2248 in·

187 2305 237 2361 ter
256 2297 430 2379 principem
451 2297 679 2380 presidentem,
709 2306 740 2360 et
760 2298 916 2360 subiectos
940 2318 1010 2361 esse
1033 2299 1146 2360 debeat
1168 2298 1215 2359 di·

187 2409 311 2473 stinctio
334 2408 520 2491 personalis,
551 2407 709 2490 lulgencia
731 2428 839 2491 regum
865 2409 971 2472 euexit
994 2410 1089 2483 solia,
1121 2409 1214 2472 certis

188 2521 355 2582 commissa
376 2520 529 2601 personis.
550 2517 664 2581 sealius
686 2539 761 2582 suos
780 2520 812 2580 in
833 2526 977 2601 posteros
996 2519 1214 2602 propaganda,

188 2633 331 2696 mirilico.
349 2631 588 2715 gratificacionis
602 2651 658 2693 sue
672 2631 779 2704 modo,
794 2630 968 2693 occulciore
983 2630 1098 2693 iudicio
1114 2630 1215 2692 taliter

187 2746 220 2809 iu
237 2746 376 2826 ipsorum
392 2763 518 2826 regum,
539 2742 709 2825 mundique
732 2741 908 2823 principum
924 2742 1121 2804 diuersorum
1143 2761 1215 2823 pro·

187 2857 353 2940 paginem,
377 2854 566 2938 peculiarius
589 2854 746 2927 deriuata,
774 2852 887 2936 quibus
911 2852 987 2934 ipsis
1012 2854 1213 2936 parciendam

186 2968 337 3033 talentum
359 2967 480 3030 iusticie
502 2964 770 3046 autumpnandum
790 2963 859 3026 iore
874 2964 1014 3027 cerditur
1027 2973 1113 3026 certa
1125 2964 1213 3046 lege,

184 3088 221 3144 ut
234 3083 334 3144 bonos
350 3086 381 3143 et
395 3078 504 3140 fideles
521 3077 760 3158 producciorem
780 3076 820 3138 ad
835 3095 924 3157 spem
939 3075 1116 3136 demulceat
1129 3074 1213 3136 redi-

184 3194 259 3255 uiua
283 3192 409 3275 largicio
434 3190 641 3272 premiorum3
671 3187 772 3249 malos
796 3207 874 3249 uero
899 3186 1076 3268 principalis
1102 3186 1212 3246 dextre

184 3304 337 3367 uibratilis
358 3304 423 3365 suis
445 3320 573 3382 compar
594 3300 753 3362 demeritis
773 3299 858 3360 ultor
876 3297 997 3379 gladius
1018 3303 1212 3378 persecatus.

183 3417 263 3479 Hinc
278 3422 341 3490 cst,
363 3415 447 3498 quod
463 3433 533 3475 cum
547 3412 739 3473 Budensium
760 3411 876 3471 ciuium
891 3414 1070 3472 nostrorum
1084 3407 1212 3470 uniuer-

182 3528 281 3593 sitatis
295 3526 454 3589 indefesse
469 3544 595 3605 semper
608 3520 682 3585 fidei
698 3522 801 3584 uirore
816 3520 952 3601 uiguerit
966 3518 1099 3593 illibate,
1117 3518 1210 3601 regiis

180 3641 296 3705 nostris
311 3639 469 3721 obsequiis
484 3637 654 3700 studiosius
669 3635 888 3698 obsecundans
900 3651 994 3716 quam
1009 3632 1040 3694 in
1054 3632 1129 3714 ipsis
1145 3632 1210 3694 ele·

181 3753 310 3836 gancius
326 3771 442 3834 angere
457 3749 610 3832 cupimus,
632 3756 663 3810 et
677 3747 807 3821 intendi,
828 3744 943 3807 uotiuis
959 3743 1099 3826 ipsorum
1112 3744 1210 3805 bena-

179 3864 301 3947 placitis
316 3863 499 3948 principalis
514 3862 618 3943 gracie
633 3857 860 3923 munificenciis
874 3863 1073 3920 occurentes:

264 3973 309 4056 (1)
330 3975 497 4048 nundinas,
518 3992 575 4036 seu
595 3970 701 4046 ferias,
722 3989 760 4035 ac
774 3968 1053 4052 congregacionem
1074 3968 1135 4030 lori
1152 3984 1209 4030 an-

180 4085 237 4152 nui
251 4086 400 4150 iniciendi
417 4107 474 4168 per
487 4085 625 4169 spacium
641 4090 710 4145 octo
726 4082 849 4144 dierum
864 4089 936 4144 ante
950 4079 1066 4143 festum
1082 4079 1209 4141 dedica-

179 4197 282 4262 ciouis
302 4197 437 4263 ecclesie
458 4197 544 4262 beati
564 4193 690 4260 loannis
711 4192 921 4278 euangelista,
943 4191 1029 4276 quod
1049 4188 1208 4254 dominico
