2798 4764
214 354 275 421 ³02
317 371 507 419 ssrnennm
521 372 610 419 accis
631 374 671 418 nn
693 375 799 420 nonan
819 373 1035 419 msrrrormre
1056 374 1158 420 arana.
1184 354 1244 440 (n.)

213 530 273 594 nisi
292 529 346 612 qui
368 528 505 611 legitime
526 527 703 591 certauerit.
731 536 765 590 ut
786 536 908 609 patrem
928 529 1021 590 deum
1044 528 1243 610 omnipoten-

213 650 276 706 tem
292 642 442 703 factorem
458 640 557 702 tocius
576 640 712 714 facture,
734 647 765 702 et
778 639 972 721 unigenitum
990 641 1057 701 eius
1072 640 1170 702 filiurn
1186 642 1243 702 do-

214 753 331 816 minum
347 761 488 814 nostrum
503 753 606 813 lesum
621 751 794 824 Christum,
817 752 856 812 de
872 750 970 812 Maria
989 752 1111 832 uirgine
1127 753 1241 833 angelo

213 863 382 927 nunciante
406 871 528 935 natum,
564 883 599 924 ac
625 884 681 944 pro
707 862 804 924 tocius
828 863 936 923 mundi
961 862 1060 924 salute
1085 862 1115 923 in
1141 864 1242 924 erucis

212 976 351 1058 patibulo
374 994 517 1056 passum,
542 983 572 1037 et
593 975 737 1055 spiritum
756 983 895 1036 sanctum
915 973 969 1054 qui
992 995 1048 1054 per
1071 975 1241 1054 propbetas

213 1097 245 1152 et
269 1087 477 1169 euangelistae
504 1095 535 1148 ct
561 1087 718 1167 apostulus
740 1085 863 1148 locutus
884 1096 946 1159 est,
975 1106 1070 1147 unam
1094 1089 1240 1149 deitatem

212 1199 400 1281 perfectam,
423 1197 689 1272 indissolubilem,
717 1197 991 1260 incontaminatam
1015 1218 1084 1260 esse
1110 1199 1242 1260 firmiter

213 1313 338 1385 credas,
360 1321 390 1374 et
406 1312 472 1374 sine
489 1312 572 1373 omni
588 1310 789 1393 ambiguitate
812 1319 930 1372 teneas.
959 1310 1019 1373 hec
1035 1320 1082 1373 est
1096 1311 1174 1373 fides
1191 1332 1241 1372 ca·

212 1425 343 1498 tholica,
366 1444 458 1505 quarn
479 1423 561 1486 sicut
574 1423 764 1487 Athanasius
786 1423 862 1486 dixit
882 1422 943 1484 nisi
958 1421 1027 1504 quis
1041 1422 1176 1485 fideliter
1188 1424 1241 1484 tir-

212 1536 368 1617 miterque
384 1533 569 1606 crediderit,
592 1533 696 1595 saluus
712 1553 781 1596 esse
797 1554 860 1595 non
878 1525 1001 1614 poterit.
1032 1535 1056 1596 si
1073 1535 1240 1616 aliquando

211 1647 293 1709 intra
308 1656 392 1709 tuam
407 1645 551 1708 inuenies
565 1648 758 1727 potenciam,
781 1647 866 1726 quod
882 1646 975 1719 absit,
999 1647 1051 1728 qui
1073 1646 1154 1708 hane
1177 1646 1241 1707 col-

211 1757 367 1820 lacionem
391 1765 497 1819 sancte
521 1755 665 1821 trinitatis
688 1755 848 1831 diuidere,
870 1759 921 1820 uel
942 1758 1084 1820 minuere
1103 1759 1169 1821 siue
1186 1779 1241 1819 au-

212 1890 287 1953 gere
311 1880 476 1943 conantur,
504 1870 561 1932 hos
581 1871 666 1951 ipsos
692 1872 772 1933 scias
794 1879 879 1934 certe
901 1871 1102 1934 heresiarche
1130 1891 1240 1934 seruos

212 1991 245 2045 et
270 2002 333 2043 nun
355 1991 462 2044 sancte
485 1982 618 2045 ecclesie
637 1982 728 2045 lilios.
762 1984 840 2045 tales
861 2004 940 2045 uero
962 2004 1021 2045 nec
1042 1984 1160 2045 nutrias
1182 2002 1240 2044 nec

212 2093 374 2168 delendas,
396 2116 435 2157 ne
451 2096 550 2157 eciam
567 2094 710 2158 inimicus
726 2096 777 2158 dei
793 2095 941 2158 uideatis.
963 2096 1140 2157 huiusmodi
1157 2096 1239 2157 enim

211 2206 271 2269 uiri
287 2215 394 2269 sancte
414 2207 487 2269 fidei
506 2207 586 2269 lilios
612 2207 739 2269 omnino
756 2185 891 2269 reddunt
912 2207 1083 2280 morbidos,
1105 2214 1137 2269 et
1151 2208 1240 2268 istam

209 2319 367 2380 nouellam
393 2326 500 2380 sancte
523 2318 656 2381 ecclesie
678 2319 802 2400 plebem
826 2317 1044 2381 miserabiliter
1067 2320 1239 2381 destruunt.

208 2427 270 2490 hoc
286 2450 325 2491 ue
341 2429 412 2504 liat,
435 2430 646 2510 principaliter
661 2450 745 2492 cura.

292 2653 473 2715 Caetronius
495 2655 531 2714 tt.
568 2656 611 2715 De
625 2658 797 2717 continendo
813 2659 999 2718 ecclesiastico
1012 2669 1101 2719 stuta.
1139 2659 1172 2718 ln
1189 2678 1238 2719 re·

209 2763 270 2847 gali
292 2763 419 2844 quidem
443 2765 563 2845 palacio
589 2774 658 2846 post
680 2766 774 2828 fidem
801 2768 933 2831 ecclesia
956 2771 1129 2831 secundnm
1152 2778 1237 2831 tenet

208 2875 328 2947 locum,
351 2894 367 2935 a
383 2877 484 2956 capite
500 2885 608 2939 nostro
624 2878 741 2940 scilicet
755 2878 879 2940 Christo
903 2881 1044 2960 primitus
1066 2882 1237 2953 seminata,

208 2987 323 3050 deinde
348 3007 403 3067 per
418 2988 485 3049 eius
507 2989 659 3063 membra,
682 3000 789 3071 utpote
813 2991 972 3072 apostolos
995 3002 1119 3055 sanctos
1138 3004 1168 3055 et
1183 3012 1237 3074 pa·

207 3106 271 3161 tres
293 3099 518 3178 transplantata
544 3106 575 3161 et
596 3100 727 3162 firmitus
750 3101 912 3174 editicata,
943 3111 1035 3184 atquo
1062 3124 1117 3183 per
1136 3111 1235 3164 toturn

208 3210 314 3272 orbem
339 3212 460 3271 ditl'usa.
490 3221 520 3274 et
535 3214 680 3293 quamuis
695 3233 819 3292 semper
840 3232 956 3276 nouam
973 3213 1086 3276 haheat
1101 3214 1235 3294 prolem,

206 3319 239 3382 in
264 3322 374 3383 ceteris
396 3330 500 3385 tameo
523 3323 600 3384 locis
621 3323 710 3405 quasi
733 3325 858 3404 antiqua
881 3323 1026 3397 habetur,
1056 3324 1106 3385 hic
1123 3324 1235 3385 antidi

207 3433 366 3496 carissime
389 3433 421 3493 in
442 3442 549 3497 nostra
572 3433 754 3496 monarchia
768 3435 871 3496 adhuc
888 3436 977 3518 quasi
994 3435 1119 3498 iuuenis
1133 3445 1163 3496 et
1179 3456 1235 3496 no·

206 3541 289 3606 uella
305 3546 493 3625 predicatur.
515 3552 608 3625 atque
625 3542 741 3605 idcirco
754 3546 949 3608 cauciorihus
966 3544 1235 3608 enidenciorihus-

206 3674 268 3737 que
281 3665 350 3736 eget
365 3656 557 3728 custodibus,
579 3675 618 3716 ne
633 3656 749 3716 bonum
766 3656 850 3736 quod
867 3655 974 3715 diuina
993 3653 1162 3717 clemencia
1178 3671 1234 3731 per

204 3787 293 3830 suam
314 3769 498 3829 immensam
521 3767 765 3828 misericordiam
787 3767 876 3828 nobis
891 3766 1046 3826 concessit
1060 3763 1232 3836 immeritis,

203 3897 262 3959 per
275 3886 359 3940 tuam
376 3875 529 3938 desidiam
545 3884 576 3938 et
591 3877 750 3958 pigriciam
766 3885 797 3939 et
812 3875 1037 3958 negligenciam
1054 3876 1233 3937 destruatur

204 3992 236 4048 et
250 3986 468 4047 annichiletur.
498 4005 570 4047 nam
586 3987 640 4068 qui
655 3987 766 4051 minuit
779 3995 832 4050 aut
848 3987 933 4049 ledat
947 4006 972 4048 s.
983 3987 1117 4049 ecclesie
1132 3988 1234 4070 digni-

202 4100 314 4168 tatem,
330 4095 381 4158 ille
397 4094 510 4158 Christi
527 4114 640 4176 eorpus
655 4098 797 4160 mutilare
810 4097 929 4160 nititur.
950 4098 1017 4179 ipse
1033 4100 1116 4161 enim
1133 4100 1233 4162 domi-

204 4226 264 4271 nus
278 4207 355 4272 dixit
368 4210 478 4284 Petro,
500 4225 595 4292 quem
609 4208 772 4275 custodem
791 4209 1037 4296 magistrumque
1051 4212 1157 4276 eidem
1175 4231 1232 4296 pus
