2798 4764
208 338 270 409 ⁷2⁰
529 350 713 401 nmmum
728 353 779 399 -nn
800 352 909 399 russo.

208 508 441 573 licetScencam
455 526 596 571 sororem
612 507 771 579 eiusdem,
792 506 824 567 ui
839 506 879 568 ab
892 524 931 567 ao
943 496 1151 568 abstulisset.
1176 501 1263 563 Pau-

208 620 257 683 lus
278 621 440 701 respoudit
461 639 495 682 se
518 620 632 682 amisse
655 618 695 681 ab
716 638 764 691 eo,
785 637 848 679 non
869 617 900 679 ui
920 614 1092 678 abstulisse
1110 613 1207 687 illos,
1229 623 1262 676 et

208 731 321 794 adduci
337 740 446 793 testes.
468 750 548 812 quos
559 728 674 794 Paulus
689 729 814 792 curialis
829 746 934 789 comes
948 726 989 788 de
999 725 1128 787 Biclror
1146 724 1261 786 discu-

207 842 304 916 ciens,
325 863 382 924 per
403 840 588 923 pristaldum
609 841 735 903 nomine
749 842 869 902 Ducam
886 839 970 900 misit
983 837 1192 900 Uaradinnm
1215 837 1262 901 ad

207 954 356 1017 iudicium
371 952 445 1015 ferri
461 953 635 1015 candentis.
655 953 778 1015 interea
789 957 1006 1015 conuenerunt
1017 968 1093 1011 cum
1112 948 1259 1012 licencia

205 1065 326 1139 indicis,
347 1084 442 1146 aquo
456 1065 555 1128 eciam
571 1065 758 1127 Uaradinum
774 1060 960 1134 transmissi,
981 1061 1163 1123 contestati
1178 1070 1258 1125 sunt

207 1194 314 1239 coram
334 1175 471 1256 capitulo
485 1183 516 1239 et
530 1173 681 1256 pristaldo
697 1194 731 1238 se
752 1175 795 1236 ita
809 1171 1011 1245 conuenisse,
1034 1172 1130 1253 quod
1147 1172 1256 1234 Adam

206 1287 403 1351 satisfaceret
421 1286 534 1360 iudici,
555 1287 669 1349 Paulus
691 1306 770 1348 uero
789 1284 948 1366 pristaldo,
970 1292 1002 1345 et
1021 1282 1116 1345 idem
1133 1283 1257 1345 Paulus

208 1398 298 1462 daret
310 1399 378 1460 uuo
396 1419 489 1460 unam
504 1416 641 1459 marcam
656 1405 687 1460 et
701 1396 873 1458 dimidiam.

290 1505 373 1589 (323)
402 1508 471 1570 Filii
494 1508 717 1589 ioubagionum
739 1504 840 1568 sancti
861 1504 943 1586 regis
968 1504 1008 1566 de
1030 1502 1117 1567 uilla
1141 1506 1255 1588 Gyan,

206 1619 326 1685 scilicet
340 1621 441 1693 l'cbu,
463 1620 576 1682 Unicus
598 1630 628 1683 ot
643 1618 803 1691 Matthias,
825 1624 857 1680 et
871 1616 924 1679 lilii
939 1616 1177 1698 ioubagionum
1194 1620 1254 1680 de-

206 1750 354 1794 scensum
369 1731 473 1793 corniti
488 1731 740 1811 persolueueium
754 1731 793 1792 de
805 1728 864 1791 alia
876 1727 974 1808 Gyan,
986 1727 1253 1803 scilicetllionis,

206 1839 336 1912 Forcos,
356 1838 501 1911 loachin,
524 1839 618 1912 llruz,
638 1840 762 1911 Endus,
783 1839 807 1899 F
810 1859 861 1912 uo,
881 1839 1002 1919 Sypeii,
1023 1837 1114 1901 Ysou
1133 1839 1253 1914 etalii,

208 1949 329 2019 etitem
344 1950 384 2011 do
399 1950 496 2012 tercia
511 1950 600 2032 Gyan
621 1958 807 2022 castrenses,
828 1949 946 2013 scilicet
959 1949 1070 2022 Sama,
1093 1950 1252 2023 blenltad,

208 2058 317 2135 Obud,
338 2061 469 2134 Medae,
491 2060 603 2133 Ficed,
625 2059 763 2133 Cibriau‚
785 2059 895 2133 liidol,
916 2068 947 2122 et
962 2058 1029 2120 aliis
1043 2061 1251 2123 coadiuuan·

204 2171 289 2239 tibus
303 2173 395 2235 castri
410 2172 618 2235 Bicborieusis
639 2171 891 2253 ioubagiouibus,
911 2170 1030 2234 scilicet
1044 2170 1135 2234 Luca
1159 2175 1251 2254 prin·

205 2282 276 2365 cipe
290 2284 457 2357 exercitus,
470 2284 619 2346 Forcasiu
630 2282 695 2345 lilio
707 2283 855 2364 Syrnoud,
871 2283 945 2345 Uros
959 2281 1025 2344 lilio
1034 2283 1149 2357 Sieou,
1165 2286 1249 2347 Bibo

203 2392 269 2458 lilio
285 2394 414 2467 Pasche,
428 2403 459 2456 et
475 2394 582 2475 Tegek
597 2393 844 2467 centurionibus,
865 2396 958 2457 Petro
971 2412 1104 2476 quoque
1119 2396 1250 2459 maiora

203 2506 364 2588 preconio,
384 2506 592 2586 impecierunt
606 2503 754 2567 clericum
771 2506 896 2568 nomine
908 2506 1055 2587 Magnum
1070 2506 1113 2569 de
1124 2510 1249 2571 eadem

203 2617 291 2690 uilla,
312 2617 409 2679 filium
426 2618 544 2689 Galdu,
569 2618 708 2679 dicentes
728 2617 830 2697 ipsum
849 2625 1021 2688 extorrem,
1043 2638 1106 2680 nec
1120 2619 1249 2684 habere

204 2727 331 2808 aliquod
347 2730 394 2789 ius
410 2728 499 2789 fundi
518 2748 576 2790 nec
598 2729 674 2809 agri.
703 2726 754 2787 ilie
770 2735 874 2789 aratum
889 2726 1052 2807 respondit
1066 2749 1103 2791 se
1119 2730 1249 2794 babere

204 2846 384 2916 separatum
400 2838 447 2898 ius
463 2837 550 2899 sundi
566 2838 658 2899 etius
673 2839 738 2919 agri
754 2839 794 2899 ad
810 2839 866 2899 tria
882 2845 1000 2910 aratra,
1019 2846 1050 2899 et
1063 2859 1170 2920 super
1186 2843 1248 2905 hoc

203 2966 239 3009 se
253 2945 452 3009 iustificatum
466 2967 536 3008 esse
548 2948 645 3008 eciam
658 2949 746 3021 alias,
755 2949 858 3012 iudice
868 2949 961 3012 bloch
973 2950 1088 3012 comite
1099 2953 1247 3032 palatino

205 3068 238 3140 et
250 3059 460 3132 bichoriensi,
476 3068 507 3121 et
523 3058 672 3140 pristaldo
688 3061 815 3123 nomine
828 3063 915 3143 'lupa
929 3060 992 3121 lilio
1004 3062 1094 3124 Pauli
1110 3064 1155 3126 de
1169 3066 1246 3127 uilla

204 3172 341 3255 Gurbey.
373 3173 456 3252 quod
480 3191 550 3233 cum
574 3172 745 3234 aduersarii
768 3182 938 3254 negarent,
966 3172 1082 3235 Paulus
1108 3177 1244 3241 curialis

205 3303 311 3348 comes
336 3285 375 3346 de
399 3284 521 3357 Bichor,
555 3305 593 3346 ex
616 3295 766 3365 precepto
792 3285 909 3346 domiui
934 3285 981 3347 sui
1004 3285 1087 3348 llice
1112 3292 1244 3352 comitis

205 3392 299 3458 huius
315 3415 408 3456 cause
422 3395 517 3458 iudex
533 3396 728 3468 constitutus,
748 3396 839 3457 iussit
851 3397 965 3477 Magno
980 3399 1243 3476 prenominatum

202 3507 386 3588 pristaldum
408 3507 501 3568 buirus
527 3526 619 3569 causo
647 3492 822 3580 adducere,
853 3508 906 3588 qui
929 3509 1001 3570 dato
1022 3510 1165 3573 termino
1186 3513 1244 3574 ad·

205 3617 316 3680 ductus
338 3628 368 3680 et
393 3619 567 3699 inquisitus,
599 3619 757 3700 perhibuit
781 3619 991 3681 testimonium
1014 3618 1103 3681 iuxta
1130 3625 1243 3685 omnia

203 3745 264 3806 que
285 3728 417 3807 Magrurs
441 3730 608 3791 asserebat.
639 3739 712 3791 tunc
735 3729 907 3791 aduersarii
931 3731 1117 3792 obiecerunt
1141 3734 1174 3794 ei
1194 3734 1244 3793 ui·

205 3836 287 3897 cium
318 3838 469 3912 salsitatis,
503 3841 642 3902 diceutes
666 3841 768 3922 ipsum
797 3838 909 3902 laisum
939 3860 1008 3903 esse
1037 3841 1243 3921 pristaldum.

202 3947 318 4011 Paulus
343 3949 449 4028 itaque
477 3951 571 4013 iudex
597 3972 706 4013 eorum
735 3952 875 4032 precepit
903 3971 1079 4015 assessores
1107 3952 1244 4029 iudicis,

202 4061 291 4123 cuius
312 4081 347 4122 se
368 4059 549 4140 pristaldum
572 4064 749 4136 asserebat,
771 4064 939 4126 adducere.
961 4063 1033 4125 dato
1052 4064 1154 4145 igitur
1176 4075 1245 4129 ter·

204 4171 288 4237 mino
315 4170 446 4234 adduxit
467 4171 614 4234 loancam
638 4177 784 4237 comitem
805 4172 904 4237 filium
926 4173 1073 4237 lobannis
1099 4175 1244 4257 comitis,
