<?xml version="1.0" encoding="UTF-8"?>
<!DOCTYPE html PUBLIC "-//W3C//DTD XHTML 1.0 Transitional//EN"
    "http://www.w3.org/TR/xhtml1/DTD/xhtml1-transitional.dtd">
<html xmlns="http://www.w3.org/1999/xhtml" xml:lang="en" lang="en">
 <head>
  <title>
</title>
<meta http-equiv="Content-Type" content="text/html;charset=utf-8" />
  <meta name='ocr-system' content='tesseract 3.04.00' />
  <meta name='ocr-capabilities' content='ocr_page ocr_carea ocr_par ocr_line ocrx_word'/>
</head>
<body>
  <div class='ocr_page' id='page_1' title='image "./rerumhungaricar00endlgoog/rerumhungaricar00endlgoog_0563.png"; bbox 0 0 2798 4764; ppageno 0'>
   <div class='ocr_carea' id='block_1_1' title="bbox 232 304 1157 402">
    <p class='ocr_par' dir='ltr' id='par_1_1' title="bbox 232 304 1157 402">
     <span class='ocr_line' id='line_1_1' title="bbox 232 304 1157 402; baseline 0.005 -5"><span class='ocrx_word' id='word_1_1' title='bbox 232 304 295 397; x_wconf 65' lang='lat' dir='ltr'><strong>dit</strong></span> <span class='ocrx_word' id='word_1_2' title='bbox 341 308 547 399; x_wconf 69' lang='lat' dir='ltr'><strong>dirimunt.</strong></span> <span class='ocrx_word' id='word_1_3' title='bbox 567 350 658 398; x_wconf 80' lang='lat' dir='ltr'><strong>necas</strong></span> <span class='ocrx_word' id='word_1_4' title='bbox 679 352 821 399; x_wconf 80' lang='lat' dir='ltr'><strong>aarrcrm</strong></span> <span class='ocrx_word' id='word_1_5' title='bbox 842 340 1039 400; x_wconf 67' lang='lat' dir='ltr'><strong>emineres.</strong></span> <span class='ocrx_word' id='word_1_6' title='bbox 1066 334 1157 402; x_wconf 68' lang='lat' dir='ltr'><strong>lm.</strong></span> 
     </span>
    </p>
   </div>
   <div class='ocr_carea' id='block_1_2' title="bbox 233 505 1264 815">
    <p class='ocr_par' dir='ltr' id='par_1_2' title="bbox 233 505 1264 815">
     <span class='ocr_line' id='line_1_2' title="bbox 233 505 1264 591; baseline 0.006 -21"><span class='ocrx_word' id='word_1_7' title='bbox 233 506 318 570; x_wconf 87' lang='lat' dir='ltr'><strong>mine</strong></span> <span class='ocrx_word' id='word_1_8' title='bbox 337 505 510 569; x_wconf 86' lang='lat' dir='ltr'><strong>roboralas.</strong></span> <span class='ocrx_word' id='word_1_9' title='bbox 542 507 647 571; x_wconf 89' lang='lat' dir='ltr'><strong>datum</strong></span> <span class='ocrx_word' id='word_1_10' title='bbox 672 527 728 590; x_wconf 87' lang='lat' dir='ltr'><strong>per</strong></span> <span class='ocrx_word' id='word_1_11' title='bbox 750 526 861 574; x_wconf 85' lang='lat' dir='ltr'><strong>manus</strong></span> <span class='ocrx_word' id='word_1_12' title='bbox 882 507 1022 591; x_wconf 75' lang='lat' dir='ltr'><strong>magistri</strong></span> <span class='ocrx_word' id='word_1_13' title='bbox 1045 508 1164 573; x_wconf 85' lang='lat' dir='ltr'><strong>Nicolai</strong></span> <span class='ocrx_word' id='word_1_14' title='bbox 1189 511 1264 576; x_wconf 85' lang='lat' dir='ltr'><strong>anie</strong></span> 
     </span>
     <span class='ocr_line' id='line_1_3' title="bbox 233 616 1262 694; baseline 0.005 -13"><span class='ocrx_word' id='word_1_15' title='bbox 233 624 340 681; x_wconf 88' lang='lat' dir='ltr'><strong>nostre</strong></span> <span class='ocrx_word' id='word_1_16' title='bbox 355 616 604 681; x_wconf 87' lang='lat' dir='ltr'><strong>nicecaneellarii</strong></span> <span class='ocrx_word' id='word_1_17' title='bbox 618 619 722 684; x_wconf 87' lang='lat' dir='ltr'><strong>dilecti</strong></span> <span class='ocrx_word' id='word_1_18' title='bbox 736 628 768 683; x_wconf 87' lang='lat' dir='ltr'><strong>et</strong></span> <span class='ocrx_word' id='word_1_19' title='bbox 789 620 891 683; x_wconf 84' lang='lat' dir='ltr'><strong>fidelis</strong></span> <span class='ocrx_word' id='word_1_20' title='bbox 910 620 1023 694; x_wconf 86' lang='lat' dir='ltr'><strong>nostri,</strong></span> <span class='ocrx_word' id='word_1_21' title='bbox 1045 641 1127 684; x_wconf 90' lang='lat' dir='ltr'><strong>anno</strong></span> <span class='ocrx_word' id='word_1_22' title='bbox 1143 622 1262 686; x_wconf 88' lang='lat' dir='ltr'><strong>domiui</strong></span> 
     </span>
     <span class='ocr_line' id='line_1_4' title="bbox 233 716 1113 815; baseline 0.001 -22"><span class='ocrx_word' id='word_1_23' title='bbox 233 716 403 793; x_wconf 76' lang='lat' dir='ltr'>thCLXX</span> <span class='ocrx_word' id='word_1_24' title='bbox 418 748 512 793; x_wconf 89' lang='lat' dir='ltr'><strong>nono.</strong></span> <span class='ocrx_word' id='word_1_25' title='bbox 534 731 623 815; x_wconf 90' lang='lat' dir='ltr'><strong>regni</strong></span> <span class='ocrx_word' id='word_1_26' title='bbox 638 739 743 794; x_wconf 91' lang='lat' dir='ltr'><strong>autern</strong></span> <span class='ocrx_word' id='word_1_27' title='bbox 758 732 856 794; x_wconf 78' lang='lat' dir='ltr'><strong>nostri</strong></span> <span class='ocrx_word' id='word_1_28' title='bbox 871 751 954 794; x_wconf 90' lang='lat' dir='ltr'><strong>anno</strong></span> <span class='ocrx_word' id='word_1_29' title='bbox 969 732 1113 814; x_wconf 88' lang='lat' dir='ltr'><strong>septimo.</strong></span> 
     </span>
    </p>
   </div>
   <div class='ocr_carea' id='block_1_3' title="bbox 530 1198 965 1326">
    <p class='ocr_par' dir='ltr' id='par_1_3' title="bbox 530 1198 965 1326">
     <span class='ocr_line' id='line_1_5' title="bbox 530 1198 965 1326; baseline 0.005 -3"><span class='ocrx_word' id='word_1_30' title='bbox 530 1198 721 1325; x_wconf 83' lang='grc' dir='ltr'>ιιιιιιιι</span> <span class='ocrx_word' id='word_1_31' title='bbox 750 1240 809 1326; x_wconf 90' lang='grc' dir='ltr'><strong>ιιι</strong></span> <span class='ocrx_word' id='word_1_32' title='bbox 841 1240 965 1325; x_wconf 83' lang='lat' dir='ltr'><strong>mars</strong></span> 
     </span>
    </p>
   </div>
   <div class='ocr_carea' id='block_1_4' title="bbox 368 1417 1122 1629">
    <p class='ocr_par' dir='ltr' id='par_1_4' title="bbox 368 1417 1122 1629">
     <span class='ocr_line' id='line_1_6' title="bbox 368 1417 1122 1495; baseline 0.001 -3"><span class='ocrx_word' id='word_1_33' title='bbox 368 1418 673 1493; x_wconf 71' lang='lat' dir='ltr'><strong>annaeum</strong></span> <span class='ocrx_word' id='word_1_34' title='bbox 712 1417 1122 1495; x_wconf 75' lang='lat' dir='ltr'><strong>CUMANORUM.</strong></span> 
     </span>
     <span class='ocr_line' id='line_1_7' title="bbox 634 1563 860 1629; baseline -0.009 -1"><span class='ocrx_word' id='word_1_35' title='bbox 634 1563 860 1629; x_wconf 76' lang='lat' dir='ltr'><strong>Mccnxxtx.</strong></span> 
     </span>
    </p>
   </div>
   <div class='ocr_carea' id='block_1_5' title="bbox 501 1718 989 1786">
    <p class='ocr_par' dir='ltr' id='par_1_5' title="bbox 501 1718 989 1786">
     <span class='ocr_line' id='line_1_8' title="bbox 501 1718 989 1786; baseline 0.002 -15"><span class='ocrx_word' id='word_1_36' title='bbox 501 1720 524 1771; x_wconf 81' lang='lat' dir='ltr'>E</span> <span class='ocrx_word' id='word_1_37' title='bbox 541 1718 640 1770; x_wconf 66' lang='lat' dir='ltr'><strong>ilarletl</strong></span> <span class='ocrx_word' id='word_1_38' title='bbox 657 1718 764 1786; x_wconf 85' lang='lat' dir='ltr'><strong>illyrico</strong></span> <span class='ocrx_word' id='word_1_39' title='bbox 780 1733 868 1771; x_wconf 73' lang='lat' dir='ltr'><strong>cnoro.</strong></span> <span class='ocrx_word' id='word_1_40' title='bbox 884 1720 917 1770; x_wconf 82' lang='lat' dir='ltr'><strong>l&#39;.</strong></span> <span class='ocrx_word' id='word_1_41' title='bbox 934 1720 989 1772; x_wconf 75' lang='grc'><strong>328.</strong></span> 
     </span>
    </p>
   </div>
   <div class='ocr_carea' id='block_1_6' title="bbox 228 1975 1260 2380">
    <p class='ocr_par' dir='ltr' id='par_1_6' title="bbox 228 1975 1260 2380">
     <span class='ocr_line' id='line_1_9' title="bbox 314 1975 1260 2062; baseline 0.004 -20"><span class='ocrx_word' id='word_1_42' title='bbox 314 1975 476 2042; x_wconf 84' lang='lat' dir='ltr'><strong>Ladislaus</strong></span> <span class='ocrx_word' id='word_1_43' title='bbox 503 1976 554 2041; x_wconf 93' lang='lat' dir='ltr'><strong>dei</strong></span> <span class='ocrx_word' id='word_1_44' title='bbox 579 1979 683 2061; x_wconf 78' lang='lat' dir='ltr'><strong>gracia</strong></span> <span class='ocrx_word' id='word_1_45' title='bbox 708 1978 885 2062; x_wconf 81' lang='lat' dir='ltr'><strong>liungarie,</strong></span> <span class='ocrx_word' id='word_1_46' title='bbox 912 1980 1087 2056; x_wconf 82' lang='lat' dir='ltr'><strong>llalmacie,</strong></span> <span class='ocrx_word' id='word_1_47' title='bbox 1115 1981 1260 2055; x_wconf 85' lang='lat' dir='ltr'><strong>Croarie,</strong></span> 
     </span>
     <span class='ocr_line' id='line_1_10' title="bbox 230 2088 1260 2176; baseline 0.003 -24"><span class='ocrx_word' id='word_1_48' title='bbox 230 2088 346 2164; x_wconf 79' lang='lat' dir='ltr'><strong>Reme,</strong></span> <span class='ocrx_word' id='word_1_49' title='bbox 373 2090 499 2165; x_wconf 89' lang='lat' dir='ltr'><strong>Seruie,</strong></span> <span class='ocrx_word' id='word_1_50' title='bbox 528 2088 672 2165; x_wconf 88' lang='lat' dir='ltr'><strong>Gallicie,</strong></span> <span class='ocrx_word' id='word_1_51' title='bbox 699 2089 905 2165; x_wconf 85' lang='lat' dir='ltr'><strong>Lodourerie‚</strong></span> <span class='ocrx_word' id='word_1_52' title='bbox 934 2090 1084 2155; x_wconf 90' lang='lat' dir='ltr'><strong>Cumauie</strong></span> <span class='ocrx_word' id='word_1_53' title='bbox 1100 2092 1260 2176; x_wconf 88' lang='lat' dir='ltr'><strong>Bulgarie-</strong></span> 
     </span>
     <span class='ocr_line' id='line_1_11' title="bbox 229 2200 1260 2287; baseline 0.003 -22"><span class='ocrx_word' id='word_1_54' title='bbox 229 2222 293 2287; x_wconf 81' lang='lat' dir='ltr'><strong>que</strong></span> <span class='ocrx_word' id='word_1_55' title='bbox 315 2224 386 2276; x_wconf 92' lang='lat' dir='ltr'><strong>rex,</strong></span> <span class='ocrx_word' id='word_1_56' title='bbox 417 2200 561 2266; x_wconf 90' lang='lat' dir='ltr'><strong>omnihus</strong></span> <span class='ocrx_word' id='word_1_57' title='bbox 583 2202 696 2266; x_wconf 76' lang='lat' dir='ltr'><strong>Christi</strong></span> <span class='ocrx_word' id='word_1_58' title='bbox 720 2202 866 2267; x_wconf 83' lang='lat' dir='ltr'><strong>fidelihus</strong></span> <span class='ocrx_word' id='word_1_59' title='bbox 887 2213 1051 2285; x_wconf 83' lang='lat' dir='ltr'><strong>presentes</strong></span> <span class='ocrx_word' id='word_1_60' title='bbox 1074 2205 1260 2287; x_wconf 83' lang='lat' dir='ltr'><strong>inspecturis</strong></span> 
     </span>
     <span class='ocr_line' id='line_1_12' title="bbox 228 2300 684 2380; baseline -0.002 -1"><span class='ocrx_word' id='word_1_61' title='bbox 228 2300 362 2380; x_wconf 75' lang='lat' dir='ltr'><strong>salutem</strong></span> <span class='ocrx_word' id='word_1_62' title='bbox 377 2317 409 2378; x_wconf 90' lang='lat' dir='ltr'><strong>in</strong></span> <span class='ocrx_word' id='word_1_63' title='bbox 425 2323 552 2378; x_wconf 87' lang='lat' dir='ltr'><strong>auctore</strong></span> <span class='ocrx_word' id='word_1_64' title='bbox 567 2314 684 2378; x_wconf 86' lang='lat' dir='ltr'><strong>salutis.</strong></span> 
     </span>
    </p>
   </div>
   <div class='ocr_carea' id='block_1_7' title="bbox 225 2402 1259 3065">
    <p class='ocr_par' dir='ltr' id='par_1_7' title="bbox 225 2402 1259 3065">
     <span class='ocr_line' id='line_1_13' title="bbox 310 2402 1258 2510; baseline 0.001 -21"><span class='ocrx_word' id='word_1_65' title='bbox 310 2427 423 2490; x_wconf 81' lang='lat' dir='ltr'><strong>Diniae</strong></span> <span class='ocrx_word' id='word_1_66' title='bbox 440 2425 630 2488; x_wconf 90' lang='lat' dir='ltr'><strong>uisitaciouis</strong></span> <span class='ocrx_word' id='word_1_67' title='bbox 646 2427 824 2501; x_wconf 80' lang='lat' dir='ltr'><strong>exordium,</strong></span> <span class='ocrx_word' id='word_1_68' title='bbox 847 2402 986 2510; x_wconf 64' lang='lat' dir='ltr'><strong>cunnos</strong></span> <span class='ocrx_word' id='word_1_69' title='bbox 1001 2428 1146 2489; x_wconf 86' lang='lat' dir='ltr'><strong>domiuus</strong></span> <span class='ocrx_word' id='word_1_70' title='bbox 1162 2449 1258 2490; x_wconf 88' lang='lat' dir='ltr'><strong>uerus</strong></span> 
     </span>
     <span class='ocr_line' id='line_1_14' title="bbox 228 2535 1259 2620; baseline 0.002 -22"><span class='ocrx_word' id='word_1_71' title='bbox 228 2535 332 2600; x_wconf 80' lang='lat' dir='ltr'><strong>oriens</strong></span> <span class='ocrx_word' id='word_1_72' title='bbox 347 2537 483 2600; x_wconf 83' lang='lat' dir='ltr'><strong>uisitauit</strong></span> <span class='ocrx_word' id='word_1_73' title='bbox 497 2557 536 2601; x_wconf 86' lang='lat' dir='ltr'><strong>ex</strong></span> <span class='ocrx_word' id='word_1_74' title='bbox 549 2537 622 2610; x_wconf 90' lang='lat' dir='ltr'><strong>alto,</strong></span> <span class='ocrx_word' id='word_1_75' title='bbox 636 2557 700 2620; x_wconf 86' lang='lat' dir='ltr'><strong>quo</strong></span> <span class='ocrx_word' id='word_1_76' title='bbox 711 2546 817 2600; x_wconf 84' lang='lat' dir='ltr'><strong>sancte</strong></span> <span class='ocrx_word' id='word_1_77' title='bbox 830 2537 936 2599; x_wconf 87' lang='lat' dir='ltr'><strong>matris</strong></span> <span class='ocrx_word' id='word_1_78' title='bbox 949 2537 1124 2600; x_wconf 87' lang='lat' dir='ltr'><strong>uisceribns</strong></span> <span class='ocrx_word' id='word_1_79' title='bbox 1137 2539 1259 2600; x_wconf 89' lang='lat' dir='ltr'><strong>adnua-</strong></span> 
     </span>
     <span class='ocr_line' id='line_1_15' title="bbox 227 2647 1256 2731; baseline 0.002 -22"><span class='ocrx_word' id='word_1_80' title='bbox 227 2667 297 2709; x_wconf 89' lang='lat' dir='ltr'><strong>mur</strong></span> <span class='ocrx_word' id='word_1_81' title='bbox 312 2647 427 2710; x_wconf 90' lang='lat' dir='ltr'><strong>lumiue</strong></span> <span class='ocrx_word' id='word_1_82' title='bbox 443 2647 594 2711; x_wconf 83' lang='lat' dir='ltr'><strong>catholice</strong></span> <span class='ocrx_word' id='word_1_83' title='bbox 609 2647 682 2710; x_wconf 89' lang='lat' dir='ltr'><strong>fidei</strong></span> <span class='ocrx_word' id='word_1_84' title='bbox 700 2648 860 2722; x_wconf 88' lang='lat' dir='ltr'><strong>illustrati,</strong></span> <span class='ocrx_word' id='word_1_85' title='bbox 883 2649 914 2710; x_wconf 92' lang='lat' dir='ltr'><strong>in</strong></span> <span class='ocrx_word' id='word_1_86' title='bbox 931 2649 1129 2731; x_wconf 76' lang='lat' dir='ltr'><strong>progenitore</strong></span> <span class='ocrx_word' id='word_1_87' title='bbox 1146 2659 1256 2711; x_wconf 89' lang='lat' dir='ltr'><strong>nostro</strong></span> 
     </span>
     <span class='ocr_line' id='line_1_16' title="bbox 226 2758 1256 2841; baseline 0.003 -21"><span class='ocrx_word' id='word_1_88' title='bbox 226 2767 334 2820; x_wconf 83' lang='lat' dir='ltr'><strong>sancto</strong></span> <span class='ocrx_word' id='word_1_89' title='bbox 357 2778 430 2841; x_wconf 91' lang='lat' dir='ltr'><strong>rege</strong></span> <span class='ocrx_word' id='word_1_90' title='bbox 446 2758 615 2840; x_wconf 85' lang='lat' dir='ltr'><strong>Stephano,</strong></span> <span class='ocrx_word' id='word_1_91' title='bbox 638 2780 655 2821; x_wconf 92' lang='lat' dir='ltr'><strong>a</strong></span> <span class='ocrx_word' id='word_1_92' title='bbox 675 2768 871 2822; x_wconf 83' lang='lat' dir='ltr'><strong>sacrosancta</strong></span> <span class='ocrx_word' id='word_1_93' title='bbox 897 2781 1024 2823; x_wconf 88' lang='lat' dir='ltr'><strong>romana</strong></span> <span class='ocrx_word' id='word_1_94' title='bbox 1048 2759 1180 2823; x_wconf 83' lang='lat' dir='ltr'><strong>ecclesia</strong></span> <span class='ocrx_word' id='word_1_95' title='bbox 1206 2782 1256 2823; x_wconf 89' lang='lat' dir='ltr'><strong>re-</strong></span> 
     </span>
     <span class='ocr_line' id='line_1_17' title="bbox 225 2870 1256 2955; baseline 0.003 -23"><span class='ocrx_word' id='word_1_96' title='bbox 225 2871 443 2952; x_wconf 80' lang='lat' dir='ltr'><strong>cognoscimus</strong></span> <span class='ocrx_word' id='word_1_97' title='bbox 465 2878 498 2933; x_wconf 82' lang='lat' dir='ltr'><strong>ut</strong></span> <span class='ocrx_word' id='word_1_98' title='bbox 520 2870 679 2933; x_wconf 87' lang='lat' dir='ltr'><strong>dehemus.</strong></span> <span class='ocrx_word' id='word_1_99' title='bbox 712 2872 743 2934; x_wconf 92' lang='lat' dir='ltr'><strong>in</strong></span> <span class='ocrx_word' id='word_1_100' title='bbox 767 2872 837 2955; x_wconf 92' lang='lat' dir='ltr'><strong>ipso</strong></span> <span class='ocrx_word' id='word_1_101' title='bbox 861 2873 942 2934; x_wconf 86' lang='lat' dir='ltr'><strong>euim</strong></span> <span class='ocrx_word' id='word_1_102' title='bbox 966 2873 1142 2935; x_wconf 79' lang='lat' dir='ltr'><strong>orthodoxe</strong></span> <span class='ocrx_word' id='word_1_103' title='bbox 1167 2874 1256 2945; x_wconf 86' lang='lat' dir='ltr'><strong>lidei,</strong></span> 
     </span>
     <span class='ocr_line' id='line_1_18' title="bbox 225 2980 1254 3065; baseline 0.002 -21"><span class='ocrx_word' id='word_1_104' title='bbox 225 2980 332 3045; x_wconf 92' lang='lat' dir='ltr'><strong>diuina</strong></span> <span class='ocrx_word' id='word_1_105' title='bbox 347 2980 472 3046; x_wconf 85' lang='lat' dir='ltr'><strong>aillante</strong></span> <span class='ocrx_word' id='word_1_106' title='bbox 488 2982 658 3046; x_wconf 90' lang='lat' dir='ltr'><strong>clemencia</strong></span> <span class='ocrx_word' id='word_1_107' title='bbox 678 3003 801 3047; x_wconf 89' lang='lat' dir='ltr'><strong>sacrum</strong></span> <span class='ocrx_word' id='word_1_108' title='bbox 821 2982 976 3046; x_wconf 85' lang='lat' dir='ltr'><strong>redoleuit</strong></span> <span class='ocrx_word' id='word_1_109' title='bbox 992 2993 1202 3065; x_wconf 85' lang='lat' dir='ltr'><strong>unguentum,</strong></span> <span class='ocrx_word' id='word_1_110' title='bbox 1222 2984 1254 3046; x_wconf 90' lang='lat' dir='ltr'><strong>iu</strong></span> 
     </span>
    </p>
   </div>
   <div class='ocr_carea' id='block_1_8' title="bbox 221 3093 1256 4298">
    <p class='ocr_par' dir='ltr' id='par_1_8' title="bbox 221 3093 1256 4298">
     <span class='ocr_line' id='line_1_19' title="bbox 225 3093 1255 3181; baseline 0.001 -23"><span class='ocrx_word' id='word_1_111' title='bbox 225 3093 306 3178; x_wconf 91' lang='lat' dir='ltr'><strong>ipso,</strong></span> <span class='ocrx_word' id='word_1_112' title='bbox 328 3094 486 3158; x_wconf 88' lang='lat' dir='ltr'><strong>alludione</strong></span> <span class='ocrx_word' id='word_1_113' title='bbox 508 3094 631 3159; x_wconf 86' lang='lat' dir='ltr'><strong>celestis</strong></span> <span class='ocrx_word' id='word_1_114' title='bbox 653 3096 756 3181; x_wconf 82' lang='lat' dir='ltr'><strong>gracie</strong></span> <span class='ocrx_word' id='word_1_115' title='bbox 779 3095 967 3179; x_wconf 86' lang='lat' dir='ltr'><strong>pullulante,</strong></span> <span class='ocrx_word' id='word_1_116' title='bbox 989 3117 1051 3160; x_wconf 87' lang='lat' dir='ltr'><strong>nna</strong></span> <span class='ocrx_word' id='word_1_117' title='bbox 1074 3118 1143 3159; x_wconf 89' lang='lat' dir='ltr'><strong>cum</strong></span> <span class='ocrx_word' id='word_1_118' title='bbox 1168 3118 1255 3159; x_wconf 87' lang='lat' dir='ltr'><strong>sere·</strong></span> 
     </span>
     <span class='ocr_line' id='line_1_20' title="bbox 226 3205 1256 3293; baseline -0.003 -21"><span class='ocrx_word' id='word_1_119' title='bbox 226 3207 361 3272; x_wconf 88' lang='lat' dir='ltr'><strong>nissimis</strong></span> <span class='ocrx_word' id='word_1_120' title='bbox 381 3208 508 3293; x_wconf 84' lang='lat' dir='ltr'><strong>regibus</strong></span> <span class='ocrx_word' id='word_1_121' title='bbox 532 3206 689 3290; x_wconf 86' lang='lat' dir='ltr'><strong>liungaric</strong></span> <span class='ocrx_word' id='word_1_122' title='bbox 710 3205 795 3269; x_wconf 87' lang='lat' dir='ltr'><strong>claro</strong></span> <span class='ocrx_word' id='word_1_123' title='bbox 816 3205 957 3289; x_wconf 87' lang='lat' dir='ltr'><strong>germine</strong></span> <span class='ocrx_word' id='word_1_124' title='bbox 980 3206 1256 3281; x_wconf 81' lang='lat' dir='ltr'><strong>descendentibus,</strong></span> 
     </span>
     <span class='ocr_line' id='line_1_21' title="bbox 226 3312 1256 3405; baseline -0.001 -23"><span class='ocrx_word' id='word_1_125' title='bbox 226 3312 266 3385; x_wconf 87' lang='lat' dir='ltr'><strong>ab</strong></span> <span class='ocrx_word' id='word_1_126' title='bbox 280 3320 392 3383; x_wconf 89' lang='lat' dir='ltr'><strong>eadem</strong></span> <span class='ocrx_word' id='word_1_127' title='bbox 407 3318 495 3405; x_wconf 89' lang='lat' dir='ltr'><strong>regni</strong></span> <span class='ocrx_word' id='word_1_128' title='bbox 511 3318 756 3404; x_wconf 82' lang='lat' dir='ltr'><strong>gubernaculum</strong></span> <span class='ocrx_word' id='word_1_129' title='bbox 775 3317 968 3399; x_wconf 84' lang='lat' dir='ltr'><strong>suscepimus</strong></span> <span class='ocrx_word' id='word_1_130' title='bbox 985 3328 1015 3381; x_wconf 89' lang='lat' dir='ltr'><strong>ct</strong></span> <span class='ocrx_word' id='word_1_131' title='bbox 1030 3338 1194 3392; x_wconf 91' lang='lat' dir='ltr'><strong>coronam,</strong></span> <span class='ocrx_word' id='word_1_132' title='bbox 1223 3329 1256 3381; x_wconf 88' lang='lat' dir='ltr'><strong>et</strong></span> 
     </span>
     <span class='ocr_line' id='line_1_22' title="bbox 226 3430 1255 3514; baseline -0.002 -21"><span class='ocrx_word' id='word_1_133' title='bbox 226 3438 260 3494; x_wconf 90' lang='lat' dir='ltr'><strong>ut</strong></span> <span class='ocrx_word' id='word_1_134' title='bbox 279 3431 486 3514; x_wconf 85' lang='lat' dir='ltr'><strong>principatum</strong></span> <span class='ocrx_word' id='word_1_135' title='bbox 506 3432 579 3496; x_wconf 89' lang='lat' dir='ltr'><strong>lidei</strong></span> <span class='ocrx_word' id='word_1_136' title='bbox 602 3433 633 3494; x_wconf 90' lang='lat' dir='ltr'><strong>in</strong></span> <span class='ocrx_word' id='word_1_137' title='bbox 653 3439 850 3496; x_wconf 86' lang='lat' dir='ltr'><strong>sacrosancta</strong></span> <span class='ocrx_word' id='word_1_138' title='bbox 872 3451 1002 3493; x_wconf 92' lang='lat' dir='ltr'><strong>romana</strong></span> <span class='ocrx_word' id='word_1_139' title='bbox 1024 3430 1158 3494; x_wconf 85' lang='lat' dir='ltr'><strong>ecclesia</strong></span> <span class='ocrx_word' id='word_1_140' title='bbox 1178 3451 1255 3492; x_wconf 90' lang='lat' dir='ltr'><strong>con·</strong></span> 
     </span>
     <span class='ocr_line' id='line_1_23' title="bbox 224 3538 1254 3626; baseline -0.002 -20"><span class='ocrx_word' id='word_1_141' title='bbox 224 3538 353 3618; x_wconf 84' lang='lat' dir='ltr'><strong>sistere,</strong></span> <span class='ocrx_word' id='word_1_142' title='bbox 382 3543 578 3626; x_wconf 85' lang='lat' dir='ltr'><strong>eandemque</strong></span> <span class='ocrx_word' id='word_1_143' title='bbox 593 3543 708 3606; x_wconf 85' lang='lat' dir='ltr'><strong>Christi</strong></span> <span class='ocrx_word' id='word_1_144' title='bbox 732 3542 901 3607; x_wconf 85' lang='lat' dir='ltr'><strong>thalamum</strong></span> <span class='ocrx_word' id='word_1_145' title='bbox 926 3551 957 3605; x_wconf 84' lang='lat' dir='ltr'><strong>et</strong></span> <span class='ocrx_word' id='word_1_146' title='bbox 971 3542 1127 3605; x_wconf 84' lang='lat' dir='ltr'><strong>Trinitatis</strong></span> <span class='ocrx_word' id='word_1_147' title='bbox 1147 3541 1254 3624; x_wconf 87' lang='lat' dir='ltr'><strong>hospi·</strong></span> 
     </span>
     <span class='ocr_line' id='line_1_24' title="bbox 225 3652 1254 3728; baseline 0.003 -15"><span class='ocrx_word' id='word_1_148' title='bbox 225 3652 306 3713; x_wconf 88' lang='lat' dir='ltr'><strong>cium</strong></span> <span class='ocrx_word' id='word_1_149' title='bbox 318 3654 512 3717; x_wconf 83' lang='lat' dir='ltr'><strong>luculencius</strong></span> <span class='ocrx_word' id='word_1_150' title='bbox 524 3656 763 3728; x_wconf 87' lang='lat' dir='ltr'><strong>demonstraret,</strong></span> <span class='ocrx_word' id='word_1_151' title='bbox 779 3675 841 3716; x_wconf 93' lang='lat' dir='ltr'><strong>non</strong></span> <span class='ocrx_word' id='word_1_152' title='bbox 857 3674 873 3716; x_wconf 89' lang='lat' dir='ltr'><strong>a</strong></span> <span class='ocrx_word' id='word_1_153' title='bbox 889 3675 923 3717; x_wconf 87' lang='lat' dir='ltr'><strong>se</strong></span> <span class='ocrx_word' id='word_1_154' title='bbox 939 3653 990 3716; x_wconf 90' lang='lat' dir='ltr'><strong>uel</strong></span> <span class='ocrx_word' id='word_1_155' title='bbox 1005 3655 1044 3715; x_wconf 92' lang='lat' dir='ltr'><strong>ab</strong></span> <span class='ocrx_word' id='word_1_156' title='bbox 1056 3653 1127 3728; x_wconf 88' lang='lat' dir='ltr'><strong>alio,</strong></span> <span class='ocrx_word' id='word_1_157' title='bbox 1141 3654 1197 3715; x_wconf 87' lang='lat' dir='ltr'><strong>sed</strong></span> <span class='ocrx_word' id='word_1_158' title='bbox 1213 3655 1254 3716; x_wconf 90' lang='lat' dir='ltr'><strong>ah</strong></span> 
     </span>
     <span class='ocr_line' id='line_1_25' title="bbox 224 3761 1254 3848; baseline 0.001 -23"><span class='ocrx_word' id='word_1_159' title='bbox 224 3761 335 3825; x_wconf 87' lang='lat' dir='ltr'><strong>cadem</strong></span> <span class='ocrx_word' id='word_1_160' title='bbox 351 3764 484 3827; x_wconf 87' lang='lat' dir='ltr'><strong>ecelesia</strong></span> <span class='ocrx_word' id='word_1_161' title='bbox 500 3787 627 3829; x_wconf 90' lang='lat' dir='ltr'><strong>romana</strong></span> <span class='ocrx_word' id='word_1_162' title='bbox 650 3776 749 3829; x_wconf 89' lang='lat' dir='ltr'><strong>matre</strong></span> <span class='ocrx_word' id='word_1_163' title='bbox 772 3767 908 3828; x_wconf 89' lang='lat' dir='ltr'><strong>omnium</strong></span> <span class='ocrx_word' id='word_1_164' title='bbox 932 3774 964 3829; x_wconf 90' lang='lat' dir='ltr'><strong>et</strong></span> <span class='ocrx_word' id='word_1_165' title='bbox 978 3766 1141 3848; x_wconf 87' lang='lat' dir='ltr'><strong>magistra,</strong></span> <span class='ocrx_word' id='word_1_166' title='bbox 1163 3766 1254 3848; x_wconf 88' lang='lat' dir='ltr'><strong>regni</strong></span> 
     </span>
     <span class='ocr_line' id='line_1_26' title="bbox 223 3870 1253 3959; baseline 0.004 -23"><span class='ocrx_word' id='word_1_167' title='bbox 223 3870 368 3936; x_wconf 87' lang='lat' dir='ltr'><strong>diadema</strong></span> <span class='ocrx_word' id='word_1_168' title='bbox 383 3874 582 3940; x_wconf 86' lang='lat' dir='ltr'><strong>reuelacione</strong></span> <span class='ocrx_word' id='word_1_169' title='bbox 598 3878 703 3941; x_wconf 90' lang='lat' dir='ltr'><strong>diuina</strong></span> <span class='ocrx_word' id='word_1_170' title='bbox 718 3880 833 3941; x_wconf 91' lang='lat' dir='ltr'><strong>meruit</strong></span> <span class='ocrx_word' id='word_1_171' title='bbox 848 3878 1000 3953; x_wconf 88' lang='lat' dir='ltr'><strong>ohtinere,</strong></span> <span class='ocrx_word' id='word_1_172' title='bbox 1016 3886 1049 3941; x_wconf 90' lang='lat' dir='ltr'><strong>nt</strong></span> <span class='ocrx_word' id='word_1_173' title='bbox 1059 3878 1099 3940; x_wconf 90' lang='lat' dir='ltr'><strong>ah</strong></span> <span class='ocrx_word' id='word_1_174' title='bbox 1110 3896 1147 3939; x_wconf 89' lang='lat' dir='ltr'><strong>ea</strong></span> <span class='ocrx_word' id='word_1_175' title='bbox 1160 3877 1253 3959; x_wconf 91' lang='lat' dir='ltr'><strong>quasi</strong></span> 
     </span>
     <span class='ocr_line' id='line_1_27' title="bbox 222 3986 1254 4073; baseline 0.005 -26"><span class='ocrx_word' id='word_1_176' title='bbox 222 3986 358 4069; x_wconf 84' lang='lat' dir='ltr'><strong>quodam</strong></span> <span class='ocrx_word' id='word_1_177' title='bbox 374 3987 477 4068; x_wconf 85' lang='lat' dir='ltr'><strong>capite</strong></span> <span class='ocrx_word' id='word_1_178' title='bbox 492 3988 672 4070; x_wconf 88' lang='lat' dir='ltr'><strong>principali,</strong></span> <span class='ocrx_word' id='word_1_179' title='bbox 693 3990 776 4054; x_wconf 89' lang='lat' dir='ltr'><strong>dona</strong></span> <span class='ocrx_word' id='word_1_180' title='bbox 790 4009 848 4054; x_wconf 88' lang='lat' dir='ltr'><strong>sua</strong></span> <span class='ocrx_word' id='word_1_181' title='bbox 864 3990 896 4051; x_wconf 92' lang='lat' dir='ltr'><strong>iu</strong></span> <span class='ocrx_word' id='word_1_182' title='bbox 913 4010 1004 4054; x_wconf 88' lang='lat' dir='ltr'><strong>omne</strong></span> <span class='ocrx_word' id='word_1_183' title='bbox 1020 4009 1134 4073; x_wconf 88' lang='lat' dir='ltr'><strong>corpus</strong></span> <span class='ocrx_word' id='word_1_184' title='bbox 1150 3991 1254 4052; x_wconf 78' lang='lat' dir='ltr'><strong>effun-</strong></span> 
     </span>
     <span class='ocr_line' id='line_1_28' title="bbox 221 4096 1252 4185; baseline 0.001 -21"><span class='ocrx_word' id='word_1_185' title='bbox 221 4097 312 4164; x_wconf 87' lang='lat' dir='ltr'><strong>deret</strong></span> <span class='ocrx_word' id='word_1_186' title='bbox 325 4096 379 4163; x_wconf 80' lang='lat' dir='ltr'><strong>lux</strong></span> <span class='ocrx_word' id='word_1_187' title='bbox 393 4096 509 4173; x_wconf 87' lang='lat' dir='ltr'><strong>diuina,</strong></span> <span class='ocrx_word' id='word_1_188' title='bbox 531 4109 562 4163; x_wconf 89' lang='lat' dir='ltr'><strong>et</strong></span> <span class='ocrx_word' id='word_1_189' title='bbox 576 4110 732 4167; x_wconf 80' lang='lat' dir='ltr'><strong>exsortem</strong></span> <span class='ocrx_word' id='word_1_190' title='bbox 749 4123 783 4166; x_wconf 87' lang='lat' dir='ltr'><strong>se</strong></span> <span class='ocrx_word' id='word_1_191' title='bbox 799 4100 961 4165; x_wconf 84' lang='lat' dir='ltr'><strong>ministerii</strong></span> <span class='ocrx_word' id='word_1_192' title='bbox 975 4100 1164 4185; x_wconf 85' lang='lat' dir='ltr'><strong>intelligeret</strong></span> <span class='ocrx_word' id='word_1_193' title='bbox 1179 4122 1252 4165; x_wconf 88' lang='lat' dir='ltr'><strong>esse</strong></span> 
     </span>
     <span class='ocr_line' id='line_1_29' title="bbox 222 4208 1254 4298; baseline -0.001 -20"><span class='ocrx_word' id='word_1_194' title='bbox 222 4208 336 4287; x_wconf 85' lang='lat' dir='ltr'><strong>diuini,</strong></span> <span class='ocrx_word' id='word_1_195' title='bbox 363 4209 417 4298; x_wconf 84' lang='lat' dir='ltr'><strong>qni</strong></span> <span class='ocrx_word' id='word_1_196' title='bbox 437 4210 553 4277; x_wconf 79' lang='lat' dir='ltr'><strong>al’etri</strong></span> <span class='ocrx_word' id='word_1_197' title='bbox 572 4209 730 4278; x_wconf 86' lang='lat' dir='ltr'><strong>soliditate</strong></span> <span class='ocrx_word' id='word_1_198' title='bbox 751 4212 916 4279; x_wconf 82' lang='lat' dir='ltr'><strong>recederet</strong></span> <span class='ocrx_word' id='word_1_199' title='bbox 933 4212 1100 4278; x_wconf 86' lang='lat' dir='ltr'><strong>deuiando.</strong></span> <span class='ocrx_word' id='word_1_200' title='bbox 1132 4220 1163 4277; x_wconf 88' lang='lat' dir='ltr'><strong>et</strong></span> <span class='ocrx_word' id='word_1_201' title='bbox 1177 4211 1254 4298; x_wconf 84' lang='lat' dir='ltr'><strong>quia</strong></span> 
     </span>
    </p>
   </div>
   <div class='ocr_carea' id='block_1_9' title="bbox 0 0 1404 4764">
    <p class='ocr_par' dir='ltr' id='par_1_9' title="bbox 0 0 1404 4764">
     <span class='ocr_line' id='line_1_30' title="bbox 0 0 1404 4764; baseline 0 4"><span class='ocrx_word' id='word_1_202' title='bbox 0 0 1404 4764; x_wconf 95' lang='lat' dir='ltr'><strong> </strong></span> 
     </span>
    </p>
   </div>
  </div>
 </body>
</html>
