2798 4764
236 329 299 394 tte
341 340 430 393 mn
443 344 486 393 rr.
497 343 589 395 uere
601 342 753 391 nunnrne
766 344 923 391 noerrrnu
936 344 978 390 nr
993 341 1149 389 nnn.
1175 325 1268 390 1ss

320 496 365 582 (1)
387 499 425 562 Ut
437 497 576 562 uillicum
589 497 671 561 inter
684 516 718 560 se
734 497 851 580 eligant
865 497 904 560 de
919 495 1077 559 communi
1092 495 1266 570 uoinntnte,

239 612 293 695 qui
308 630 418 674 omnes
432 629 542 673 causes
558 610 731 673 eorundem
747 609 894 673 decidere
909 608 1041 681 debent,
1062 608 1186 670 iusticia
1201 628 1266 670 me·

239 723 361 795 dinnte,
386 721 526 803 exceptis
546 720 735 803 quibusdam
753 719 865 794 canem,
893 719 968 782 furti
987 718 1152 791 uidelicet,
1181 719 1267 782 deci·

238 852 376 906 nerum,
396 831 557 913 sanguinis
572 839 604 894 et
623 839 766 904 monete,
787 849 867 913 ques
881 830 978 892 iudex
993 836 1101 891 noster
1114 848 1172 910 pro
1187 838 1267 892 tem·

239 962 316 1027 pore
332 942 518 1007 constitutus
532 939 681 1004 indicabit
694 947 727 1003 et
741 939 880 1014 decidet,
895 949 927 1004 et
940 939 1068 1002 terciam
1084 948 1204 1021 partem
1218 939 1267 1002 in-

237 1054 311 1121 dicii
324 1053 453 1119 hebebit
465 1051 600 1126 uillicns,
614 1051 692 1115 dure
706 1069 784 1115 nero
800 1058 904 1132 partes
919 1050 1015 1113 index
1030 1060 1138 1114 noster
1150 1050 1210 1112 sibi
1225 1052 1266 1113 de

237 1164 306 1228 iure
321 1163 509 1227 uendicobit.

321 1273 367 1357 (i)
388 1275 466 1338 Item
480 1273 696 1336 ordinnnimue
719 1281 752 1336 ut
765 1272 855 1335 nobis
869 1293 928 1356 pro
943 1293 1040 1335 censu
1055 1292 1112 1336 eeu
1128 1272 1265 1353 terragio

238 1386 369 1469 cingulis
390 1385 479 1449 annis
503 1385 613 1468 uiginti
635 1403 756 1447 merces
780 1384 905 1449 eoinere
928 1392 1105 1449 teneantur.
1133 1404 1267 1468 quornm

240 1499 317 1565 dms
331 1505 438 1581 partes
462 1497 588 1561 soluent
607 1496 640 1558 in
654 1503 785 1580 argento
799 1494 888 1570 deco,
909 1497 1036 1560 terciam
1053 1517 1130 1560 uero
1145 1505 1266 1578 partem

239 1610 271 1675 in
285 1608 432 1682 denariis,
452 1608 532 1672 nient
546 1607 599 1671 clii
615 1607 756 1697 hospites
777 1608 875 1671 nostri
889 1608 1029 1672 Saxones
1050 1609 1176 1672 eoinerc
1190 1627 1268 1671 con-

237 1728 419 1786 euenerunt.
445 1721 534 1783 cuine
557 1719 685 1802 quidem
710 1720 843 1804 pecunie
866 1720 1067 1784 medietatem
1092 1720 1218 1784 enident
1234 1721 1267 1784 in

239 1832 323 1897 tecto
336 1852 363 1895 e.
373 1830 517 1914 Georgii,
538 1839 571 1894 et
584 1829 676 1894 eliam
697 1831 898 1896 medietatem
918 1832 951 1895 in
966 1831 1045 1895 ferto
1059 1853 1085 1895 s.
1096 1832 1268 1896 Michaelis„

323 1940 369 2024 (3)
390 1943 539 2006 Preterea
558 1942 678 2007 eisdem
698 1941 800 2005 iorum
815 1941 948 2038 litterum
968 1942 1060 2006 colito
1074 1963 1163 2007 more
1177 1944 1269 2008 duxi-

239 2073 311 2118 mus
324 2053 574 2117 concedendum.

240 2202 243 2207 -
324 2162 371 2246 (ir)
393 2164 472 2226 item
485 2164 623 2228 decimae
643 2163 768 2229 eoinnnt
788 2163 821 2227 in
839 2163 984 2248 carrociis,
1005 2184 1092 2228 more
1107 2165 1269 2230 Saxonum

239 2275 383 2345 eliorum.

322 2386 370 2472 (ὅ)
392 2387 440 2451 ed
463 2386 524 2453 heo
547 2385 715 2451 ecclesiam
738 2407 811 2451 cum
835 2388 1007 2465 cimeterio,
1036 2399 1188 2472 qnantum
1208 2410 1268 2453 noe

240 2499 410 2585 contingit,
436 2500 620 2564 dimitti-ue
644 2500 690 2564 eis
715 2497 861 2576 liberem,
886 2501 1012 2564 racione
1037 2501 1188 2565 humandi
1210 2522 1269 2567 een

239 2613 412 2696 sepeliendi
426 2619 576 2685 mortuos,
597 2612 861 2693 quemadmodum
885 2621 976 2677 antee
992 2613 1197 2676 dinoscuntur
1211 2614 1270 2676 hn-

240 2725 357 2789 inisse.

323 2833 368 2917 (6)
390 2835 537 2899 Ceterum
560 2836 721 2912 uolumus,
742 2836 829 2918 qnod
848 2804 950 2900 ¹terren
969 2855 1053 2911 enne,
1073 2836 1141 2900 eine
1162 2838 1270 2920 prein-

240 2947 322 3012 dicio
338 2947 415 3010 iuris
428 2947 522 3011 alieni
536 2947 667 3030 pacifice
682 2955 821 3022 teneant,
834 2948 914 3011 siout
928 2947 1079 3012 hactenus
1091 2957 1270 3012 tenuerunt.

322 3061 437 3122 Datum
451 3079 508 3141 per
522 3079 633 3123 menne
647 3059 787 3140 magistri
800 3061 965 3135 Demetrii,
988 3061 1138 3142 prepositi
1152 3059 1269 3124 Alben-

241 3170 298 3246 eie,
327 3171 399 3234 aule
424 3179 530 3235 nostre
555 3169 822 3245 nicecencelierii‚
846 3169 953 3246 dilecti
977 3180 1009 3235 et
1032 3171 1134 3235 tidelis
1159 3173 1269 3235 nostri.

241 3304 325 3349 enno
346 3283 465 3349 domini
487 3282 681 3347 MCCLXIX.
712 3282 802 3373 regni
823 3291 929 3359 entem
951 3283 1049 3349 nostri
1069 3303 1152 3348 anno
1171 3285 1269 3371 trige-

241 3394 321 3458 simo
336 3401 459 3478 quarto.
