2798 4764
402 360 540 415 morsm
560 367 660 413 essm
681 363 888 413 nursinensis
915 344 994 432 (it).
1168 344 1211 411 8¹7

184 523 285 595 Tusu,
305 521 425 583 Bulsuu
444 520 527 584 iilius
548 523 661 604 Bogat,
682 521 806 584 Butuud
823 520 905 584 filius
925 519 1058 603 Culpun.
1089 521 1144 602 qui
1159 539 1211 582 au·

183 643 276 716 cepta
290 634 456 697 licenciati
471 635 551 697 duce
566 635 673 716 Arpad
688 635 876 716 equitantes,
896 634 1213 716 transnauigauerunt

182 747 361 810 Danubium
383 745 470 809 nulio
494 748 745 821 contradicente,
776 747 809 808 iu
829 747 900 809 loco
921 747 975 809 ubi
997 747 1111 809 fluuius
1125 749 1212 810 Zoua

180 859 348 922 deseendit
360 859 393 920 in
405 859 598 931 Danubium,
614 867 646 921 et
658 859 732 922 iude
747 859 885 940 egressi,
900 866 1009 920 contra
1019 858 1129 921 Albam
1138 855 1211 921 Bul-

181 974 269 1055 garie
284 973 446 1034 ciuitatem
468 972 611 1053 equitare
626 979 789 1053 ceperunt.
820 979 895 1033 tunc
911 971 974 1032 dux
987 970 1211 1053 Buigarorum,

180 1084 436 1166 consanguineus
448 1083 552 1146 Salaui
564 1084 663 1158 ducis,
675 1104 746 1146 cum
758 1103 873 1166 magno
883 1084 1025 1146 exercitu
1036 1089 1145 1145 contra
1156 1103 1210 1147 eos

180 1204 379 1280 pugnaturus
391 1214 461 1257 curn
476 1196 631 1258 adiutorio
642 1194 815 1258 Grecorum
826 1195 969 1259 accessit.
990 1195 1097 1258 Altera
1108 1203 1213 1258 autem

183 1310 235 1372 die
249 1309 396 1371 ordinate
411 1316 484 1370 sunt
497 1313 633 1389 utraque
647 1308 731 1370 acies
744 1308 778 1369 in
792 1327 916 1389 campo,
937 1309 1023 1370 iuxta
1037 1307 1138 1389 ripam
1152 1307 1213 1370 Da·

187 1421 269 1482 nnbii
284 1421 389 1483 statim
404 1419 482 1482 Lelu
496 1419 579 1481 sriius
596 1421 695 1493 Tosu,
722 1418 847 1483 eleuato
863 1419 977 1482 uexillo
991 1420 1040 1482 sui
1054 1419 1154 1501 signi,
1182 1427 1214 1482 et

191 1532 301 1595 Bulsuu
314 1532 399 1594 filius
413 1533 530 1614 Bogat,
552 1532 643 1594 tubas
657 1531 787 1593 bellicas
804 1533 956 1606 sonando,
977 1530 1145 1613 pugnaturi
1160 1549 1212 1593 ac·

188 1653 364 1717 cesserunt,
385 1653 417 1707 et
439 1646 606 1707 commiste
629 1653 701 1706 suut
721 1664 779 1725 per
794 1653 900 1727 partes
921 1663 1031 1706 manus
1047 1644 1211 1726 utriusque

183 1754 296 1830 bustis,
318 1764 351 1818 et
374 1763 529 1838 ceperunt
548 1776 691 1838 pugnare
712 1757 841 1819 interce
857 1757 985 1829 acriter,
1008 1765 1041 1820 et
1052 1757 1210 1821 interfecti

183 1875 255 1930 sunt
277 1869 318 1930 de
334 1867 443 1929 Grecis
468 1877 501 1930 et
514 1866 667 1949 Bulgariis
690 1867 833 1949 plunimi,
855 1869 1025 1950 etquidem
1041 1870 1124 1952 capti
1138 1878 1212 1936 sunt

183 1981 291 2043 exeis.
320 1980 437 2041 Uidens
460 2000 536 2061 ergo
559 1979 623 2042 dux
637 1978 782 2062 Bulgarie
805 2000 879 2044 suos
903 1981 1040 2045 deficere
1062 1983 1209 2058 inbelle,

182 2092 257 2175 iga
269 2092 388 2174 lapsus,
410 2111 468 2173 pro
488 2091 674 2154 defensioue
697 2093 760 2156 uite
777 2092 886 2155 Albam
909 2095 1068 2158 ciuitatem
1089 2095 1210 2179 ingres·

182 2226 237 2269 sus
249 2213 312 2268 est.
333 2213 407 2266 tuuc
422 2203 499 2266 Leiu
514 2205 632 2266 Buisuu
654 2224 713 2268 uec
732 2224 797 2268 non
811 2206 934 2268 Botond
948 2208 1063 2288 adepta
1077 2208 1210 2271 uictoria

182 2327 285 2380 castra
296 2319 404 2380 metati
415 2326 487 2405 sunt
497 2318 583 2379 iuxta
592 2317 902 2400 Danubium,parum
910 2319 1042 2383 inferius
1050 2319 1082 2381 in
1090 2339 1213 2402 campo,

182 2438 213 2493 et
229 2448 340 2492 omnes
360 2430 502 2511 captiuos
517 2429 723 2510 Bulgarorum
746 2439 778 2492 et
797 2431 971 2492 Grecorum
991 2441 1064 2495 ante
1082 2451 1116 2495 se
1138 2433 1211 2495 duci

180 2541 336 2614 iecerunt,
351 2560 429 2624 quos
443 2541 527 2605 ferro
540 2540 654 2623 ligatos
668 2540 741 2603 duci
754 2541 860 2622 Arpad
874 2541 1063 2606 remiserunt
1077 2544 1109 2607 iu
1121 2542 1210 2607 Hun-
1284 2536 1287 2543 ’

183 2673 316 2737 garram.

267 2877 333 2961 (it)
361 2881 406 2944 De
428 2884 540 2944 nuntiis
560 2882 642 2944 duria
661 2883 812 2963 Butpcrie.
859 2883 1006 2946 Secundo
1027 2890 1133 2948 autem
1156 2884 1208 2948 die

186 2989 248 3054 dux
271 2991 417 3075 Buigaric
441 2993 525 3055 misit
545 2994 677 3056 nuncios
701 3014 776 3058 suos
802 3015 873 3056 cum
896 2995 1030 3058 diuersis
1055 2997 1146 3059 donis
1169 2998 1210 3059 ad

185 3103 263 3168 Lelu
278 3115 309 3170 et
324 3104 442 3168 Bulsuu
457 3113 550 3187 atque
567 3105 705 3179 Betond‚
726 3115 758 3168 et
772 3106 946 3188 deprecans
961 3128 1016 3171 eos
1031 3117 1066 3171 ut
1080 3111 1148 3190 paci
1162 3109 1209 3172 sa-

185 3225 295 3291 neant,
319 3225 351 3280 et
375 3218 504 3299 insuper
528 3219 705 3292 mandauit,
732 3220 819 3300 quod
844 3227 966 3301 purtem
990 3218 1095 3282 Salani
1120 3221 1208 3284 ducis

186 3328 333 3392 auunculi
348 3329 395 3391 sui
410 3349 473 3391 non
488 3329 628 3404 torreret,
649 3329 706 3391 sed
721 3330 858 3411 Arpadio
873 3330 945 3393 duci
958 3330 1119 3412 Hungarie
1134 3330 1209 3397 sub·

184 3439 308 3522 iugatus
322 3439 457 3503 fideliter
471 3442 619 3513 seruiret,
643 3448 676 3503 et
691 3441 825 3503 annuale
846 3440 982 3522 uectigal
1000 3441 1208 3522 persolueret.
1299 3502 1303 3515 ,
1337 3472 1340 3476 ·

184 3551 230 3614 tm·
254 3573 331 3616 uero
352 3554 421 3635 paci
440 3552 600 3627 fauentes,
629 3553 791 3635 proprium
813 3552 910 3614 fitium
932 3552 1021 3616 ducis
1042 3553 1074 3615 in
1094 3553 1206 3637 pignus

184 3666 387 3747 accipientes,
408 3684 479 3727 cum
494 3664 598 3728 multis
611 3664 702 3727 bouis
716 3664 811 3727 rebus
825 3662 970 3746 Buigarie
987 3665 1207 3742 discesserunt,

183 3784 216 3840 et
230 3777 343 3840 ducem
360 3796 469 3839 eorum
484 3777 606 3839 illesum
624 3777 818 3840 dimiserunt.
844 3776 958 3840 deinde
972 3778 1091 3860 egressi
1105 3799 1206 3861 usque

182 3888 223 3952 ad
246 3897 369 3971 portum
381 3888 480 3952 Wazil
501 3891 642 3964 iuerunt,
670 3898 702 3953 et
717 3889 844 3952 exhinc
859 3891 977 3972 egressi
991 3897 1107 3953 terram
1121 3893 1206 3974 Racy

179 4002 449 4084 subiugaucrunt‚
477 4009 509 4066 et
528 4003 641 4066 ducem
663 4002 730 4065 eius
749 4010 875 4084 captum
895 4003 951 4065 diu
972 4002 1056 4065 ferro
1076 4002 1206 4085 ligatum

180 4118 363 4178 tenuerunt.
390 4113 464 4177 hinc
478 4133 557 4177 uero
572 4114 691 4197 egressi
704 4133 804 4196 usque
824 4114 864 4176 ad
878 4132 965 4177 mare
980 4119 1204 4211 peruenerunt,

176 4232 215 4297 et
228 4243 341 4295 emes
352 4224 436 4294 iilius
452 4225 554 4315 petn'e
568 4225 741 4295 dominatui
752 4225 860 4316 amad
880 4224 970 4294 ducis
983 4224 1204 4312 nuperorum
