<?xml version="1.0" encoding="UTF-8"?>
<!DOCTYPE html PUBLIC "-//W3C//DTD XHTML 1.0 Transitional//EN"
    "http://www.w3.org/TR/xhtml1/DTD/xhtml1-transitional.dtd">
<html xmlns="http://www.w3.org/1999/xhtml" xml:lang="en" lang="en">
 <head>
  <title>
</title>
<meta http-equiv="Content-Type" content="text/html;charset=utf-8" />
  <meta name='ocr-system' content='tesseract 3.04.00' />
  <meta name='ocr-capabilities' content='ocr_page ocr_carea ocr_par ocr_line ocrx_word'/>
</head>
<body>
  <div class='ocr_page' id='page_1' title='image "./rerumhungaricar00endlgoog/rerumhungaricar00endlgoog_0149.png"; bbox 0 0 2798 4764; ppageno 0'>
   <div class='ocr_carea' id='block_1_1' title="bbox 201 285 1166 397">
    <p class='ocr_par' dir='ltr' id='par_1_1' title="bbox 201 285 1166 397">
     <span class='ocr_line' id='line_1_1' title="bbox 201 285 1166 397; baseline 0 -40"><span class='ocrx_word' id='word_1_1' title='bbox 201 295 260 357; x_wconf 78' lang='lat' dir='ltr'><strong>teo</strong></span> <span class='ocrx_word' id='word_1_2' title='bbox 300 313 398 397; x_wconf 71' lang='lat' dir='ltr'><strong>unqu</strong></span> <span class='ocrx_word' id='word_1_3' title='bbox 410 312 550 359; x_wconf 80' lang='lat' dir='ltr'><strong>nerscorr</strong></span> <span class='ocrx_word' id='word_1_4' title='bbox 564 312 638 358; x_wconf 73' lang='lat' dir='ltr'><strong>vrri</strong></span> <span class='ocrx_word' id='word_1_5' title='bbox 653 310 694 357; x_wconf 87' lang='lat' dir='ltr'><strong>ss.</strong></span> <span class='ocrx_word' id='word_1_6' title='bbox 706 310 859 357; x_wconf 76' lang='lat' dir='ltr'><strong>sonuum</strong></span> <span class='ocrx_word' id='word_1_7' title='bbox 873 310 914 355; x_wconf 84' lang='lat' dir='ltr'><strong>rr</strong></span> <span class='ocrx_word' id='word_1_8' title='bbox 928 307 1096 357; x_wconf 68' lang='lat' dir='ltr'><strong>semnion</strong></span> <span class='ocrx_word' id='word_1_9' title='bbox 1107 285 1166 375; x_wconf 67' lang='lat' dir='ltr'><strong>(i).</strong></span> 
     </span>
    </p>
   </div>
   <div class='ocr_carea' id='block_1_2' title="bbox 198 462 1230 3549">
    <p class='ocr_par' dir='ltr' id='par_1_2' title="bbox 198 462 1230 3549">
     <span class='ocr_line' id='line_1_2' title="bbox 199 462 1228 547; baseline -0.003 -19"><span class='ocrx_word' id='word_1_10' title='bbox 199 485 255 529; x_wconf 87' lang='lat' dir='ltr'><strong>nes</strong></span> <span class='ocrx_word' id='word_1_11' title='bbox 278 473 382 527; x_wconf 81' lang='lat' dir='ltr'><strong>acutas</strong></span> <span class='ocrx_word' id='word_1_12' title='bbox 404 485 444 527; x_wconf 85' lang='lat' dir='ltr'><strong>ex</strong></span> <span class='ocrx_word' id='word_1_13' title='bbox 467 465 552 527; x_wconf 93' lang='lat' dir='ltr'><strong>omni</strong></span> <span class='ocrx_word' id='word_1_14' title='bbox 574 473 662 547; x_wconf 83' lang='lat' dir='ltr'><strong>purte</strong></span> <span class='ocrx_word' id='word_1_15' title='bbox 684 462 796 527; x_wconf 84' lang='lat' dir='ltr'><strong>infixit.</strong></span> <span class='ocrx_word' id='word_1_16' title='bbox 824 464 893 546; x_wconf 88' lang='lat' dir='ltr'><strong>ipse</strong></span> <span class='ocrx_word' id='word_1_17' title='bbox 912 483 990 526; x_wconf 90' lang='lat' dir='ltr'><strong>nero</strong></span> <span class='ocrx_word' id='word_1_18' title='bbox 1005 464 1037 526; x_wconf 92' lang='lat' dir='ltr'><strong>iu</strong></span> <span class='ocrx_word' id='word_1_19' title='bbox 1052 471 1162 525; x_wconf 91' lang='lat' dir='ltr'><strong>trunco</strong></span> <span class='ocrx_word' id='word_1_20' title='bbox 1175 482 1228 525; x_wconf 87' lang='lat' dir='ltr'><strong>se·</strong></span> 
     </span>
     <span class='ocr_line' id='line_1_3' title="bbox 200 574 1227 649; baseline -0.003 -9"><span class='ocrx_word' id='word_1_21' title='bbox 200 575 288 649; x_wconf 85' lang='lat' dir='ltr'><strong>dens,</strong></span> <span class='ocrx_word' id='word_1_22' title='bbox 309 576 362 639; x_wconf 82' lang='lat' dir='ltr'><strong>tati</strong></span> <span class='ocrx_word' id='word_1_23' title='bbox 376 576 513 639; x_wconf 87' lang='lat' dir='ltr'><strong>sessorio</strong></span> <span class='ocrx_word' id='word_1_24' title='bbox 529 597 605 639; x_wconf 90' lang='lat' dir='ltr'><strong>usus</strong></span> <span class='ocrx_word' id='word_1_25' title='bbox 619 583 666 639; x_wconf 90' lang='lat' dir='ltr'><strong>est</strong></span> <span class='ocrx_word' id='word_1_26' title='bbox 681 583 805 638; x_wconf 82' lang='lat' dir='ltr'><strong>artuum</strong></span> <span class='ocrx_word' id='word_1_27' title='bbox 821 574 1042 649; x_wconf 83' lang='lat' dir='ltr'><strong>reiterucione‚</strong></span> <span class='ocrx_word' id='word_1_28' title='bbox 1058 581 1092 638; x_wconf 90' lang='lat' dir='ltr'><strong>nt</strong></span> <span class='ocrx_word' id='word_1_29' title='bbox 1104 575 1130 636; x_wconf 85' lang='lat' dir='ltr'><strong>si</strong></span> <span class='ocrx_word' id='word_1_30' title='bbox 1146 574 1227 638; x_wconf 81' lang='lat' dir='ltr'><strong>forte</strong></span> 
     </span>
     <span class='ocr_line' id='line_1_4' title="bbox 199 687 1228 771; baseline -0.002 -20"><span class='ocrx_word' id='word_1_31' title='bbox 199 708 314 770; x_wconf 87' lang='lat' dir='ltr'><strong>corpus</strong></span> <span class='ocrx_word' id='word_1_32' title='bbox 328 709 441 771; x_wconf 88' lang='lat' dir='ltr'><strong>sopore</strong></span> <span class='ocrx_word' id='word_1_33' title='bbox 456 696 633 771; x_wconf 75' lang='lat' dir='ltr'><strong>grauatum,</strong></span> <span class='ocrx_word' id='word_1_34' title='bbox 655 687 905 771; x_wconf 82' lang='lat' dir='ltr'><strong>qualemcunque</strong></span> <span class='ocrx_word' id='word_1_35' title='bbox 923 688 954 750; x_wconf 91' lang='lat' dir='ltr'><strong>iu</strong></span> <span class='ocrx_word' id='word_1_36' title='bbox 970 695 1090 769; x_wconf 81' lang='lat' dir='ltr'><strong>partem</strong></span> <span class='ocrx_word' id='word_1_37' title='bbox 1103 707 1138 750; x_wconf 88' lang='lat' dir='ltr'><strong>se</strong></span> <span class='ocrx_word' id='word_1_38' title='bbox 1152 687 1228 750; x_wconf 86' lang='lat' dir='ltr'><strong>ssec-</strong></span> 
     </span>
     <span class='ocr_line' id='line_1_5' title="bbox 199 798 1228 882; baseline -0.004 -18"><span class='ocrx_word' id='word_1_39' title='bbox 199 809 295 874; x_wconf 87' lang='lat' dir='ltr'><strong>teret‚</strong></span> <span class='ocrx_word' id='word_1_40' title='bbox 317 801 505 862; x_wconf 81' lang='lat' dir='ltr'><strong>arundinum</strong></span> <span class='ocrx_word' id='word_1_41' title='bbox 520 801 586 861; x_wconf 83' lang='lat' dir='ltr'><strong>acie</strong></span> <span class='ocrx_word' id='word_1_42' title='bbox 600 799 773 863; x_wconf 79' lang='lat' dir='ltr'><strong>sauciatum</strong></span> <span class='ocrx_word' id='word_1_43' title='bbox 788 799 925 880; x_wconf 73' lang='lat' dir='ltr'><strong>grauiter</strong></span> <span class='ocrx_word' id='word_1_44' title='bbox 939 798 1115 882; x_wconf 75' lang='lat' dir='ltr'><strong>euigiiuret.</strong></span> <span class='ocrx_word' id='word_1_45' title='bbox 1141 798 1228 861; x_wconf 89' lang='lat' dir='ltr'><strong>insu·</strong></span> 
     </span>
     <span class='ocr_line' id='line_1_6' title="bbox 198 906 1229 994; baseline -0.001 -20"><span class='ocrx_word' id='word_1_46' title='bbox 198 931 258 994; x_wconf 91' lang='lat' dir='ltr'><strong>per</strong></span> <span class='ocrx_word' id='word_1_47' title='bbox 272 918 303 973; x_wconf 85' lang='lat' dir='ltr'><strong>et</strong></span> <span class='ocrx_word' id='word_1_48' title='bbox 317 931 356 974; x_wconf 82' lang='lat' dir='ltr'><strong>ex</strong></span> <span class='ocrx_word' id='word_1_49' title='bbox 369 911 456 993; x_wconf 80' lang='lat' dir='ltr'><strong>ligno</strong></span> <span class='ocrx_word' id='word_1_50' title='bbox 471 906 618 981; x_wconf 79' lang='lat' dir='ltr'><strong>cdronqm</strong></span> <span class='ocrx_word' id='word_1_51' title='bbox 641 909 754 972; x_wconf 81' lang='lat' dir='ltr'><strong>sactum</strong></span> <span class='ocrx_word' id='word_1_52' title='bbox 775 910 867 991; x_wconf 81' lang='lat' dir='ltr'><strong>cupiti</strong></span> <span class='ocrx_word' id='word_1_53' title='bbox 887 929 945 973; x_wconf 90' lang='lat' dir='ltr'><strong>sno</strong></span> <span class='ocrx_word' id='word_1_54' title='bbox 960 909 1229 991; x_wconf 81' lang='lat' dir='ltr'><strong>circumponebst,</strong></span> 
     </span>
     <span class='ocr_line' id='line_1_7' title="bbox 199 1019 1227 1106; baseline -0.001 -20"><span class='ocrx_word' id='word_1_55' title='bbox 199 1023 347 1106; x_wconf 77' lang='lat' dir='ltr'><strong>adquam</strong></span> <span class='ocrx_word' id='word_1_56' title='bbox 364 1023 394 1084; x_wconf 91' lang='lat' dir='ltr'><strong>in</strong></span> <span class='ocrx_word' id='word_1_57' title='bbox 410 1023 549 1105; x_wconf 84' lang='lat' dir='ltr'><strong>partibus</strong></span> <span class='ocrx_word' id='word_1_58' title='bbox 569 1030 705 1104; x_wconf 83' lang='lat' dir='ltr'><strong>quatuor</strong></span> <span class='ocrx_word' id='word_1_59' title='bbox 719 1022 849 1085; x_wconf 83' lang='lat' dir='ltr'><strong>totidem</strong></span> <span class='ocrx_word' id='word_1_60' title='bbox 864 1019 984 1103; x_wconf 82' lang='lat' dir='ltr'><strong>lapides</strong></span> <span class='ocrx_word' id='word_1_61' title='bbox 998 1022 1227 1103; x_wconf 80' lang='lat' dir='ltr'><strong>suspendebat,</strong></span> 
     </span>
     <span class='ocr_line' id='line_1_8' title="bbox 199 1131 1228 1217; baseline -0.001 -20"><span class='ocrx_word' id='word_1_62' title='bbox 199 1143 234 1197; x_wconf 93' lang='lat' dir='ltr'><strong>ut</strong></span> <span class='ocrx_word' id='word_1_63' title='bbox 247 1134 274 1197; x_wconf 88' lang='lat' dir='ltr'><strong>si</strong></span> <span class='ocrx_word' id='word_1_64' title='bbox 288 1143 382 1216; x_wconf 87' lang='lat' dir='ltr'><strong>eaput</strong></span> <span class='ocrx_word' id='word_1_65' title='bbox 397 1134 535 1215; x_wconf 86' lang='lat' dir='ltr'><strong>sopitum</strong></span> <span class='ocrx_word' id='word_1_66' title='bbox 550 1152 748 1217; x_wconf 86' lang='lat' dir='ltr'><strong>quocumque</strong></span> <span class='ocrx_word' id='word_1_67' title='bbox 769 1131 944 1206; x_wconf 76' lang='lat' dir='ltr'>inclinaret,</span> <span class='ocrx_word' id='word_1_68' title='bbox 964 1133 1069 1215; x_wconf 84' lang='lat' dir='ltr'><strong>lapide</strong></span> <span class='ocrx_word' id='word_1_69' title='bbox 1083 1142 1228 1215; x_wconf 87' lang='lat' dir='ltr'><strong>percute·</strong></span> 
     </span>
     <span class='ocr_line' id='line_1_9' title="bbox 198 1245 1228 1326; baseline -0.002 -16"><span class='ocrx_word' id='word_1_70' title='bbox 198 1255 295 1310; x_wconf 89' lang='lat' dir='ltr'><strong>retur.</strong></span> <span class='ocrx_word' id='word_1_71' title='bbox 322 1267 342 1309; x_wconf 95' lang='lat' dir='ltr'><strong>o</strong></span> <span class='ocrx_word' id='word_1_72' title='bbox 364 1246 447 1309; x_wconf 85' lang='lat' dir='ltr'><strong>beuti</strong></span> <span class='ocrx_word' id='word_1_73' title='bbox 469 1246 529 1309; x_wconf 90' lang='lat' dir='ltr'><strong>uiri</strong></span> <span class='ocrx_word' id='word_1_74' title='bbox 543 1246 668 1309; x_wconf 83' lang='lat' dir='ltr'><strong>Andree</strong></span> <span class='ocrx_word' id='word_1_75' title='bbox 690 1265 823 1319; x_wconf 85' lang='lat' dir='ltr'><strong>merces,</strong></span> <span class='ocrx_word' id='word_1_76' title='bbox 844 1266 939 1326; x_wconf 81' lang='lat' dir='ltr'><strong>quam</strong></span> <span class='ocrx_word' id='word_1_77' title='bbox 960 1245 1053 1308; x_wconf 82' lang='lat' dir='ltr'><strong>beata</strong></span> <span class='ocrx_word' id='word_1_78' title='bbox 1073 1253 1105 1308; x_wconf 87' lang='lat' dir='ltr'><strong>et</strong></span> <span class='ocrx_word' id='word_1_79' title='bbox 1119 1254 1228 1308; x_wconf 81' lang='lat' dir='ltr'><strong>eteros</strong></span> 
     </span>
     <span class='ocr_line' id='line_1_10' title="bbox 199 1357 1227 1441; baseline -0.002 -18"><span class='ocrx_word' id='word_1_80' title='bbox 199 1358 274 1433; x_wconf 81' lang='lat' dir='ltr'><strong>uita,</strong></span> <span class='ocrx_word' id='word_1_81' title='bbox 288 1378 405 1422; x_wconf 80' lang='lat' dir='ltr'><strong>corona</strong></span> <span class='ocrx_word' id='word_1_82' title='bbox 419 1358 541 1421; x_wconf 87' lang='lat' dir='ltr'><strong>cencies</strong></span> <span class='ocrx_word' id='word_1_83' title='bbox 557 1366 674 1432; x_wconf 80' lang='lat' dir='ltr'><strong>ornate,</strong></span> <span class='ocrx_word' id='word_1_84' title='bbox 690 1378 751 1441; x_wconf 92' lang='lat' dir='ltr'><strong>que</strong></span> <span class='ocrx_word' id='word_1_85' title='bbox 766 1358 798 1419; x_wconf 93' lang='lat' dir='ltr'><strong>in</strong></span> <span class='ocrx_word' id='word_1_86' title='bbox 813 1357 882 1420; x_wconf 89' lang='lat' dir='ltr'><strong>celo</strong></span> <span class='ocrx_word' id='word_1_87' title='bbox 897 1364 1128 1439; x_wconf 77' lang='lat' dir='ltr'><strong>recompenset,</strong></span> <span class='ocrx_word' id='word_1_88' title='bbox 1141 1357 1227 1441; x_wconf 90' lang='lat' dir='ltr'><strong>qnod</strong></span> 
     </span>
     <span class='ocr_line' id='line_1_11' title="bbox 200 1467 1228 1552; baseline -0.001 -20"><span class='ocrx_word' id='word_1_89' title='bbox 200 1470 233 1532; x_wconf 93' lang='lat' dir='ltr'><strong>in</strong></span> <span class='ocrx_word' id='word_1_90' title='bbox 254 1477 335 1532; x_wconf 83' lang='lat' dir='ltr'><strong>terre</strong></span> <span class='ocrx_word' id='word_1_91' title='bbox 357 1470 498 1552; x_wconf 79' lang='lat' dir='ltr'><strong>grauiter</strong></span> <span class='ocrx_word' id='word_1_92' title='bbox 512 1476 651 1550; x_wconf 91' lang='lat' dir='ltr'><strong>emptum</strong></span> <span class='ocrx_word' id='word_1_93' title='bbox 672 1469 783 1532; x_wconf 78' lang='lat' dir='ltr'><strong>iuerat.</strong></span> <span class='ocrx_word' id='word_1_94' title='bbox 814 1467 1021 1531; x_wconf 84' lang='lat' dir='ltr'><strong>oinnuditum</strong></span> <span class='ocrx_word' id='word_1_95' title='bbox 1037 1487 1137 1551; x_wconf 74' lang='lat' dir='ltr'><strong>genus</strong></span> <span class='ocrx_word' id='word_1_96' title='bbox 1152 1487 1228 1531; x_wconf 88' lang='lat' dir='ltr'><strong>oon-</strong></span> 
     </span>
     <span class='ocr_line' id='line_1_12' title="bbox 200 1578 1227 1663; baseline 0 -21"><span class='ocrx_word' id='word_1_97' title='bbox 200 1579 362 1654; x_wconf 83' lang='lat' dir='ltr'><strong>iessionis,</strong></span> <span class='ocrx_word' id='word_1_98' title='bbox 383 1580 469 1663; x_wconf 92' lang='lat' dir='ltr'><strong>quod</strong></span> <span class='ocrx_word' id='word_1_99' title='bbox 490 1579 665 1661; x_wconf 85' lang='lat' dir='ltr'><strong>preciosius</strong></span> <span class='ocrx_word' id='word_1_100' title='bbox 680 1578 753 1641; x_wconf 82' lang='lat' dir='ltr'><strong>iacit</strong></span> <span class='ocrx_word' id='word_1_101' title='bbox 766 1598 897 1660; x_wconf 78' lang='lat' dir='ltr'><strong>regnum</strong></span> <span class='ocrx_word' id='word_1_102' title='bbox 912 1579 1137 1661; x_wconf 75' lang='lat' dir='ltr'><strong>promissionis.</strong></span> <span class='ocrx_word' id='word_1_103' title='bbox 1164 1600 1227 1644; x_wconf 93' lang='lat' dir='ltr'><strong>nou</strong></span> 
     </span>
     <span class='ocr_line' id='line_1_13' title="bbox 200 1676 1227 1772; baseline 0.001 -21"><span class='ocrx_word' id='word_1_104' title='bbox 200 1676 297 1762; x_wconf 80' lang='lat' dir='ltr'><strong>cibus,</strong></span> <span class='ocrx_word' id='word_1_105' title='bbox 321 1709 385 1751; x_wconf 93' lang='lat' dir='ltr'><strong>non</strong></span> <span class='ocrx_word' id='word_1_106' title='bbox 408 1689 533 1772; x_wconf 83' lang='lat' dir='ltr'><strong>requies</strong></span> <span class='ocrx_word' id='word_1_107' title='bbox 556 1688 681 1750; x_wconf 82' lang='lat' dir='ltr'><strong>auferre</strong></span> <span class='ocrx_word' id='word_1_108' title='bbox 706 1689 807 1772; x_wconf 88' lang='lat' dir='ltr'><strong>potuit</strong></span> <span class='ocrx_word' id='word_1_109' title='bbox 832 1688 998 1753; x_wconf 78' lang='lat' dir='ltr'><strong>dulcedine</strong></span> <span class='ocrx_word' id='word_1_110' title='bbox 1024 1708 1108 1754; x_wconf 74' lang='lat' dir='ltr'><strong>unns</strong></span> <span class='ocrx_word' id='word_1_111' title='bbox 1131 1691 1227 1753; x_wconf 74' lang='lat' dir='ltr'><strong>uitem</strong></span> 
     </span>
     <span class='ocr_line' id='line_1_14' title="bbox 200 1800 1228 1884; baseline -0.001 -19"><span class='ocrx_word' id='word_1_112' title='bbox 200 1800 386 1874; x_wconf 84' lang='lat' dir='ltr'><strong>eternitatis,</strong></span> <span class='ocrx_word' id='word_1_113' title='bbox 414 1809 445 1863; x_wconf 92' lang='lat' dir='ltr'><strong>et</strong></span> <span class='ocrx_word' id='word_1_114' title='bbox 468 1819 605 1883; x_wconf 84' lang='lat' dir='ltr'><strong>nequam</strong></span> <span class='ocrx_word' id='word_1_115' title='bbox 629 1800 755 1882; x_wconf 87' lang='lat' dir='ltr'><strong>spiritus</strong></span> <span class='ocrx_word' id='word_1_116' title='bbox 779 1800 897 1863; x_wconf 81' lang='lat' dir='ltr'><strong>editum</strong></span> <span class='ocrx_word' id='word_1_117' title='bbox 920 1801 1062 1864; x_wconf 90' lang='lat' dir='ltr'><strong>inuenire</strong></span> <span class='ocrx_word' id='word_1_118' title='bbox 1087 1801 1228 1884; x_wconf 90' lang='lat' dir='ltr'><strong>nequiuit</strong></span> 
     </span>
     <span class='ocr_line' id='line_1_15' title="bbox 201 1912 1228 1997; baseline 0.002 -22"><span class='ocrx_word' id='word_1_119' title='bbox 201 1912 409 1994; x_wconf 87' lang='lat' dir='ltr'><strong>decepcionis.</strong></span> <span class='ocrx_word' id='word_1_120' title='bbox 437 1912 498 1975; x_wconf 91' lang='lat' dir='ltr'><strong>hec</strong></span> <span class='ocrx_word' id='word_1_121' title='bbox 513 1932 575 1997; x_wconf 92' lang='lat' dir='ltr'><strong>qne</strong></span> <span class='ocrx_word' id='word_1_122' title='bbox 589 1913 651 1976; x_wconf 81' lang='lat' dir='ltr'><strong>iam</strong></span> <span class='ocrx_word' id='word_1_123' title='bbox 666 1912 852 1987; x_wconf 84' lang='lat' dir='ltr'><strong>dictasunt,</strong></span> <span class='ocrx_word' id='word_1_124' title='bbox 874 1913 1029 1995; x_wconf 85' lang='lat' dir='ltr'><strong>discipulo</strong></span> <span class='ocrx_word' id='word_1_125' title='bbox 1043 1914 1111 1977; x_wconf 86' lang='lat' dir='ltr'><strong>eius</strong></span> <span class='ocrx_word' id='word_1_126' title='bbox 1126 1914 1228 1978; x_wconf 80' lang='lat' dir='ltr'><strong>Bene·</strong></span> 
     </span>
     <span class='ocr_line' id='line_1_16' title="bbox 201 2022 1229 2106; baseline 0.003 -21"><span class='ocrx_word' id='word_1_127' title='bbox 201 2022 285 2086; x_wconf 87' lang='lat' dir='ltr'><strong>dicto</strong></span> <span class='ocrx_word' id='word_1_128' title='bbox 299 2023 456 2087; x_wconf 71' lang='lat' dir='ltr'><strong>referente</strong></span> <span class='ocrx_word' id='word_1_129' title='bbox 472 2024 618 2105; x_wconf 80' lang='lat' dir='ltr'><strong>cognoui.</strong></span> <span class='ocrx_word' id='word_1_130' title='bbox 648 2024 700 2106; x_wconf 92' lang='lat' dir='ltr'><strong>qui</strong></span> <span class='ocrx_word' id='word_1_131' title='bbox 716 2024 828 2106; x_wconf 89' lang='lat' dir='ltr'><strong>etipse</strong></span> <span class='ocrx_word' id='word_1_132' title='bbox 844 2033 931 2106; x_wconf 84' lang='lat' dir='ltr'><strong>patre</strong></span> <span class='ocrx_word' id='word_1_133' title='bbox 946 2043 1003 2088; x_wconf 87' lang='lat' dir='ltr'><strong>suo</strong></span> <span class='ocrx_word' id='word_1_134' title='bbox 1019 2026 1167 2090; x_wconf 79' lang='lat' dir='ltr'><strong>defuncto</strong></span> <span class='ocrx_word' id='word_1_135' title='bbox 1182 2026 1229 2088; x_wconf 88' lang='lat' dir='ltr'><strong>io·</strong></span> 
     </span>
     <span class='ocr_line' id='line_1_17' title="bbox 201 2135 1228 2229; baseline 0.006 -34"><span class='ocrx_word' id='word_1_136' title='bbox 201 2155 272 2229; x_wconf 85' lang='lat' dir='ltr'><strong>cum</strong></span> <span class='ocrx_word' id='word_1_137' title='bbox 292 2136 427 2199; x_wconf 90' lang='lat' dir='ltr'><strong>eundern</strong></span> <span class='ocrx_word' id='word_1_138' title='bbox 449 2135 624 2200; x_wconf 79' lang='lat' dir='ltr'><strong>inhabitare</strong></span> <span class='ocrx_word' id='word_1_139' title='bbox 646 2135 795 2199; x_wconf 90' lang='lat' dir='ltr'><strong>decreuit.</strong></span> <span class='ocrx_word' id='word_1_140' title='bbox 823 2157 957 2221; x_wconf 90' lang='lat' dir='ltr'><strong>cumque</strong></span> <span class='ocrx_word' id='word_1_141' title='bbox 979 2158 1036 2219; x_wconf 93' lang='lat' dir='ltr'><strong>per</strong></span> <span class='ocrx_word' id='word_1_142' title='bbox 1051 2148 1113 2204; x_wconf 86' lang='lat' dir='ltr'><strong>tres</strong></span> <span class='ocrx_word' id='word_1_143' title='bbox 1127 2158 1228 2202; x_wconf 73' lang='lat' dir='ltr'><strong>annos</strong></span> 
     </span>
     <span class='ocr_line' id='line_1_18' title="bbox 201 2245 1230 2333; baseline 0.003 -22"><span class='ocrx_word' id='word_1_144' title='bbox 201 2248 345 2330; x_wconf 82' lang='lat' dir='ltr'><strong>exemplo</strong></span> <span class='ocrx_word' id='word_1_145' title='bbox 361 2248 500 2331; x_wconf 77' lang='lat' dir='ltr'><strong>magistri</strong></span> <span class='ocrx_word' id='word_1_146' title='bbox 515 2248 652 2311; x_wconf 86' lang='lat' dir='ltr'><strong>districte</strong></span> <span class='ocrx_word' id='word_1_147' title='bbox 668 2251 761 2311; x_wconf 80' lang='lat' dir='ltr'><strong>uitam</strong></span> <span class='ocrx_word' id='word_1_148' title='bbox 778 2256 900 2330; x_wconf 77' lang='lat' dir='ltr'><strong>egeret,</strong></span> <span class='ocrx_word' id='word_1_149' title='bbox 920 2245 1057 2312; x_wconf 81' lang='lat' dir='ltr'><strong>latrones</strong></span> <span class='ocrx_word' id='word_1_150' title='bbox 1075 2270 1230 2333; x_wconf 84' lang='lat' dir='ltr'><strong>superne·</strong></span> 
     </span>
     <span class='ocr_line' id='line_1_19' title="bbox 200 2358 1229 2442; baseline 0.002 -20"><span class='ocrx_word' id='word_1_151' title='bbox 200 2360 333 2434; x_wconf 86' lang='lat' dir='ltr'><strong>nientes,</strong></span> <span class='ocrx_word' id='word_1_152' title='bbox 355 2367 387 2421; x_wconf 91' lang='lat' dir='ltr'><strong>et</strong></span> <span class='ocrx_word' id='word_1_153' title='bbox 409 2360 536 2424; x_wconf 83' lang='lat' dir='ltr'><strong>muitum</strong></span> <span class='ocrx_word' id='word_1_154' title='bbox 559 2359 643 2442; x_wconf 82' lang='lat' dir='ltr'><strong>apud</strong></span> <span class='ocrx_word' id='word_1_155' title='bbox 666 2360 768 2442; x_wconf 89' lang='lat' dir='ltr'><strong>ipsum</strong></span> <span class='ocrx_word' id='word_1_156' title='bbox 787 2358 953 2441; x_wconf 77' lang='lat' dir='ltr'><strong>pecuniam</strong></span> <span class='ocrx_word' id='word_1_157' title='bbox 968 2379 1038 2424; x_wconf 82' lang='lat' dir='ltr'><strong>esse</strong></span> <span class='ocrx_word' id='word_1_158' title='bbox 1054 2370 1229 2442; x_wconf 78' lang='lat' dir='ltr'><strong>sperantes,</strong></span> 
     </span>
     <span class='ocr_line' id='line_1_20' title="bbox 201 2470 1228 2555; baseline 0.002 -23"><span class='ocrx_word' id='word_1_159' title='bbox 201 2470 327 2533; x_wconf 86' lang='lat' dir='ltr'><strong>ductum</strong></span> <span class='ocrx_word' id='word_1_160' title='bbox 349 2471 388 2532; x_wconf 82' lang='lat' dir='ltr'><strong>ed</strong></span> <span class='ocrx_word' id='word_1_161' title='bbox 410 2471 508 2552; x_wconf 85' lang='lat' dir='ltr'><strong>ripam</strong></span> <span class='ocrx_word' id='word_1_162' title='bbox 523 2472 658 2534; x_wconf 86' lang='lat' dir='ltr'><strong>fluminis</strong></span> <span class='ocrx_word' id='word_1_163' title='bbox 675 2471 762 2552; x_wconf 80' lang='lat' dir='ltr'><strong>Uuag</strong></span> <span class='ocrx_word' id='word_1_164' title='bbox 782 2470 1017 2553; x_wconf 78' lang='lat' dir='ltr'><strong>inguinuemnt,</strong></span> <span class='ocrx_word' id='word_1_165' title='bbox 1039 2480 1070 2536; x_wconf 88' lang='lat' dir='ltr'><strong>et</strong></span> <span class='ocrx_word' id='word_1_166' title='bbox 1084 2473 1115 2535; x_wconf 94' lang='lat' dir='ltr'><strong>in</strong></span> <span class='ocrx_word' id='word_1_167' title='bbox 1128 2473 1228 2555; x_wconf 80' lang='lat' dir='ltr'><strong>ipsum</strong></span> 
     </span>
     <span class='ocr_line' id='line_1_21' title="bbox 201 2581 1228 2666; baseline 0.005 -25"><span class='ocrx_word' id='word_1_168' title='bbox 201 2598 314 2663; x_wconf 83' lang='lat' dir='ltr'><strong>squam</strong></span> <span class='ocrx_word' id='word_1_169' title='bbox 330 2581 557 2643; x_wconf 88' lang='lat' dir='ltr'><strong>demerserunt.</strong></span> <span class='ocrx_word' id='word_1_170' title='bbox 588 2582 640 2643; x_wconf 93' lang='lat' dir='ltr'><strong>diu</strong></span> <span class='ocrx_word' id='word_1_171' title='bbox 656 2602 734 2644; x_wconf 92' lang='lat' dir='ltr'><strong>uero</strong></span> <span class='ocrx_word' id='word_1_172' title='bbox 750 2601 883 2663; x_wconf 89' lang='lat' dir='ltr'><strong>corpore</strong></span> <span class='ocrx_word' id='word_1_173' title='bbox 898 2583 966 2645; x_wconf 91' lang='lat' dir='ltr'><strong>eins</strong></span> <span class='ocrx_word' id='word_1_174' title='bbox 981 2584 1105 2666; x_wconf 86' lang='lat' dir='ltr'><strong>quesitp</strong></span> <span class='ocrx_word' id='word_1_175' title='bbox 1120 2592 1151 2646; x_wconf 88' lang='lat' dir='ltr'><strong>et</strong></span> <span class='ocrx_word' id='word_1_176' title='bbox 1165 2604 1228 2646; x_wconf 91' lang='lat' dir='ltr'><strong>non</strong></span> 
     </span>
     <span class='ocr_line' id='line_1_22' title="bbox 199 2690 1228 2777; baseline 0.004 -26"><span class='ocrx_word' id='word_1_177' title='bbox 199 2690 341 2763; x_wconf 88' lang='lat' dir='ltr'><strong>inuento,</strong></span> <span class='ocrx_word' id='word_1_178' title='bbox 361 2711 420 2771; x_wconf 91' lang='lat' dir='ltr'><strong>per</strong></span> <span class='ocrx_word' id='word_1_179' title='bbox 434 2692 589 2774; x_wconf 80' lang='lat' dir='ltr'><strong>integrum</strong></span> <span class='ocrx_word' id='word_1_180' title='bbox 604 2713 720 2754; x_wconf 79' lang='lat' dir='ltr'><strong>anirum</strong></span> <span class='ocrx_word' id='word_1_181' title='bbox 737 2693 804 2755; x_wconf 82' lang='lat' dir='ltr'><strong>nisa</strong></span> <span class='ocrx_word' id='word_1_182' title='bbox 820 2701 867 2754; x_wconf 88' lang='lat' dir='ltr'><strong>ost</strong></span> <span class='ocrx_word' id='word_1_183' title='bbox 881 2694 985 2777; x_wconf 76' lang='lat' dir='ltr'><strong>equile</strong></span> <span class='ocrx_word' id='word_1_184' title='bbox 1000 2695 1031 2756; x_wconf 93' lang='lat' dir='ltr'><strong>in</strong></span> <span class='ocrx_word' id='word_1_185' title='bbox 1046 2696 1113 2777; x_wconf 80' lang='lat' dir='ltr'><strong>ripn</strong></span> <span class='ocrx_word' id='word_1_186' title='bbox 1127 2695 1228 2756; x_wconf 82' lang='lat' dir='ltr'><strong>dumi·</strong></span> 
     </span>
     <span class='ocr_line' id='line_1_23' title="bbox 200 2800 1227 2890; baseline 0.005 -28"><span class='ocrx_word' id='word_1_187' title='bbox 200 2800 250 2863; x_wconf 91' lang='lat' dir='ltr'><strong>nis</strong></span> <span class='ocrx_word' id='word_1_188' title='bbox 271 2802 373 2884; x_wconf 82' lang='lat' dir='ltr'><strong>Uuag,</strong></span> <span class='ocrx_word' id='word_1_189' title='bbox 402 2803 492 2884; x_wconf 86' lang='lat' dir='ltr'><strong>quusi</strong></span> <span class='ocrx_word' id='word_1_190' title='bbox 513 2805 647 2884; x_wconf 85' lang='lat' dir='ltr'><strong>quedam</strong></span> <span class='ocrx_word' id='word_1_191' title='bbox 672 2806 877 2868; x_wconf 81' lang='lat' dir='ltr'><strong>obseruatum</strong></span> <span class='ocrx_word' id='word_1_192' title='bbox 898 2807 1023 2871; x_wconf 86' lang='lat' dir='ltr'><strong>sedere.</strong></span> <span class='ocrx_word' id='word_1_193' title='bbox 1054 2827 1110 2890; x_wconf 88' lang='lat' dir='ltr'><strong>per</strong></span> <span class='ocrx_word' id='word_1_194' title='bbox 1133 2824 1227 2890; x_wconf 76' lang='lat' dir='ltr'><strong>quem</strong></span> 
     </span>
     <span class='ocr_line' id='line_1_24' title="bbox 202 2913 1229 3001; baseline 0.006 -26"><span class='ocrx_word' id='word_1_195' title='bbox 202 2913 242 2975; x_wconf 96' lang='lat' dir='ltr'><strong>de</strong></span> <span class='ocrx_word' id='word_1_196' title='bbox 256 2932 388 2994; x_wconf 82' lang='lat' dir='ltr'><strong>corpore</strong></span> <span class='ocrx_word' id='word_1_197' title='bbox 403 2914 479 2977; x_wconf 84' lang='lat' dir='ltr'><strong>certi</strong></span> <span class='ocrx_word' id='word_1_198' title='bbox 495 2916 613 2989; x_wconf 84' lang='lat' dir='ltr'><strong>etieeti,</strong></span> <span class='ocrx_word' id='word_1_199' title='bbox 634 2918 803 2999; x_wconf 82' lang='lat' dir='ltr'><strong>quemdam</strong></span> <span class='ocrx_word' id='word_1_200' title='bbox 823 2918 855 2979; x_wconf 93' lang='lat' dir='ltr'><strong>in</strong></span> <span class='ocrx_word' id='word_1_201' title='bbox 875 2937 972 3000; x_wconf 81' lang='lat' dir='ltr'><strong>aquus</strong></span> <span class='ocrx_word' id='word_1_202' title='bbox 987 2918 1128 3001; x_wconf 79' lang='lat' dir='ltr'><strong>immergi</strong></span> <span class='ocrx_word' id='word_1_203' title='bbox 1143 2918 1229 2982; x_wconf 81' lang='lat' dir='ltr'><strong>iece-</strong></span> 
     </span>
     <span class='ocr_line' id='line_1_25' title="bbox 200 3026 1229 3112; baseline 0.008 -27"><span class='ocrx_word' id='word_1_204' title='bbox 200 3033 290 3098; x_wconf 90' lang='lat' dir='ltr'><strong>runt,</strong></span> <span class='ocrx_word' id='word_1_205' title='bbox 319 3034 350 3087; x_wconf 88' lang='lat' dir='ltr'><strong>et</strong></span> <span class='ocrx_word' id='word_1_206' title='bbox 375 3026 419 3088; x_wconf 85' lang='lat' dir='ltr'><strong>sic</strong></span> <span class='ocrx_word' id='word_1_207' title='bbox 443 3027 616 3108; x_wconf 82' lang='lat' dir='ltr'><strong>integrum,</strong></span> <span class='ocrx_word' id='word_1_208' title='bbox 643 3028 731 3110; x_wconf 82' lang='lat' dir='ltr'><strong>qussi</strong></span> <span class='ocrx_word' id='word_1_209' title='bbox 753 3049 855 3112; x_wconf 87' lang='lat' dir='ltr'><strong>nuper</strong></span> <span class='ocrx_word' id='word_1_210' title='bbox 875 3029 1005 3093; x_wconf 82' lang='lat' dir='ltr'><strong>obiisset</strong></span> <span class='ocrx_word' id='word_1_211' title='bbox 1031 3031 1229 3094; x_wconf 87' lang='lat' dir='ltr'><strong>inuenerunt.</strong></span> 
     </span>
     <span class='ocr_line' id='line_1_26' title="bbox 203 3114 1229 3205; baseline 0.005 -8"><span class='ocrx_word' id='word_1_212' title='bbox 203 3114 345 3199; x_wconf 77' lang='lat' dir='ltr'><strong>conditus</strong></span> <span class='ocrx_word' id='word_1_213' title='bbox 361 3133 526 3200; x_wconf 83' lang='lat' dir='ltr'><strong>ost&#39;autem</strong></span> <span class='ocrx_word' id='word_1_214' title='bbox 542 3139 729 3201; x_wconf 75' lang='lat' dir='ltr'><strong>Benedictus</strong></span> <span class='ocrx_word' id='word_1_215' title='bbox 751 3139 781 3200; x_wconf 92' lang='lat' dir='ltr'><strong>in</strong></span> <span class='ocrx_word' id='word_1_216' title='bbox 801 3139 928 3203; x_wconf 79' lang='lat' dir='ltr'><strong>basilica</strong></span> <span class='ocrx_word' id='word_1_217' title='bbox 942 3141 1025 3203; x_wconf 81' lang='lat' dir='ltr'><strong>beuti</strong></span> <span class='ocrx_word' id='word_1_218' title='bbox 1036 3142 1229 3205; x_wconf 84' lang='lat' dir='ltr'><strong>Emmerum·</strong></span> 
     </span>
     <span class='ocr_line' id='line_1_27' title="bbox 202 3246 1229 3333; baseline 0.004 -24"><span class='ocrx_word' id='word_1_219' title='bbox 202 3246 244 3309; x_wconf 93' lang='lat' dir='ltr'><strong>mi</strong></span> <span class='ocrx_word' id='word_1_220' title='bbox 260 3249 414 3332; x_wconf 84' lang='lat' dir='ltr'><strong>martyris,</strong></span> <span class='ocrx_word' id='word_1_221' title='bbox 437 3249 470 3312; x_wconf 92' lang='lat' dir='ltr'><strong>iu</strong></span> <span class='ocrx_word' id='word_1_222' title='bbox 485 3250 598 3312; x_wconf 92' lang='lat' dir='ltr'><strong>eodem</strong></span> <span class='ocrx_word' id='word_1_223' title='bbox 612 3250 758 3333; x_wconf 84' lang='lat' dir='ltr'><strong>sepulcro</strong></span> <span class='ocrx_word' id='word_1_224' title='bbox 774 3250 805 3313; x_wconf 93' lang='lat' dir='ltr'><strong>in</strong></span> <span class='ocrx_word' id='word_1_225' title='bbox 821 3273 883 3333; x_wconf 92' lang='lat' dir='ltr'><strong>quo</strong></span> <span class='ocrx_word' id='word_1_226' title='bbox 898 3252 1141 3315; x_wconf 79' lang='lat' dir='ltr'><strong>asseruehentur</strong></span> <span class='ocrx_word' id='word_1_227' title='bbox 1156 3269 1229 3314; x_wconf 73' lang='lat' dir='ltr'><strong>ossa</strong></span> 
     </span>
     <span class='ocr_line' id='line_1_28' title="bbox 201 3355 1229 3446; baseline 0.005 -28"><span class='ocrx_word' id='word_1_228' title='bbox 201 3355 286 3420; x_wconf 82' lang='lat' dir='ltr'><strong>beati</strong></span> <span class='ocrx_word' id='word_1_229' title='bbox 300 3359 424 3420; x_wconf 81' lang='lat' dir='ltr'><strong>Andree</strong></span> <span class='ocrx_word' id='word_1_230' title='bbox 440 3359 508 3421; x_wconf 90' lang='lat' dir='ltr'><strong>eins</strong></span> <span class='ocrx_word' id='word_1_231' title='bbox 522 3361 621 3423; x_wconf 82' lang='lat' dir='ltr'><strong>sancti</strong></span> <span class='ocrx_word' id='word_1_232' title='bbox 636 3361 743 3443; x_wconf 84' lang='lat' dir='ltr'><strong>patris.</strong></span> <span class='ocrx_word' id='word_1_233' title='bbox 772 3361 834 3423; x_wconf 81' lang='lat' dir='ltr'><strong>iam</strong></span> <span class='ocrx_word' id='word_1_234' title='bbox 849 3383 911 3445; x_wconf 92' lang='lat' dir='ltr'><strong>que</strong></span> <span class='ocrx_word' id='word_1_235' title='bbox 925 3372 1099 3446; x_wconf 85' lang='lat' dir='ltr'><strong>sequuntur</strong></span> <span class='ocrx_word' id='word_1_236' title='bbox 1113 3360 1229 3445; x_wconf 80' lang='lat' dir='ltr'><strong>Philip-</strong></span> 
     </span>
     <span class='ocr_line' id='line_1_29' title="bbox 203 3469 1095 3549; baseline 0.012 -21"><span class='ocrx_word' id='word_1_237' title='bbox 203 3488 260 3549; x_wconf 90' lang='lat' dir='ltr'><strong>pus</strong></span> <span class='ocrx_word' id='word_1_238' title='bbox 275 3469 370 3531; x_wconf 85' lang='lat' dir='ltr'><strong>abhas</strong></span> <span class='ocrx_word' id='word_1_239' title='bbox 385 3471 459 3533; x_wconf 88' lang='lat' dir='ltr'><strong>mihi</strong></span> <span class='ocrx_word' id='word_1_240' title='bbox 475 3472 577 3535; x_wconf 81' lang='lat' dir='ltr'><strong>ubhoti</strong></span> <span class='ocrx_word' id='word_1_241' title='bbox 593 3472 760 3536; x_wconf 89' lang='lat' dir='ltr'><strong>constituto</strong></span> <span class='ocrx_word' id='word_1_242' title='bbox 776 3494 903 3539; x_wconf 78' lang='lat' dir='ltr'><strong>nurture</strong></span> <span class='ocrx_word' id='word_1_243' title='bbox 919 3475 1095 3539; x_wconf 79' lang='lat' dir='ltr'><strong>consueuit.</strong></span> 
     </span>
    </p>
   </div>
   <div class='ocr_carea' id='block_1_3' title="bbox 201 3686 1230 4237">
    <p class='ocr_par' dir='ltr' id='par_1_3' title="bbox 201 3686 1230 4237">
     <span class='ocr_line' id='line_1_30' title="bbox 284 3686 1230 3779; baseline 0.014 -31"><span class='ocrx_word' id='word_1_244' title='bbox 284 3686 328 3767; x_wconf 78' lang='lat' dir='ltr'><strong>(is)</strong></span> <span class='ocrx_word' id='word_1_245' title='bbox 351 3691 426 3752; x_wconf 83' lang='lat' dir='ltr'><strong>Cum</strong></span> <span class='ocrx_word' id='word_1_246' title='bbox 441 3693 536 3773; x_wconf 79' lang='lat' dir='ltr'><strong>igitur</strong></span> <span class='ocrx_word' id='word_1_247' title='bbox 550 3704 673 3777; x_wconf 87' lang='lat' dir='ltr'><strong>tempus</strong></span> <span class='ocrx_word' id='word_1_248' title='bbox 689 3696 894 3761; x_wconf 86' lang='lat' dir='ltr'><strong>resoiucionis</strong></span> <span class='ocrx_word' id='word_1_249' title='bbox 910 3697 957 3760; x_wconf 86' lang='lat' dir='ltr'><strong>sui</strong></span> <span class='ocrx_word' id='word_1_250' title='bbox 972 3698 1114 3779; x_wconf 86' lang='lat' dir='ltr'><strong>corporis</strong></span> <span class='ocrx_word' id='word_1_251' title='bbox 1128 3698 1230 3761; x_wconf 89' lang='lat' dir='ltr'><strong>immi·</strong></span> 
     </span>
     <span class='ocr_line' id='line_1_31' title="bbox 202 3798 1230 3889; baseline 0.012 -32"><span class='ocrx_word' id='word_1_252' title='bbox 202 3806 306 3869; x_wconf 84' lang='lat' dir='ltr'><strong>neret,</strong></span> <span class='ocrx_word' id='word_1_253' title='bbox 319 3798 458 3863; x_wconf 83' lang='lat' dir='ltr'><strong>indicans</strong></span> <span class='ocrx_word' id='word_1_254' title='bbox 473 3803 518 3864; x_wconf 89' lang='lat' dir='ltr'><strong>eis</strong></span> <span class='ocrx_word' id='word_1_255' title='bbox 534 3804 594 3866; x_wconf 91' lang='lat' dir='ltr'><strong>hoc</strong></span> <span class='ocrx_word' id='word_1_256' title='bbox 608 3808 660 3889; x_wconf 92' lang='lat' dir='ltr'><strong>qui</strong></span> <span class='ocrx_word' id='word_1_257' title='bbox 676 3808 823 3880; x_wconf 80' lang='lat' dir='ltr'><strong>aderent,</strong></span> <span class='ocrx_word' id='word_1_258' title='bbox 837 3827 876 3868; x_wconf 90' lang='lat' dir='ltr'><strong>ne</strong></span> <span class='ocrx_word' id='word_1_259' title='bbox 892 3808 932 3869; x_wconf 78' lang='lat' dir='ltr'><strong>ab</strong></span> <span class='ocrx_word' id='word_1_260' title='bbox 946 3807 1009 3870; x_wconf 85' lang='lat' dir='ltr'><strong>uilo</strong></span> <span class='ocrx_word' id='word_1_261' title='bbox 1024 3810 1230 3871; x_wconf 84' lang='lat' dir='ltr'><strong>uestimento·</strong></span> 
     </span>
     <span class='ocr_line' id='line_1_32' title="bbox 201 3918 1230 4000; baseline 0.012 -31"><span class='ocrx_word' id='word_1_262' title='bbox 201 3928 272 3970; x_wconf 89' lang='lat' dir='ltr'><strong>rum</strong></span> <span class='ocrx_word' id='word_1_263' title='bbox 293 3929 422 3974; x_wconf 88' lang='lat' dir='ltr'><strong>suornm</strong></span> <span class='ocrx_word' id='word_1_264' title='bbox 441 3925 609 3979; x_wconf 82' lang='lat' dir='ltr'><strong>exueretur</strong></span> <span class='ocrx_word' id='word_1_265' title='bbox 625 3920 821 4000; x_wconf 88' lang='lat' dir='ltr'><strong>operimento</strong></span> <span class='ocrx_word' id='word_1_266' title='bbox 835 3918 992 4000; x_wconf 80' lang='lat' dir='ltr'><strong>precepit,</strong></span> <span class='ocrx_word' id='word_1_267' title='bbox 1014 3919 1116 3981; x_wconf 90' lang='lat' dir='ltr'><strong>donec</strong></span> <span class='ocrx_word' id='word_1_268' title='bbox 1131 3918 1230 3981; x_wconf 78' lang='lat' dir='ltr'><strong>obbas</strong></span> 
     </span>
     <span class='ocr_line' id='line_1_33' title="bbox 201 4017 1230 4127; baseline 0.016 -47"><span class='ocrx_word' id='word_1_269' title='bbox 201 4017 373 4127; x_wconf 45' lang='lat' dir='ltr'><strong>thilippus,</strong></span> <span class='ocrx_word' id='word_1_270' title='bbox 395 4043 488 4105; x_wconf 89' lang='lat' dir='ltr'><strong>quem</strong></span> <span class='ocrx_word' id='word_1_271' title='bbox 503 4028 632 4093; x_wconf 81' lang='lat' dir='ltr'><strong>miseret</strong></span> <span class='ocrx_word' id='word_1_272' title='bbox 645 4029 845 4104; x_wconf 80' lang='lat' dir='ltr'><strong>accersitum,</strong></span> <span class='ocrx_word' id='word_1_273' title='bbox 865 4028 1039 4092; x_wconf 72' lang='lat' dir='ltr'><strong>adueniret.</strong></span> <span class='ocrx_word' id='word_1_274' title='bbox 1071 4029 1124 4112; x_wconf 93' lang='lat' dir='ltr'><strong>qui</strong></span> <span class='ocrx_word' id='word_1_275' title='bbox 1141 4040 1230 4112; x_wconf 78' lang='lat' dir='ltr'><strong>pater</strong></span> 
     </span>
     <span class='ocr_line' id='line_1_34' title="bbox 203 4130 1229 4237; baseline 0.012 -39"><span class='ocrx_word' id='word_1_276' title='bbox 203 4130 386 4237; x_wconf 70' lang='lat' dir='ltr'><strong>adueniens,</strong></span> <span class='ocrx_word' id='word_1_277' title='bbox 408 4135 462 4199; x_wconf 91' lang='lat' dir='ltr'><strong>nbi</strong></span> <span class='ocrx_word' id='word_1_278' title='bbox 477 4157 590 4223; x_wconf 88' lang='lat' dir='ltr'><strong>corpus</strong></span> <span class='ocrx_word' id='word_1_279' title='bbox 605 4138 786 4205; x_wconf 81' lang='lat' dir='ltr'><strong>uenerabile</strong></span> <span class='ocrx_word' id='word_1_280' title='bbox 800 4139 863 4203; x_wconf 85' lang='lat' dir='ltr'><strong>ism</strong></span> <span class='ocrx_word' id='word_1_281' title='bbox 877 4147 1034 4205; x_wconf 86' lang='lat' dir='ltr'><strong>nortuum</strong></span> <span class='ocrx_word' id='word_1_282' title='bbox 1049 4141 1172 4208; x_wconf 83' lang='lat' dir='ltr'><strong>iscebst</strong></span> <span class='ocrx_word' id='word_1_283' title='bbox 1183 4142 1229 4211; x_wconf 76' lang='lat' dir='ltr'><strong>lu-</strong></span> 
     </span>
    </p>
   </div>
   <div class='ocr_carea' id='block_1_4' title="bbox 0 0 1406 4764">
    <p class='ocr_par' dir='ltr' id='par_1_4' title="bbox 0 0 1406 4764">
     <span class='ocr_line' id='line_1_35' title="bbox 0 0 1406 4764; baseline 0 0"><span class='ocrx_word' id='word_1_284' title='bbox 0 0 1406 4764; x_wconf 95' lang='lat' dir='ltr'><strong> </strong></span> 
     </span>
    </p>
   </div>
  </div>
 </body>
</html>
