2798 4764
178 328 241 391 730
498 344 681 399 mammon
708 344 751 391 es
773 343 883 393 rmn-

178 504 303 563 oentum
317 499 467 579 panibus,
488 498 547 562 ΧΠ
560 498 638 565 idris
650 497 821 571 oereuisie,
841 506 874 561 et
889 497 1016 580 singule
1030 496 1234 562 mansiones

178 608 317 690 singulas
330 611 440 673 missas
456 609 609 673 eelehrari
625 610 730 673 lacere
745 617 937 673 tenerentur.

261 718 346 801 (351)
362 722 425 785 Nos
435 730 609 785 concreatus
622 722 820 784 Uaradiensis
832 729 1051 785 contestamur
1062 723 1232 796 omnihus,

179 832 358 897 Ladislaum
375 832 523 897 comitem
542 834 581 896 de
604 834 690 896 Bach
715 831 787 897 talin
810 833 901 897 nohis
922 834 1121 897 auctoritate
1144 835 1233 899 iudi-

179 942 251 1007 ciali
264 943 446 1017 mandasse,
461 945 546 1026 qtrod
562 964 688 1007 eausam
701 944 866 1007 Beniamin
878 943 1059 1006 secundum
1074 952 1230 1011 tenum

177 1055 369 1129 litterarum,
395 1074 473 1137 quas
495 1055 553 1117 suh
578 1053 694 1136 duplici
719 1054 822 1137 sigillo
847 1055 937 1116 nohis
961 1057 1167 1130 transmisit,
1194 1058 1228 1121 in

179 1175 319 1250 regesne
334 1167 553 1231 scriberemus.
581 1176 631 1229 est
643 1167 752 1248 itaque
765 1175 856 1228 tenor
869 1165 1034 1229 literarum
1050 1167 1142 1231 telis:
1165 1169 1227 1232 Lu·

180 1277 298 1343 dislaus
313 1297 420 1341 eomes
434 1276 616 1342 Baohiensis
632 1286 663 1339 et
677 1276 772 1340 iudex
787 1276 888 1349 curie,
903 1276 1054 1341 omnihus
1068 1278 1113 1341 ad
1125 1298 1227 1362 quoe*

180 1409 305 1472 cunque
329 1389 494 1471 presencia
519 1389 741 1471 perceperint,
762 1388 895 1450 salutem
919 1389 952 1449 iu
973 1388 1122 1453 domino.
1153 1392 1225 1455 uno

181 1500 322 1564 cerritati
333 1501 474 1563 omnium
488 1507 597 1563 notum
611 1518 683 1563 esse
699 1497 853 1573 uolumus,
867 1499 952 1581 quod
967 1518 1041 1562 cum
1054 1501 1224 1576 Ieremias,

179 1612 304 1686 Bocou,
325 1613 439 1685 Tocus,
460 1619 492 1674 et
512 1610 634 1692 Gegus,
663 1611 797 1672 citarent
817 1608 968 1671 Chomam
991 1628 1054 1690 pro
1075 1613 1222 1693 quode·

180 1722 307 1785 homine
322 1722 483 1782 Beniamin
496 1720 561 1781 srlio
577 1720 680 1802 Cnsoy
697 1721 727 1780 in
741 1720 907 1800 presencia
920 1729 1044 1795 nostru,
1066 1721 1224 1786 dixerunt

181 1832 317 1895 eundern
336 1830 499 1892 Beniamin
528 1849 655 1892 seruum
677 1850 747 1892 esse
771 1848 897 1903 eorum,
925 1828 1079 1894 etlilium
1105 1832 1223 1896 ancille

181 1961 255 2015 sue,
274 1940 473 2022 supradictus
487 1939 607 2003 Choma
626 1940 791 2021 respondit
805 1960 895 2003 suum
910 1960 981 2005 esse
995 1952 1178 2024 cognatum
1192 1950 1226 2008 el

182 2053 358 2135 degenere
378 2070 447 2115 suo.
475 2050 725 2115 adiudicauimus
746 2052 852 2133 itaque
867 2053 953 2134 quod
977 2051 1082 2115 dietus
1098 2053 1226 2119 Choma

181 2164 346 2229 ueritatem
360 2164 408 2227 sui
423 2165 577 2227 sermonis
593 2164 848 2227 attestaeionibus
862 2182 991 2226 surorum
1006 2176 1225 2246 cognatum·

182 2277 377 2351 ostenderet,
404 2276 490 2359 quod
516 2283 547 2339 et
570 2275 791 2338 honestissime
815 2275 973 2356 proheret
1002 2274 1226 2342 intelleximus

180 2388 275 2471 igitur
289 2398 323 2451 nt
336 2397 532 2452 sacramento
546 2387 681 2451 duorum
698 2395 902 2469 cognatorum
917 2387 985 2449 eius
999 2387 1127 2452 dictum
1142 2391 1226 2455 Berr-

180 2500 276 2563 iamin
304 2500 501 2574 delenderet,
528 2498 712 2562 iurauerunt
734 2497 865 2580 inquam
887 2499 1006 2563 Choma
1035 2509 1070 2563 et
1091 2502 1225 2567 Azania

180 2631 277 2694 super
291 2612 388 2676 altare
402 2613 501 2675 saneti
514 2611 651 2674 Ladislai
671 2610 816 2672 Uaradini
840 2619 872 2673 et
885 2612 1049 2673 Beniamin
1064 2613 1226 2678 liberatus

182 2732 240 2785 est.
262 2725 346 2786 unde
362 2724 506 2785 dedimus
522 2743 618 2802 super
632 2723 693 2784 hoo
708 2731 849 2783 nostrum
864 2721 999 2803 sigillum
1016 2741 1093 2784 cum
1108 2724 1226 2789 litteris

67 2856 75 2865 ·
181 2832 395 2912 presentibus,
416 2832 567 2912 pristaldo
583 2833 736 2894 existente
750 2833 858 2895 Mareu
872 2833 911 2894 de
927 2831 1048 2914 Cheph.

265 2939 349 3020 (352)
373 2940 518 3004 Clemens
538 2944 576 3004 de
592 2943 666 3003 uilla
681 2944 752 3025 hug
775 2950 922 3007 oretenus
938 2945 1029 3006 nohis
1044 2954 1098 3008 est
1113 2958 1225 3010 conte·

182 3061 290 3128 status,
305 3054 390 3136 quod
405 3072 477 3115 eum
492 3053 559 3135 ipse
575 3072 646 3115 curn
664 3054 812 3135 pristaldo
824 3054 960 3118 ladislai
975 3057 1103 3120 comitis
1120 3079 1228 3140 queu-

184 3166 255 3229 dam
269 3164 448 3229 libertinum
462 3187 554 3229 suum
569 3167 733 3249 fugitiuum
749 3169 875 3231 nomine
888 3168 1029 3230 Tadeum
1045 3181 1225 3235 uxoratum

182 3279 374 3351 inuenisset,
400 3286 432 3341 et
454 3280 629 3342 nominatus
651 3279 748 3341 iudex
775 3280 910 3342 eundem
936 3278 1122 3344 libertinum
1148 3302 1225 3345 cun

184 3409 284 3451 uxore
303 3409 361 3453 sua
382 3389 411 3452 ei
431 3389 682 3471 appropriasset,
703 3388 772 3470 ipse
792 3389 913 3452 seilicet
926 3387 1075 3452 Clemens
1096 3413 1158 3474 pro
1174 3414 1228 3457 sa·

185 3500 248 3564 lule
263 3500 368 3562 anime
381 3519 437 3561 sue
453 3498 556 3563 taliter
570 3500 608 3562 de
624 3519 723 3562 uxore
742 3500 854 3581 prelati
875 3498 1011 3563 libertini
1026 3502 1227 3578 ordinasset,

186 3621 220 3675 ut
243 3614 310 3693 ipsa
330 3612 430 3674 libera
450 3610 549 3684 lieret,
579 3618 611 3672 et
632 3610 782 3694 quicquid
803 3611 944 3673 feminini
964 3632 1060 3674 sexus
1085 3615 1128 3678 de
1151 3616 1225 3700 ipsa

185 3734 367 3788 nasceretur
378 3725 476 3789 libere
492 3719 683 3787 condicionis
699 3730 822 3795 essent,
844 3732 876 3785 et
887 3722 1036 3805 quicquid
1051 3727 1226 3791 masculini

185 3853 278 3897 sexus
291 3834 382 3900 tieret
396 3835 614 3902 condicionem
628 3835 725 3918 patris
739 3842 935 3917 sequeretur.

267 3943 351 4028 (353)
373 3947 546 4031 Augustino
557 3945 621 4012 lilio
631 3946 806 4011 Schemcha
819 3945 887 4011 sine
898 3945 983 4010 omni
997 3944 1123 4013 herede
1135 3968 1229 4015 mor·

184 4067 251 4137 tuo,
281 4079 393 4128 seruus
416 4059 514 4145 ipsius
539 4058 667 4126 nomine
690 4059 782 4136 Paul,
811 4077 904 4146 quem
929 4055 998 4143 ipse
1022 4057 1230 4146 Augustinus

186 4171 361 4242 dusinicum
383 4171 580 4260 exeqrdelem
600 4170 792 4242 monesterio
815 4170 915 4241 coacti
935 4170 1063 4240 tomus
1077 4173 1231 4265 Beptlcte
