2798 4764
348 369 376 414 r.
393 362 541 414 nemone
562 363 603 413 mr
625 366 759 413 rnvnarr
780 362 912 414 aaaron
932 358 1048 414 uteru
1151 342 1216 413 m

184 530 299 590 anuum
314 522 445 586 tercium
461 522 675 604 quesluerdnt
695 540 755 586 nec
768 529 873 584 tamen
888 530 1018 605 propter
1031 521 1130 587 multa
1142 521 1212 587 ulttis

183 657 253 699 rum
273 634 414 717 pericula
433 642 581 716 poterant
604 635 764 726 inuenire,
785 654 849 696 uno
865 650 974 696 eorum
991 644 1142 717 excepto,
1163 647 1238 700 tar

184 748 313 811 cerdote
337 743 465 807 nomine
481 745 565 809 Otto.
595 746 648 825 qui
668 753 789 810 tantum
809 747 869 808 sub
883 747 1064 809 mercatoris
1086 746 1216 811 nomine

184 857 348 940 processit.
379 856 434 938 qui
455 857 488 917 in
509 857 646 939 quodam
669 876 769 939 regno
785 874 982 940 paganorum
1005 860 1158 940 quosdam
1172 859 1215 922 de

183 971 291 1053 lingua
313 970 365 1031 illa
388 969 525 1043 inuenit,
551 990 611 1052 per
631 989 711 1052 quos
735 978 838 1034 certus
861 969 1054 1034 efficiebatur
1075 971 1114 1032 ad
1136 986 1215 1052 quas
1325 945 1329 954 ’

184 1091 291 1164 partes
314 1089 493 1154 manerent,
525 1083 581 1144 sed
606 1080 731 1144 illorum
755 1083 951 1163 prouinciam
976 1101 1040 1143 non
1062 1081 1215 1144 introittit.

185 1194 248 1254 i'mo
263 1192 295 1253 in
311 1192 476 1273 Ungariam
498 1201 544 1254 est
566 1211 715 1254 reuersus
735 1212 793 1276 pro
807 1193 955 1255 fratribus
970 1179 1110 1274 pluribus
1127 1210 1216 1256 assu·

185 1305 325 1378 mendis,
347 1304 401 1386 qui
427 1322 497 1365 cum
521 1305 591 1386 ipso
616 1305 804 1377 redeuntes,
824 1303 921 1366 fidem
945 1303 1005 1366 illis
1030 1293 1215 1369 catholicam

186 1417 397 1500 predicarent.
434 1416 491 1480 sed
515 1416 620 1479 multis
647 1416 763 1479 fractus
789 1416 948 1480 laboribus
971 1424 1043 1498 post
1066 1424 1215 1480 octauum

188 1531 307 1592 reditus
328 1530 375 1591 sui
398 1530 498 1603 diem,
520 1541 590 1590 cum
614 1549 741 1592 ornnem
763 1530 846 1592 uiam
864 1528 935 1592 illos
949 1530 1103 1612 querendi
1118 1548 1216 1614 expo·

187 1642 317 1715 suisset,
339 1641 484 1724 migrauit
499 1642 538 1702 ad
555 1641 721 1704 Christum.

270 1755 394 1816 Fratres
420 1773 499 1816 uero
528 1754 744 1816 Predicatores
772 1754 944 1817 infidelium
974 1755 1215 1819 conuersionem

189 1868 423 1939 desiderantes,
444 1873 579 1949 quatuor
595 1867 706 1929 fratres
728 1867 768 1928 ad
789 1867 982 1949 querendam
1002 1874 1128 1949 gentem
1143 1872 1217 1948 pffl-
1325 1869 1326 1873 ’

189 1978 303 2041 dictam
318 1978 430 2040 iterato
447 1978 608 2041 miserunt.
631 1979 683 2061 qui
695 1988 823 2061 accepta
835 1980 965 2043 fratrum
976 1998 1104 2042 suorum
1117 1980 1217 2043 bene-

189 2090 341 2164 dictione,
363 2091 471 2153 habitu
494 2091 630 2172 regulari
653 2091 685 2153 in
704 2092 881 2155 secularem
902 2098 1034 2165 mutato,
1055 2090 1162 2154 barbis
1176 2094 1217 2155 'et

188 2201 305 2284 capillis
322 2201 503 2263 admodum
519 2221 713 2283 paganorum
729 2202 869 2275 nutritis,
891 2222 948 2283 per
961 2201 1139 2283 Bulgariam
1158 2201 1216 2265 Aa·

189 2313 274 2387 sani,
296 2323 328 2377 et
348 2333 405 2395 per
419 2314 620 2386 Romaniam,
644 2334 716 2376 cum
739 2314 853 2375 ducatu
878 2322 909 2374 et
929 2313 1076 2393 expensis
1098 2311 1217 2374 domini

190 2427 262 2489 Belo
286 2447 368 2490 nuno
390 2425 473 2508 regis
489 2425 641 2508 Ungarie,
662 2445 762 2508 usque
778 2423 1080 2505 Constantinopolim
1103 2436 1218 2505 perue-

190 2546 312 2601 nerunt.

272 2650 316 2710 tut
332 2649 482 2713 intrantes
504 2648 536 2710 in
558 2667 645 2712 mare
667 2666 725 2730 per
739 2646 865 2728 triginta
885 2655 948 2710 tres
964 2647 1041 2721 dies,
1062 2651 1219 2710 uenerunt

191 2763 349 2825 interram
361 2781 422 2843 que
434 2768 565 2824 uocatur
579 2760 701 2834 Siohia,
715 2761 747 2822 in
759 2760 917 2823 ciuitatem
927 2759 1220 2842 quellatricanuo·

191 2883 332 2955 cupatur.
361 2892 495 2956 quorum
511 2873 573 2935 dux
592 2881 624 2935 et
639 2872 747 2954 populi
762 2891 796 2935 se
813 2871 1006 2934 Christianos
1028 2871 1145 2945 dicunt,
1162 2869 1220 2934 lta·

191 2985 300 3048 bentes
315 2983 422 3047 literas
434 2992 465 3046 et
479 2983 659 3046 sacerdotes
671 3002 792 3065 grecos.
813 2983 1095 3064 princepscentum
1106 2980 1222 3045 dicitur

191 3095 311 3159 habere
326 3115 452 3158 uxores.
468 3115 577 3158 omnes
594 3094 654 3157 uiri
669 3103 763 3176 caput
774 3096 901 3158 omnino
912 3094 1037 3167 radunt,
1051 3102 1082 3156 et
1092 3092 1221 3156 barban

191 3208 332 3270 nutriunt
346 3206 501 3284 delicate,
521 3207 678 3269 nobilibus
699 3207 853 3288 exceptis,
877 3205 975 3288 quiin
990 3205 1114 3286 signum
1128 3201 1219 3265 nobi·

192 3317 286 3380 litatis
297 3337 393 3397 super
404 3316 574 3380 auriculam
590 3318 745 3380 sinistram
763 3337 878 3399 paucos
889 3314 1069 3398 relinquunt
1080 3312 1220 3394 capillos,

195 3433 299 3490 cetera
320 3435 406 3508 parte
421 3428 530 3509 capitis
546 3436 610 3490 tota
626 3443 706 3489 rasa.
733 3429 787 3490 ubi
805 3434 933 3508 propter
946 3425 1102 3488 societatis
1115 3434 1218 3504 spem,

194 3557 287 3620 quam
309 3540 534 3621 expectabant,
556 3539 780 3621 quinquaginta
796 3539 907 3601 diebus
929 3555 1048 3600 moram
1066 3535 1220 3601 recerunt

193 3650 270 3712 deus
284 3657 389 3714 autem
406 3652 492 3714 dedit
509 3650 584 3733 ipsis
600 3649 738 3733 graciam
752 3651 783 3711 in
799 3657 968 3730 conspectu
984 3648 1127 3723 domine,
1156 3666 1219 3730 que

191 3780 287 3845 super
301 3772 425 3826 centum
447 3782 562 3826 uxores
584 3763 668 3844 regis
691 3760 790 3824 maior
805 3744 894 3834 erat,
909 3760 954 3823 ita
966 3768 1002 3823 ut
1015 3758 1149 3823 mirabili
1163 3772 1221 3824 out

192 3874 434 3958 amplecteretur
456 3877 587 3948 affecto,
608 3874 640 3935 io
661 3874 805 3937 omnibus
822 3873 1008 3937 necessariis
1026 3871 1221 3955 procidebat.

273 3987 350 4048 lnde
374 3986 531 4068 progressi
552 3985 684 4048 consilio
705 3993 736 4048 et
757 3985 911 4049 adiutorio
932 3983 1074 4068 predicte
1094 3982 1222 4050 domme

192 4116 250 4179 per
262 4098 440 4170 desertum,
469 4097 523 4160 ubi
547 4117 606 4160 nec
630 4095 775 4160 homines
800 4115 860 4161 neo
884 4097 994 4161 domos
1016 4094 1222 4167 inuenerunt,

192 4210 303 4274 diatim
324 4209 475 4273 tredecim
495 4208 720 4275 transiuerant
747 4209 856 4296 ibique
872 4215 1032 4275 uenerunt
1049 4207 1084 4272 iu
1104 4206 1223 4273 terrast
