2798 4764
397 372 535 422 ιιιοιιιιιι
555 373 656 420 ossas
676 372 884 419 noscanonnu
909 351 988 436 (l51.
1166 342 1206 417 lt

182 531 266 594 mam
287 530 346 593 sibi
360 529 579 612 subiugarent,
604 549 622 590 a
636 528 779 590 Danubio
798 547 897 607 usque
912 527 951 589 ad
966 526 1089 608 nigrum
1103 542 1203 588 mare.

181 652 255 707 nam
276 661 365 705 mens
382 641 603 724 liungarorum
624 649 698 703 tunc
715 649 859 721 tempore
881 638 958 700 nihil
977 638 1061 700 aliud
1081 636 1210 720 optabat

181 757 242 819 nisi
255 774 415 838 occupare
430 755 488 816 sibi
502 762 612 827 terras,
633 761 665 816 et
678 753 847 834 subiugare
862 751 1027 821 naciones,
1050 757 1082 813 et
1095 749 1208 814 bellico

180 868 228 930 uti
244 866 372 938 labore,
398 865 473 948 quia
488 865 640 947 Hungarii
661 873 735 926 tunc
750 871 893 944 tempore
916 862 958 924 ita
975 862 1152 944 gaudebant
1169 861 1208 922 de

180 978 339 1042 effusione
358 977 486 1039 humani
505 976 683 1059 sanguinis,
704 975 786 1038 sicut
806 974 1015 1058 sanguisuga,
1035 980 1066 1035 et
1086 973 1144 1036 nisi
1167 974 1210 1035 ita

182 1091 347 1163 fecissent,
375 1096 422 1152 tot
443 1090 542 1150 bonas
565 1096 664 1151 terras
685 1088 818 1169 posteris
839 1087 903 1149 suis
924 1106 989 1149 non
1012 1085 1211 1148 dimisissent.

183 1204 261 1287 quid
277 1201 380 1284 plura.
401 1203 500 1285 Boyla
515 1210 546 1263 et
559 1199 653 1283 legati
670 1218 780 1264 eorum
795 1200 834 1262 ad
850 1200 963 1262 ducem
977 1199 1083 1281 Arpad
1097 1215 1212 1279 perue-

184 1322 316 1387 nerunt,
342 1322 373 1377 et
387 1333 439 1375 res
454 1322 559 1395 gestas
574 1313 632 1375 sibi
647 1321 868 1385 narraueruut‚
894 1312 957 1374 dux
972 1331 1048 1374 uero
1064 1328 1143 1392 opus
1158 1329 1212 1372 eo·

189 1445 259 1488 run
273 1423 482 1497 conlaudauit,
503 1432 534 1486 et
548 1424 672 1486 Zuardu
687 1444 724 1486 ac
739 1424 863 1487 Caduse
878 1421 1041 1486 licenciam
1056 1421 1213 1484 concessit

193 1536 316 1600 liberam
331 1538 363 1600 in
379 1536 522 1598 Greciam
538 1537 650 1609 eundi,
671 1545 703 1600 et
718 1545 834 1600 terram
851 1535 1082 1619 preoccupandi
1098 1535 1167 1608 sibi,
1180 1542 1212 1598 et

188 1648 281 1732 Boyte
300 1669 360 1732 pro
380 1668 439 1710 suo
459 1647 640 1712 fidelissimo
661 1649 797 1712 seruicio
819 1649 905 1713 dedit
925 1657 1041 1712 terram
1064 1666 1209 1731 magnam

183 1760 270 1824 inm
280 1759 454 1833 Thisciam,
476 1760 600 1822 nomine
613 1760 746 1824 Torhus.
768 1768 840 1823 tunc
855 1761 947 1843 legati
960 1761 1084 1822 Zuardu
1099 1767 1131 1822 ct
1145 1759 1207 1822 fra·

183 1874 238 1937 tris
252 1892 310 1935 sne
326 1871 464 1945 Caduse,
479 1880 610 1954 accepta
623 1871 771 1946 licencia,
785 1871 840 1936 leti
855 1873 894 1935 ad
910 1872 1053 1935 dominos
1069 1891 1143 1935 snos
1158 1890 1209 1934 re·

125 2008 129 2019 ·
185 1984 271 2048 uersi
286 1992 371 2046 sunt

265 2207 334 2289 (aa)
356 2209 400 2270 os
412 2210 522 2270 ciuibus
534 2208 733 2288 Bolpororom
752 2221 778 2271 et
792 2209 998 2273 Macedonum.
1031 2208 1209 2270 Transactis

185 2321 375 2404 quihusmm
398 2321 525 2393 diebus,
547 2322 670 2383 Zuardu
691 2328 724 2384 et
737 2321 860 2383 Cadusa
883 2341 955 2383 cum
972 2321 1056 2382 omni
1072 2319 1212 2381 exercitu

186 2452 262 2508 sno,
284 2433 417 2506 eleuatis
437 2434 560 2497 uexillis
581 2433 738 2516 signiferis
753 2452 866 2514 aquam
881 2432 1015 2495 Danubii
1038 2431 1214 2495 transnaui-

187 2552 359 2628 generunt,
378 2553 410 2607 et
425 2554 562 2607 castrum
572 2544 693 2606 Borons
709 2554 878 2627 ceperunt,
893 2544 1006 2607 deinde
1021 2545 1061 2606 ad
1076 2550 1213 2606 castrum

188 2656 368 2740 Sccreducy
387 2657 522 2720 inerunt.
562 2657 725 2720 audientes
754 2656 815 2718 hoc
841 2658 928 2720 ciues
948 2656 1155 2740 Bulgarorum
1181 2661 1213 2719 et

188 2769 412 2844 Macedonum,
437 2771 608 2834 timuerunt
621 2770 715 2833 ualde
729 2788 748 2831 a
763 2769 842 2832 facie
858 2790 978 2834 eorum.
1004 2779 1079 2833 tunc
1102 2788 1212 2833 omnes

188 2883 290 2946 incole
304 2882 389 2945 iliius
402 2888 488 2945 terre
502 2883 654 2947 miserunt
668 2883 801 2946 nuncios
814 2903 888 2946 suos
900 2900 971 2946 cum
983 2883 1121 2946 donariis
1132 2881 1213 2944 mul·

189 2996 237 3067 tic,
258 3002 293 3057 ut
311 3002 429 3058 terram
451 2994 509 3057 sibi
532 2996 753 3077 subiugaront,
782 3002 814 3058 et
835 2994 916 3057 lilios
934 3015 1008 3058 suos
1030 2994 1063 3057 in
1083 2993 1210 3055 obsides

190 3107 360 3171 traderent.
381 3108 508 3170 Zuardu
521 3116 552 3170 et
567 3108 691 3171 Cadusa
705 3109 774 3190 paci
789 3109 948 3182 fauenteS,
969 3116 1001 3171 et
1014 3107 1097 3169 dona
1112 3114 1144 3170 et
1157 3106 1213 3168 ob·

190 3218 274 3281 sides
288 3238 399 3281 corum
415 3219 621 3301 accipientes,
649 3239 704 3283 eos
720 3221 809 3303 quasi
824 3241 915 3283 suum
929 3219 1091 3302 proprium
1111 3236 1213 3299 popu·

190 3329 253 3392 lun
272 3331 305 3392 in
323 3349 401 3412 pace
417 3330 612 3394 dimiserunt.
640 3332 701 3413 ipsi
716 3351 794 3395 uero
810 3338 962 3412 ceperunt
976 3329 1117 3412 equitare
1132 3325 1214 3390 ultra

190 3450 312 3523 portam
327 3441 443 3516 Wazil,
464 3451 496 3505 et
510 3450 645 3505 castrum
660 3443 795 3527 Philippi
809 3444 893 3525 regis
908 3447 1076 3524 ceperunt,
1098 3439 1213 3503 deindo

189 3559 286 3615 soum
302 3561 419 3615 terram
433 3573 534 3636 usque
550 3555 590 3616 ad
606 3554 804 3636 Cleopatram
820 3555 977 3617 ciuitatem
994 3553 1051 3616 sibi
1066 3552 1214 3634 subiuga·

189 3672 322 3738 nerunt,
343 3672 374 3728 et
388 3665 447 3728 sub
463 3673 617 3748 potestate
632 3685 689 3728 sua
703 3665 882 3729 habuerunt
894 3673 993 3729 totam
1007 3673 1122 3728 terram
1136 3683 1155 3726 a
1170 3663 1214 3727 ci·

190 3776 288 3840 nitate
300 3777 423 3840 Durasu
439 3798 540 3860 usque
555 3779 595 3841 ad
610 3788 725 3842 terram
736 3779 853 3860 Rachp.
875 3779 1040 3843 etZuardu
1054 3777 1213 3841 ineadcm

188 3895 275 3951 terra
294 3889 384 3953 duxit
405 3890 463 3952 sibi
483 3909 631 3966 uxorem,
652 3899 684 3954 et
704 3891 839 3973 populus
859 3890 911 3953 illc
926 3891 980 3973 qui
998 3909 1082 3953 nunc
1097 3888 1211 3951 dicitur

190 3998 417 4086 Sobamogera,
428 4011 552 4066 mortuo
563 4004 645 4067 duce
656 4004 758 4067 Zuard
768 4005 800 4068 in
811 4003 923 4067 Gracia
931 4004 1091 4076 remansit,
1100 4010 1131 4066 et
1139 4004 1213 4066 ideo

189 4114 293 4179 dictm
307 4123 356 4178 est
365 4115 449 4178 Solia
463 4116 637 4179 secundum
650 4115 777 4195 Grecos,
791 4116 824 4178 id
838 4120 887 4178 est
900 4115 1022 4189 stultus,
1042 4115 1117 4199 quia
1131 4132 1215 4177 mor·

187 4234 247 4294 too
259 4225 390 4292 domino
403 4246 474 4306 suo,
493 4227 579 4294 uiam
593 4246 658 4296 nou
673 4226 783 4297 dilexit
795 4228 900 4298 reduc
914 4227 954 4296 ed
968 4226 1102 4317 patriam
1114 4238 1215 4292 soant.
