2798 4764
302 356 497 442 nmrsmrur.
518 391 607 440 recu
622 390 815 442 onerimrro
828 392 962 441 recurri.
992 370 1081 442 1288.
1142 370 1203 442 605

180 556 287 612 nostre
301 546 564 622 uicerancellarii,
587 548 693 611 dilecti
707 557 738 611 et
751 547 851 612 fidelis
866 549 974 612 nostri.
1009 550 1069 611 An.
1085 548 1204 612 domini

181 659 272 722 MCC.
287 661 500 743 octuagesimo
517 660 658 741 septimo,
680 679 765 722 nono
785 659 910 723 kalend.
927 659 1012 733 Iulii,
1033 659 1203 723 indictione

181 769 437 853 quintadecima,
459 770 547 851 regni
563 778 664 833 autem
681 769 779 833 nostri
795 790 876 833 anno
891 770 1062 834 sedecimo.

485 1218 675 1304 ttntsttt
700 1219 757 1305 111.
782 1218 905 1304 ansts

183 1395 526 1472 nncnnnnrto
549 1396 770 1474 Tnnonn
794 1396 1207 1478 STRlGONlENSlS.

558 1553 838 1617 mcccxxxvln.

494 1725 718 1792 Emauuscriptis
737 1727 901 1782 Hereneseii.

256 2008 418 2071 Ladislaus
430 2008 480 2070 dei
490 2006 950 2091 graciaHungarie,Dalmacie,
958 2007 1098 2082 Croucie,
1106 2009 1212 2083 ltame,

187 2118 314 2192 Seruie,
337 2117 484 2192 Gallicie,
506 2117 710 2191 Lodomerie,
732 2118 896 2193 Cumanie,
916 2119 1126 2201 Bulgarieque
1147 2140 1212 2182 rex.

187 2229 342 2291 uniuersis
358 2227 471 2289 Christi
491 2226 647 2302 fidelibus,
669 2236 730 2291 tam
752 2229 840 2311 regni
861 2231 960 2292 nostri
975 2230 1096 2303 incolis,
1117 2249 1213 2312 quam

188 2338 312 2413 exteris,
334 2346 513 2422 presentem
535 2339 681 2423 paginam
701 2341 898 2424 inspecturis,
919 2341 1051 2405 salutem
1073 2342 1105 2403 in
1120 2341 1213 2424 largi-

190 2459 257 2513 tore
273 2450 391 2514 salutis.

270 2562 426 2637 Quoniam
439 2561 615 2626 celsitudini
628 2564 789 2646 congruit,
810 2562 858 2625 ius
873 2585 1029 2627 summum
1045 2566 1213 2648 unicuique

188 2672 343 2748 tribuere,
365 2693 400 2735 ac
421 2674 525 2735 omnia
546 2674 578 2734 in
598 2682 714 2738 statera
735 2675 855 2738 iusticie
878 2678 997 2740 cercius
1020 2697 1102 2760 equa
1122 2677 1213 2742 lance

189 2787 315 2849 librare:
338 2785 480 2868 prolecto
495 2806 574 2869 quos
597 2804 685 2848 amor
699 2786 838 2863 iusticie,
859 2809 917 2852 nec
933 2811 995 2852 uon
1009 2792 1094 2853 zelus
1110 2790 1214 2855 debite

189 2899 322 2961 racionis
343 2898 383 2961 ad
402 2897 522 2961 iusticie
539 2899 780 2981 congruenciam
796 2921 859 2962 non
876 2901 987 2975 allicit,
1009 2924 1067 2966 nec
1081 2903 1217 2978 inducit,

190 3013 317 3095 euagari
340 3031 402 3073 non
418 3013 512 3075 debet
530 3012 635 3076 illicite
656 3014 778 3087 sinere,
799 3014 914 3097 regalis
928 3015 1044 3078 trutina
1059 3014 1217 3096 equitatis,

188 3145 228 3187 ne
244 3125 393 3207 gironaga
407 3123 535 3187 libertas
550 3126 679 3188 effrenis
693 3125 839 3200 licencie,
858 3125 996 3189 debitum
1011 3125 1131 3186 iusticie
1147 3124 1216 3184 uio-

189 3234 273 3295 landi
288 3254 345 3317 pro
361 3244 436 3298 uoto
451 3235 618 3298 cuiuslibet
638 3255 674 3297 ac
690 3235 952 3317 interpretacione
970 3234 1118 3308 libitoria,
1138 3233 1215 3296 iuris

190 3345 381 3424 exigenciam
402 3346 521 3408 minuat
544 3354 596 3406 aut
616 3353 760 3420 eneruet;
786 3364 883 3427 quum
904 3343 1068 3427 priuilegia
1090 3364 1146 3406 seu
1165 3365 1217 3406 re·

191 3455 276 3540 galus
303 3458 480 3520 sanctiones
508 3457 699 3539 pragmatico
725 3477 786 3538 que
817 3456 1024 3519 sacrosanctis
1052 3456 1217 3539 presertim

191 3568 329 3633 ecclesiis
352 3591 369 3632 a
391 3570 509 3633 sanctis
529 3569 644 3630 nostris
664 3569 928 3652 progenitoribus,
950 3569 1062 3651 quibus
1083 3569 1217 3651 plurima

190 3680 355 3744 saluatoris
376 3678 548 3744 clemencia
570 3688 617 3742 est
639 3679 785 3762 elargita,
811 3681 947 3744 debeant
969 3702 1038 3745 esse
1060 3702 1216 3758 mansura,

191 3801 221 3855 et
236 3793 337 3854 omnis
353 3812 484 3874 prorsus
500 3789 719 3853 diminucionis
734 3800 882 3854 extranea
898 3812 954 3855 seu
969 3795 1111 3857 aduersa.
1142 3792 1217 3857 hinc

192 3911 256 3974 est,
276 3903 362 3984 quod
381 3924 478 3987 quum
499 3923 601 3986 nuper
616 3902 705 3965 nobis
722 3902 805 3985 apud
820 3902 1010 3985 Strigonium
1031 3904 1218 3985 resipiscere

191 4014 347 4094 preteritis
375 4015 489 4079 nostris
514 4016 552 4078 de
579 4015 897 4098 transgressionibus,
925 4023 1052 4079 auctore
1081 4016 1219 4090 domino,

191 4123 294 4186 studio
309 4125 439 4189 meliore
453 4128 624 4209 pertractis,
646 4127 757 4218 iratres
773 4126 886 4201 nostri,
900 4137 1008 4191 sancte
1024 4126 1219 4208 Strigonien-

190 4235 233 4302 sis
248 4232 379 4303 ecclesie
395 4236 577 4325 capitulum,
597 4237 690 4304 nobie
703 4238 840 4326 quedam
860 4259 917 4305 rua
930 4235 1097 4328 priuilegia
1111 4235 1151 4300 de
1165 4234 1220 4301 tri·
