2798 4764
212 292 276 379 m
334 308 637 379 monueramus
648 311 722 365 ura
735 311 763 363 s.
774 312 929 371 srsrnarr
941 312 1034 367 mara
1047 290 1125 383 tii).

214 469 355 553 corporis
375 467 482 547 tieret,
504 468 632 546 sudoris
650 488 742 552 spem
753 468 970 535 misericordie
990 487 1171 552 cooperans
1185 467 1243 533 ba·

213 580 369 656 bitnrnm,
399 582 548 663 precibus
568 580 629 643 boc
652 580 865 664 spiritualibus
885 580 1071 662 postulauit,
1101 581 1242 663 suspiriis

215 699 249 767 et
267 693 403 757 lacrimis
423 692 566 756 obtinuit.
594 693 705 757 aderat
721 691 819 774 igitur
837 690 914 755 felir
932 689 986 754 illa
1003 691 1082 765 dies,
1103 711 1160 776 per
1174 691 1242 755 eins

214 804 336 875 obitum
349 804 473 869 felicior
487 824 561 868 mox
574 804 689 868 futura.
719 803 940 881 circumstabat
953 821 1024 866 cnm
1038 803 1124 867 clero
1138 811 1244 885 pater·

212 917 295 983 nius
316 916 560 1000 episcoporum,
584 935 656 979 cum
680 933 776 977 manu
797 914 1011 993 ministrorum
1031 914 1243 999 principatus,

211 1026 331 1109 clapsus
345 1027 503 1091 comitum.
529 1025 580 1088 ubi
594 1044 651 1091 rex
666 1025 727 1089 deo
742 1025 874 1090 dilectus
887 1026 921 1089 in
935 1026 1041 1099 medio
1054 1026 1170 1101 iacens,
1191 1046 1243 1091 ac·

214 1147 308 1221 cepto
330 1137 485 1204 unctionis
504 1135 672 1220 spiritualis
692 1145 907 1212 sacramento,
927 1145 1070 1201 sanctam
1088 1138 1243 1214 animam,

215 1251 357 1335 corporis
378 1257 412 1315 at
428 1248 591 1332 sanguinis
612 1249 730 1312 domini
753 1249 853 1313 nostri
872 1249 969 1313 lbesu
990 1249 1105 1313 Christi
1125 1250 1241 1314 uiatico

214 1372 399 1439 recreatam,
413 1381 496 1425 anno
512 1361 667 1425 dominice
683 1360 909 1425 incarnacionis
920 1361 1001 1423 mill:
1013 1360 1240 1427 xxxvutuo

210 1475 258 1545 in,
267 1494 377 1542 manns
391 1473 522 1556 uirginis
536 1481 707 1556 perpetue,
729 1480 761 1537 ct
773 1480 952 1537 sanctorum
966 1473 1168 1557 angelorum,
1189 1493 1242 1538 ce·

208 1586 300 1669 lestis
323 1585 422 1669 quieti
444 1584 648 1650 beatitudinis
674 1585 870 1649 inserendam
898 1585 1036 1649 tradidit.
1069 1586 1169 1650 iactus
1193 1593 1242 1649 est

106 1695 110 1701 ’
211 1698 357 1783 piractus
376 1697 531 1761 maximus
550 1717 695 1772 suorum,
716 1697 867 1780 gaudium
888 1697 1088 1781 angelornm:
1107 1697 1166 1761 red
1189 1696 1240 1759 bic

210 1808 355 1893 planctus
375 1817 488 1893 postea
512 1828 623 1873 uersus
644 1817 693 1873 est
711 1809 744 1872 in
762 1809 897 1873 leticiam
915 1809 1157 1893 sempiternam,
1176 1819 1240 1874 tem

213 1919 429 1994 nascencium,
452 1939 546 2002 quam
568 1920 758 1983 uiuencinm.
790 1920 831 1983 ad
854 1920 1006 2004 exequias
1029 1918 1150 1984 funeris
1173 1920 1241 1985 eius

213 2050 254 2096 cx
269 2031 413 2094 omnibus
428 2030 588 2094 Pannonio
605 2030 706 2114 plagis
721 2031 929 2106 concurritur,
949 2050 1064 2113 corpus
1078 2032 1241 2097 adsedem

208 2141 369 2227 malem,
389 2141 663 2207 Albamuidelicet
677 2143 837 2207 ciuitatem
851 2142 1026 2207 deducitur.
1047 2151 1079 2207 et
1090 2144 1240 2227 quoniam

213 2254 348 2321 ecclesis
360 2254 540 2320 beatissime
553 2253 684 2337 uirginis
698 2253 817 2336 abipso
828 2262 1006 2321 constructa
1019 2255 1159 2319 nondum
1174 2262 1243 2319 erat

213 2368 376 2444 dedicata,
391 2367 469 2431 inito
484 2365 616 2431 consilio
630 2374 770 2431 statuunt
782 2366 959 2449 pontifices,
980 2367 1067 2450 prius
1080 2367 1240 2431 basilicam

211 2479 427 2554 runcatione,
457 2479 572 2543 deinde
591 2497 707 2562 corpus
728 2486 812 2541 terre
834 2478 1069 2542 commendare.
1100 2478 1242 2560 perlecta

210 2589 425 2655 dedicacionis
443 2588 689 2671 sollempnitate,
710 2607 828 2671 corpus
844 2598 989 2652 sanctum
1011 2589 1044 2651 in
1061 2590 1169 2654 medio
1184 2590 1241 2653 do·

212 2719 283 2791 napa
301 2699 498 2783 sarcophago
517 2699 641 2763 candidi
660 2699 825 2763 marmoris
843 2699 1026 2783 imponitur,
1045 2700 1100 2764 ubi
1114 2720 1172 2782 per
1184 2719 1241 2763 an·

213 2830 271 2875 nos
294 2809 400 2893 plures
415 2811 559 2874 dominus
582 2832 639 2895 per
652 2813 750 2895 ipsius
770 2811 900 2886 merita,
919 2809 1024 2875 multis
1040 2810 1240 2875 incommoda

206 2921 419 3005 pacientibus,
440 2921 698 2999 febricitantibus,
719 2923 920 2989 afflictionem
933 2930 967 2989 et
979 2922 1138 2987 miseriam
1150 2943 1240 2989 suam

205 3031 489 3117 proclamantibus,
500 3034 711 3120 iudiciumque
726 3035 933 3119 portantibus,
944 3035 1096 3101 beneticia
1108 3036 1243 3121 prestitit

212 3144 388 3223 innumera.
408 3165 485 3229 sepe
500 3157 692 3231 pernoctem
706 3149 844 3214 melodia
856 3158 966 3213 cantus
981 3148 1146 3232 angelicis
1161 3149 1241 3213 mul-
1321 3224 1338 3245 .

213 3257 254 3323 tir
275 3258 472 3335 audiebatur,
492 3258 677 3343 frequenter
697 3259 805 3325 odoris
826 3259 1004 3325 auamssimi
1026 3260 1161 3325 dulcedo
1184 3281 1241 3344 per

212 3366 313 3443 latera
326 3370 434 3455 templi
448 3371 698 3454 dispergebatur.

294 3590 361 3676 (Ἠ)
382 3594 510 3671 Quieuit
521 3595 628 3677 itaque
640 3614 753 3676 corpus
767 3593 896 3658 beatum
906 3594 1020 3658 eodem
1033 3593 1067 3657 in
1080 3592 1162 3666 loco,
1174 3611 1239 3655 non

212 3707 331 3791 apertis
353 3704 548 3771 declaratum
570 3707 733 3789 signorum
757 3704 882 3769 indiciis
905 3704 999 3767 XLV.
1022 3704 1128 3777 annia,
1158 3704 1238 3765 miro

213 3815 433 3899 disposicimis
452 3815 551 3897 ipsius
570 3825 707 3894 secreto,
726 3815 828 3900 quiin
840 3815 958 3879 sanctis
972 3815 1036 3880 suis
1048 3814 1240 3897 predicatur,

213 3932 248 3991 at
259 3933 308 3988 est
321 3924 470 3989 mirabilis
485 3946 495 3988 ι
516 3933 566 4001 nt,
587 3937 665 4012 quot
676 3947 777 3993 annos
790 3935 918 3992 sanctus
932 3926 1016 3991 mole
1031 3926 1135 3991 carnis
1148 3927 1240 3991 indu-

208 4040 280 4113 tus,
306 4035 426 4101 terreni
447 4055 597 4103 coronam
618 4037 759 4122 imperii,
779 4039 968 4125 pardonum
987 4036 1092 4121 gracie
1114 4039 1241 4121 spiritn-

208 4149 273 4223 att·
289 4157 414 4241 pestere
433 4150 625 4231 mordetur,
652 4158 700 4218 tot
720 4171 835 4239 corpus
852 4150 948 4217 bumi-
960 4151 1135 4239 grauedine
1150 4173 1241 4240 pres·
