2798 4764
130 340 221 396 Ιῐι
232 345 377 395 remora
387 348 541 395 nranarrs
555 347 713 395 noarrrnu
728 350 768 394 ns
783 345 952 397 naam
966 331 1057 396 1260.
1099 331 1161 397 51⁷

131 501 304 567 ministerio
327 513 360 566 et
379 503 593 568 ecclesiastico
614 504 770 568 beneficio
794 523 994 586 separamus,
1023 512 1160 567 attamen

132 613 405 695 dispensacionem
424 617 463 678 de
479 615 527 680 his
542 616 631 679 uobis
645 616 859 689 concedimus,
882 623 916 678 ut
930 615 963 676 hi
977 615 1030 696 qni
1044 635 1160 679 uxores
1227 622 1231 630 '

131 734 202 787 ante
218 724 278 787 iam
296 725 395 788 dictos
411 728 537 789 ordines
553 736 753 808 acceperunt,
764 727 912 809 quoniam
927 725 1063 807 legitime
1077 734 1160 803 sunt,

81 906 84 914 ,
130 836 156 898 si
171 837 320 918 uxoribus
336 837 416 898 uitro
429 847 461 901 et
475 839 542 900 sine
552 839 717 902 coactione
728 837 955 901 continenciam
971 836 1159 898 uouentibua

131 945 189 1027 ipsi
212 967 339 1028 quoque
362 950 540 1023 uouebant,
562 959 593 1012 et
613 950 740 1013 easdem
760 968 874 1010 uxores
889 968 907 1010 a
922 947 1159 1010 cohabitacione

131 1058 356 1130 remanebunt,
378 1060 417 1121 ad
437 1059 540 1122 altaris
558 1060 762 1122 ministerium
779 1060 926 1132 redeant,
948 1068 979 1122 et
993 1057 1160 1121 ecclesias-

130 1168 190 1231 tica
205 1167 359 1230 beneficia
373 1169 519 1233 habeant.

213 1277 280 1360 (18)
302 1280 349 1342 lili
365 1301 443 1344 uero
457 1282 511 1364 qui
527 1291 598 1363 post
611 1299 718 1344 sacros
733 1282 859 1344 ordines
881 1280 1001 1363 aliquas
1020 1282 1077 1344 suh
1093 1301 1158 1344 ma·

130 1390 267 1454 trimonii
282 1393 407 1455 nomine
419 1394 593 1467 duxerunt,
615 1395 763 1476 quoniam
781 1393 960 1456 huiusmodi
977 1393 1157 1456 coniunctio

130 1511 239 1566 contra
260 1502 347 1584 leges
368 1512 416 1566 est
438 1504 535 1576 iacta,
558 1522 594 1567 ac
614 1524 672 1585 per
685 1505 747 1568 hoc
762 1505 994 1566 matrimonium
1014 1524 1077 1566 uon
1091 1511 1157 1578 est,

128 1614 197 1678 siue
218 1635 271 1678 eas
287 1614 430 1678 uolentes
452 1615 519 1677 siue
543 1616 655 1679 inuitas
671 1616 861 1689 dimiserint,
882 1623 913 1678 et
928 1615 1158 1679 continenciam

129 1728 162 1789 in
177 1725 307 1791 ecclesie
323 1727 501 1790 testimonio
516 1729 686 1807 uouerint,
700 1728 910 1790 ecclesiastica
925 1726 1027 1791 officia
1040 1727 1086 1789 sic
1100 1727 1159 1789 mi·

130 1838 275 1912 omnent,
296 1848 330 1902 ut
352 1839 432 1901 ultra
452 1840 491 1902 ad
513 1840 639 1903 relictas
662 1840 880 1903 immundicias
903 1859 967 1901 non
990 1839 1159 1905 declinent

130 1969 201 2011 nam
216 1950 243 2012 si
258 1949 467 2031 legitimarum
481 1951 558 2043 siue
569 1951 702 2013 aliarum
718 1951 938 2013 commixtione
957 1967 990 2011 se
1004 1950 1091 2031 ipsos
1106 1949 1158 2012 uei

129 2059 210 2124 nitra
233 2060 424 2136 iedauerint,
454 2064 493 2123 ab
508 2063 612 2124 aitaris
631 2060 804 2124 ministerio
826 2060 955 2123 eosdem
976 2067 1158 2141 sequestra-

130 2191 210 2244 mus,
229 2172 288 2234 nisi
306 2182 359 2235 aut
373 2173 412 2234 ad
428 2173 599 2236 canonicos
615 2173 775 2253 regulares
797 2179 852 2233 aut
873 2170 912 2232 ad
928 2170 1071 2234 ordinata
1091 2189 1159 2231 mo

130 2282 266 2344 nasteria
281 2283 468 2345 transierint.

211 2391 277 2475 (19)
299 2397 345 2457 De
366 2395 566 2458 subdiaconis
594 2403 701 2457 autem
724 2401 757 2456 et
777 2391 944 2474 prepositis
966 2391 1102 2455 uxoratis
1125 2392 1157 2454 id

129 2507 232 2590 ipsum
256 2506 325 2569 iieri
347 2506 561 2580 deceruimus,
582 2509 639 2570 sed
657 2505 801 2568 inducias
816 2504 906 2569 uobis
920 2523 1016 2585 super
1029 2504 1090 2566 hoc
1105 2525 1158 2568 us·

130 2637 192 2699 quc
205 2619 244 2681 ad
259 2619 447 2701 rescriptum
461 2619 580 2681 domini
595 2639 676 2700 pape
692 2619 811 2681 damus.

213 2730 277 2792 Hoc
293 2730 396 2792 omnin
412 2729 596 2804 obseruetis,
616 2738 842 2814 promotosque
864 2729 1032 2812 episcopos
1047 2747 1157 2793 omncs

130 2839 352 2921 obseruaturos
368 2840 534 2903 decadem
551 2842 653 2904 iurare
670 2840 800 2903 faciatis.

470 3174 586 3256 tuna
610 3175 666 3259 nt.
691 3174 812 3258 mats

163 3331 431 3408 LlssERTAs
456 3332 734 3408 HOSPITUM
760 3334 829 3407 md
856 3329 1123 3408 RASMARR
1153 3341 1156 3345 ’

549 3475 743 3538 rrecnxrx.

418 3619 440 3668 Ε
458 3616 586 3668 tabulario
604 3615 719 3666 civitatis
736 3615 874 3667 Kaamark.

543 3757 748 3768 ——n——nn

213 3864 287 3927 Belo
302 3864 352 3928 dei
367 3862 476 3945 gracia
489 3861 652 3943 Hungarie
672 3869 704 3923 et
724 3868 784 3922 cet
798 3879 865 3922 rex.
885 3861 925 3922 ad
940 3861 1159 3924 uniuersorum

131 3977 279 4039 noticiam
295 3983 405 4038 tenore
420 3974 621 4058 presencium
636 3973 783 4035 uolumus
798 3972 980 4053 peruenire,
1000 3974 1086 4055 quod
1099 3993 1159 4036 nos

131 4085 418 4168 supplicacionihus
440 4086 601 4168 hospitum
618 4092 798 4147 nostrorum
817 4083 858 4147 de
872 4084 1025 4147 Kasmarir
1039 4085 1070 4146 in
1085 4085 1160 4146 Sce-

131 4198 181 4280 pis
202 4197 361 4273 inclinati,
381 4196 465 4263 hanc
486 4198 534 4263 eis
551 4196 728 4260 libertatem
747 4195 891 4259 duximus
909 4195 1159 4258 concedendam
