2798 4764
172 382 259 435 aaa
273 390 315 435 rr.
328 386 418 434 reors
432 388 581 436 unsaris
596 389 700 438 curros
715 390 969 440 zromsrsssras.
1004 374 1093 441 Μ.
1135 374 1196 442 ott

172 544 374 627 contingunt,
397 545 428 605 in
455 544 506 607 die
528 555 723 620 strenarum,
753 556 784 609 et
803 566 866 608 non
891 555 964 610 ante
984 568 1088 630 neque
1110 554 1197 632 post,

171 656 231 738 ipsi
252 657 346 718 iidem
360 657 446 718 ciues
462 679 518 738 por
532 659 663 720 nuncios
678 679 752 720 suos
767 659 901 740 precise,
923 667 955 723 et
968 660 1088 742 absque
1102 661 1198 723 inter-

171 768 345 851 pettacione
368 769 520 851 qualibet,
549 769 671 833 mittere
695 779 726 833 et
747 769 871 834 soluere
892 791 949 853 pro
973 792 1069 835 censu
1091 789 1196 835 anano

171 888 346 943 teneantur.

254 992 463 1055 Condiciones
483 993 587 1075 itaque
609 1003 641 1056 et
656 993 816 1057 libertates
829 993 988 1076 hospitum
1010 1015 1066 1057 seu
1081 994 1197 1059 ciuium

171 1105 203 1165 in
224 1103 366 1184 predicto
388 1112 491 1166 castro
513 1103 725 1166 hahitarrcium
744 1127 801 1168 sau
821 1107 1096 1180 conueniendum,
1117 1124 1197 1191 quas

171 1213 229 1296 ipsi
244 1214 325 1276 inter
338 1235 372 1276 se
388 1214 545 1287 iecerunt,
568 1222 599 1276 et
619 1234 676 1277 nos
697 1216 949 1297 approbarimus,
970 1216 1048 1279 tates
1062 1216 1196 1280 habenti

253 1322 298 1406 (1)
321 1326 453 1400 Quodsi
470 1327 563 1388 iidem
578 1326 719 1408 hospites
734 1327 785 1389 uel
800 1327 887 1390 ciues
906 1327 938 1388 in
954 1323 1094 1389 districtu
1109 1327 1197 1391 Haa-

172 1437 272 1520 μήθ,
293 1438 466 1510 Damasia,
482 1436 626 1511 Croaeie,
648 1438 812 1501 Sotauonie
827 1437 950 1519 spoliati
966 1438 1016 1500 uel
1031 1439 1125 1502 occisi
1139 1458 1198 1521 per

170 1549 305 1610 latrones
327 1548 376 1609 uel
396 1548 472 1609 alios
496 1548 712 1611 malefactores
732 1549 862 1622 tuerint,
884 1549 1029 1612 dominus
1047 1557 1143 1624 terre,
1161 1548 1195 1613 in

171 1678 233 1742 qua
248 1659 371 1740 spoliati
388 1659 436 1720 uet
453 1660 547 1720 occisi
563 1659 694 1731 tuerint,
710 1658 851 1722 estimata
866 1660 1039 1741 quantitate
1053 1660 1196 1742 pecunia,

171 1770 256 1832 iuxta
271 1769 434 1833 arbitrium
450 1771 602 1832 bonorum
619 1771 757 1833 uirorum
781 1778 810 1833 et
826 1769 1053 1834 sacramentum
1068 1772 1197 1848 ciuium,

170 1882 286 1945 adhoc
302 1882 489 1955 electorum,
513 1880 564 1943 uel
583 1881 686 1943 ablata
707 1881 867 1956 refundat,
888 1881 939 1945 uel
961 1880 1196 1947 malefactorem¹

170 1994 338 2056 ostendere
359 2001 511 2066 teneatur,
533 2001 585 2055 aut
600 1991 760 2055 homicidii
776 2013 888 2074 penam
901 1991 1017 2066 soluat,
1038 1995 1124 2056 iuxta
1138 1994 1196 2056 ‹to-

170 2114 256 2168 eatus
271 2104 438 2167 Setauonie
454 2103 714 2166 consuetudinem
729 2104 941 2185 approbatam.

252 2213 298 2296 (2)
321 2216 398 2276 item
420 2215 535 2277 tributa
555 2214 636 2277 inter
655 2212 776 2295 regales
794 2213 946 2276 terminos
967 2215 999 2276 ia
1021 2215 1106 2278 nullo
1125 2215 1195 2279 loeo

170 2325 294 2389 soluere
309 2334 485 2388 teneantur.

251 2435 299 2519 (3)
320 2437 397 2500 item
412 2437 593 2520 quicunque
608 2437 686 2500 ciuis
705 2436 799 2498 atium
821 2437 922 2499 ciuem
943 2435 1117 2519 uitrrperiis‚
1137 2459 1195 2523 op-

169 2549 304 2631 probriis
326 2559 379 2611 aut
399 2550 594 2612 contumetiis
618 2549 771 2621 affecerit,
799 2549 825 2610 si
847 2550 878 2611 in
899 2567 938 2611 eo
959 2549 1061 2648 uictus
1083 2551 1195 2628 fuerit,

168 2663 234 2724 teso
249 2663 356 2723 decem
375 2681 501 2741 pensas,
522 2682 585 2723 non
607 2662 708 2723 minus
731 2680 886 2742 expensas
904 2669 1027 2723 eentum
1048 2663 1195 2727 denario·

169 2795 259 2847 rum,
290 2773 401 2835 soluat.
433 2774 519 2854 qood
542 2773 568 2835 si
594 2781 664 2854 post
684 2781 803 2834 ternam
827 2773 1054 2836 correctionem
1074 2794 1109 2837 so
1129 2793 1195 2838 noa

169 2885 403 2958 emendauerit‚
424 2885 518 2946 rebus
534 2884 678 2946 omnibus
699 2883 732 2945 io
746 2903 911 2946 commune
925 2884 1105 2966 applicatis,
1125 2893 1195 2948 tarr·

169 3018 261 3080 quam
275 2995 399 3058 infamis
414 2995 453 3058 de
468 2997 594 3058 ciuitate
608 2995 791 3078 expellatur.

252 3107 297 3188 (t)
319 3107 352 3169 Si
375 3107 445 3188 quis
466 3106 517 3170 uel
541 3107 662 3189 alapam
684 3108 772 3170 alteri
794 3107 931 3180 dederit,
952 3105 1004 3169 uei
1020 3127 1078 3189 par
1091 3105 1193 3170 crines

170 3219 325 3282 maliciose
339 3219 483 3292 traxerit,
506 3220 639 3282 eandem
656 3238 768 3301 penam
783 3219 933 3299 paciatur.

252 3326 297 3409 (5)
320 3329 351 3391 Si
365 3350 442 3393 uero
457 3331 516 3391 hec
530 3329 632 3392 iudice
647 3332 777 3393 sedente
797 3350 854 3410 pro
869 3327 1030 3399 tribunati,
1051 3328 1102 3389 uel
1116 3326 1193 3392 atiat

170 3440 347 3522 ubicunque
367 3441 399 3502 in
421 3441 488 3504 eius
503 3450 672 3522 conspectu
687 3442 770 3503 idem
787 3446 966 3522 perpetrare
980 3439 1194 3519 presumserit,

170 3572 252 3634 pena
267 3550 381 3631 duplici
397 3552 557 3632 plectatur.
614 3618 618 3640 ι

251 3661 259 3743 t
266 3662 300 3742 6]
322 3662 416 3738 Quod
437 3664 463 3724 si
484 3664 596 3725 hocin
620 3682 755 3744 persona
773 3659 893 3734 iudicis,
914 3659 965 3723 uei
980 3661 1194 3744 cuiuscunque

169 3774 336 3837 assessoris
351 3774 398 3835 sui
413 3774 496 3835 idem
511 3772 719 3845 attentaoerit,
737 3773 846 3834 desem
860 3789 981 3834 marcas
996 3771 1113 3835 usualis
1127 3790 1195 3835 mo-

169 3895 242 3949 nete
257 3906 313 3968 pro
329 3905 409 3968 pena
424 3883 576 3947 exsoluat.
603 3883 687 3966 qood
708 3884 734 3945 si
754 3883 907 3946 soluendo
921 3902 985 3945 aon
999 3882 1107 3958 suerit,
1128 3902 1195 3949 me·

168 4017 243 4058 num
256 3996 384 4059 amittat.

250 4105 298 4187 (7)
319 4106 350 4166 Si
364 4106 435 4187 quis
448 4104 585 4180 caretro,
603 4106 718 4188 gladio,
733 4106 844 4170 iancea
858 4115 912 4172 aut
925 4106 1048 4190 sagitta,
1065 4113 1119 4170 aut
1132 4103 1193 4168 atio

168 4218 222 4287 tati
241 4217 337 4281 modo
358 4215 455 4283 atisarr
473 4215 705 4298 emanauerit,
724 4225 758 4286 et
776 4216 960 4284 amasus
979 4217 1049 4282 sina
1066 4215 1194 4284 doteetu
