2798 4764
207 330 270 413 us
387 348 519 415 nesta
539 355 689 431 sonoro
702 356 877 417 -snemroo
902 359 925 416 r.
966 334 1057 415 tm

205 516 310 593 berit,
329 520 505 585 seruientes
519 540 593 585 eum
606 521 676 604 ipso
692 521 740 586 ire
752 542 818 586 non
831 530 1009 596 teneantur,
1031 521 1091 586 nisi
1107 539 1164 602 oro
1179 536 1237 603 pe·

208 631 302 697 mota
314 630 424 714 ipsius.
446 640 479 697 et
493 641 564 716 post
576 633 794 699 reuersiooem
808 636 959 698 iudicium
974 635 1128 698 exereitus
1142 654 1239 716 super

208 760 344 809 estnon
358 743 499 826 recipiat.
531 744 558 807 si
573 764 652 808 uero
666 766 706 809 ea
720 747 855 811 aduersa
870 757 961 830 parte
976 747 1133 810 exereitus
1148 744 1239 809 ueni-

207 862 258 921 ret
270 874 368 939 super
383 875 526 940 regnum,
540 876 651 921 omnes
666 858 888 923 uniuersaliter
901 858 948 922 ire
967 864 1142 921 teneantur.
1163 856 1240 920 item

208 967 338 1031 rientra
351 988 483 1052 regnum
498 973 672 1033 exereitum
684 971 800 1034 dueere
812 969 1007 1033 uoluerimus
1022 978 1136 1033 etcum
1147 985 1240 1030 exer-

208 1080 272 1145 nitu
288 1079 359 1162 ipse
375 1080 544 1156 inarimos,
569 1101 680 1146 omnes
695 1082 751 1165 qui
765 1081 930 1146 comitatus
951 1081 1086 1156 habent,
1109 1101 1165 1164 pro
1180 1100 1238 1162 pe-

208 1192 303 1258 nunis
315 1201 423 1257 nostra
436 1193 601 1258 nobiseum
615 1195 662 1258 iro
676 1203 856 1259 teneantur.

292 1302 341 1388 (8)
360 1304 520 1369 Palatinus
532 1326 643 1370 omnes
652 1305 798 1370 homiues
812 1305 901 1390 regni
915 1307 1014 1369 nostri
1025 1303 1241 1368 indifferenter

210 1416 375 1483 diwntimr
394 1419 453 1482 sed
474 1437 600 1483 eausam
623 1418 795 1494 nobilium,
817 1439 880 1501 que
903 1420 942 1482 nd
961 1419 1174 1500 perdicionem
1189 1437 1241 1481 oa·

208 1528 300 1615 pitis,
330 1529 384 1593 uel
407 1528 448 1593 ad
471 1531 724 1595 destruoeionem
748 1531 984 1613 possessionum
1010 1530 1146 1612 pertinet
1170 1529 1239 1591 sine

209 1634 409 1706 montinneio
429 1643 514 1725 regis
527 1640 697 1705 terminare
711 1660 775 1704 non
789 1641 900 1724 possit.
928 1642 1048 1705 iudices
1062 1660 1141 1705 uero
1154 1641 1241 1705 uica-

210 1750 277 1817 n‘os
290 1771 355 1815 non
370 1752 505 1817 babeant
513 1797 522 1828 ,
543 1752 605 1816 nisi
618 1772 716 1816 unum
736 1752 770 1815 in
785 1750 873 1815 ouria
887 1771 953 1817 sua.

294 1861 342 1947 (9)
365 1863 498 1928 Curiatio
521 1884 628 1927 eomes
650 1871 768 1938 noster,
789 1864 946 1929 donacio
967 1864 1055 1927 curia
1078 1863 1241 1935 manserit,

211 1994 324 2041 omnes
342 1976 442 2060 possit
461 1976 621 2050 iudicare,
641 1984 675 2040 et
687 1994 816 2039 causam
831 1974 864 2037 in
879 1975 965 2038 curia
981 1975 1157 2038 inchoatam
1174 1973 1244 2038 ohi-

211 2106 275 2173 qne
288 2089 469 2153 terminare.
489 2087 547 2152 sed
561 2107 691 2152 manens
705 2089 738 2151 in
752 2088 863 2171 predio
877 2108 946 2162 suo,
961 2088 1153 2170 prestatdum
1165 2087 1242 2150 dare

210 2218 277 2265 non
293 2202 408 2286 possit,
429 2220 489 2265 nee
502 2210 606 2286 partos
621 2200 725 2265 faeere
739 2200 840 2267 citari.

294 2311 360 2396 (td)
389 2312 421 2375 Si
442 2314 514 2396 quis
534 2311 682 2396 iobbngio
708 2312 828 2376 babens
848 2311 1021 2386 honorem,
1047 2311 1080 2374 in
1102 2312 1241 2375 exercitu

212 2424 308 2489 inerit
321 2432 474 2499 mortuos,
489 2424 557 2488 eius
571 2424 654 2487 titius
668 2424 719 2488 uei
735 2423 830 2487 irater
841 2442 983 2506 congruo
996 2422 1119 2486 honore
1133 2421 1174 2486 sit
1185 2424 1242 2484 do-

211 2538 346 2602 nandus.
376 2546 408 2600 et
428 2539 455 2601 si
474 2537 616 2601 seruiens
639 2538 753 2600 eodem
775 2537 871 2599 modo
890 2535 986 2599 fuerit
1000 2544 1152 2610 mortuus,
1173 2535 1242 2598 eius

211 2646 294 2712 fliius
315 2649 396 2711 siout
413 2648 481 2730 regi
496 2648 652 2712 uidebitur
667 2649 812 2711 donetur.
899 2668 906 2681 ·

294 2755 360 2839 (11)
380 2758 411 2820 Si
432 2757 588 2840 hospites,
608 2757 759 2824 uidelicet
778 2758 852 2822 boni
872 2758 1026 2833 homines,
1047 2759 1088 2821 ad
1109 2775 1241 2840 regnum

212 2870 374 2944 uenerint,
394 2869 463 2934 sine
484 2870 615 2933 consitio
636 2871 725 2955 regni
747 2871 787 2934 ad
806 2870 975 2953 dignitates
995 2890 1060 2934 non
1073 2889 1241 2953 promoue-

214 2988 317 3046 meur.

296 3088 365 3175 (tt)
385 3092 505 3156 Uxores
519 3092 745 3156 decedencium
759 3092 811 3157 nel
822 3094 1041 3158 damnatorum
1056 3095 1095 3157 ad
1107 3102 1241 3156 mortem

213 3224 273 3291 per
293 3204 485 3269 eenteoeiam
507 3203 560 3268 uei
578 3204 612 3267 in
632 3204 728 3269 dueto
748 3206 1023 3270 soeeumbeooium
1042 3206 1095 3269 oet
1109 3225 1150 3269 ex
1164 3223 1242 3287 qua-

213 3338 339 3402 eroque
353 3318 414 3382 ntis
427 3336 539 3392 eausa,
560 3336 626 3381 non
638 3317 826 3383 fraudentur
839 3319 913 3383 dote
928 3338 995 3382 soa.

297 3432 372 3513 (13)
393 3431 580 3515 iobagiones
601 3427 644 3493 ita
663 3440 835 3513 sequantur
848 3431 968 3495 entim
983 3427 1034 3493 oei
1049 3448 1241 3511 quoeunque

213 3543 464 3628 proficiscuntur,
485 3550 520 3606 ut
536 3560 693 3626 pauperes
712 3563 770 3625 per
783 3562 840 3607 eos
861 3561 926 3606 non
946 3540 1163 3626 opprimantur
1185 3559 1242 3602 nec

213 3651 400 3737 spolientur.

296 3761 362 3847 (rt)
384 3764 459 3827 item
474 3764 501 3827 si
515 3765 585 3849 quis
599 3784 705 3830 comes
719 3765 892 3830 honorifice
914 3784 948 3827 se
971 3763 1058 3826 iuxta
1077 3760 1242 3824 comitatus

214 3875 265 3941 sui
277 3876 457 3960 qualitatem
473 3896 536 3940 non
550 3876 706 3952 hahuerit,
727 3877 781 3941 uei
794 3873 985 3939 destruxerit
995 3869 1134 3956 popolus
1149 3873 1242 3936 rastri

214 3988 280 4064 etti,
300 3987 462 4054 conuictus
482 4009 579 4074 super
592 3989 655 4055 hoo
675 4008 783 4055 eoram
803 3987 889 4054 omni
908 3984 1171 4070 regnodignioto
1185 4003 1243 4049 sus

214 4100 348 4186 turpiter
361 4100 522 4186 spolietur,
543 4121 616 4168 eum
628 4101 832 4168 restitucione
845 4098 1032 4166 ablatorum.
