2798 4764
174 286 220 364 ’ἢ
473 292 604 366 tuomet
623 314 834 365 mannum
854 292 911 383 (8).

180 465 338 556 quondm
352 466 598 557 expergefaetus,
618 470 819 538 ueredrrium
838 471 996 556 quendam
1012 471 1095 536 intra
1115 468 1200 536 «lieni

181 593 213 647 et
224 593 351 651 noctem
364 586 405 648 arl
418 584 528 648 Albam
543 584 799 668 Transylnenlum
821 583 895 647 fecit
907 583 1071 657 festinare,
1091 590 1125 646 et
1137 602 1205 649 nm·

179 713 238 759 nes
251 696 283 758 in
296 714 370 759 rure
386 705 549 760 manentes
564 697 603 760 nd
617 696 771 759 iniunctus
785 696 929 759 ciuitates
947 696 1205 779 quamcitissime

178 804 274 890 punse
295 826 501 893 congregare.
528 806 664 891 predixit
684 808 768 871 enim
786 815 1035 889 superacutum
1058 805 1208 873 Christia-

180 918 294 984 norum
309 919 435 996 hostes,
456 921 641 1003 feliciusque
662 927 737 983 tunc
756 917 913 1002 Hungaris
929 918 1087 992 mittebat,
1107 917 1207 1001 Bycen

177 1038 237 1114 pro
258 1050 355 1096 censu
377 1033 594 1116 possessiones
609 1051 720 1095 eorum
736 1032 958 1113 depredaturo.
993 1030 1047 1093 uix
1072 1029 1206 1093 nuncius

176 1144 326 1207 mandatu
352 1144 436 1227 regis
460 1141 647 1227 compleuit,
675 1141 708 1207 et
731 1162 807 1207 ecce
830 1161 1024 1226 paganorum
1044 1142 1211 1223 inopinata·

180 1254 342 1320 calamitae
355 1257 508 1321 incendiis
521 1264 554 1321 et
566 1254 685 1339 rapinis
706 1264 773 1320 tota
793 1254 955 1319 deuastatn
974 1254 1024 1319 ¹est
1036 1274 1095 1336 per
1107 1253 1207 1317 ulcin-

178 1385 252 1430 nem
272 1367 333 1430 dei.
362 1369 446 1433 unde
465 1369 585 1433 meritis
606 1368 690 1433 beati
711 1368 769 1430 uiri
791 1368 990 1431 manifestum
1011 1374 1060 1430 est
1075 1365 1154 1441 hoe,
1172 1364 1209 1431 e't

178 1499 288 1544 omnes
302 1482 355 1563 qni
371 1500 443 1544 enm
457 1482 609 1545 inuadere
623 1481 755 1554 uellent,
782 1477 878 1545 deum
891 1478 946 1564 qui
960 1486 1121 1563 protector
1135 1479 1204 1542 eins

176 1592 244 1666 est,
267 1592 422 1656 timerent.

260 1705 335 1768 Post
343 1703 403 1768 hec
414 1724 492 1789 uero
502 1705 679 1770 Conrndum
690 1706 912 1787 imperatorem
921 1705 1096 1768 Romanum
1109 1722 1205 1769 mann

179 1816 252 1879 lorti
274 1816 424 1882 terminos
438 1817 598 1902 ilungerie
618 1818 770 1883 inuadere
792 1819 951 1881 nunciant.
982 1827 1092 1882 contre
1106 1834 1205 1901 quen

180 1944 237 1990 rex
251 1927 416 1993 eonsilium
430 1929 550 1993 hahens
564 1908 786 2013 episcoporum
803 1938 837 1995 et
848 1929 1081 2013 principatum,
1102 1929 1143 1993 ad
1158 1938 1207 1993 tn-

180 2040 294 2103 endam
314 2041 447 2122 patriam
467 2051 602 2106 armatos
625 2042 785 2126 Huugarie
807 2042 978 2107 conuenire
1001 2040 1086 2107 iecit
1116 2041 1205 2125 prius

179 2160 285 2216 tamen
300 2153 444 2217 recolens
458 2175 493 2216 se
509 2154 586 2217 nihil
600 2155 669 2220 sine
679 2155 792 2220 Christi
807 2156 952 2241 sulrnqiis
965 2175 1074 2237 posse,
1094 2173 1205 2219 manue

178 2273 213 2327 et
226 2283 281 2327 cor
291 2265 400 2328 leuans
416 2266 586 2340 ndethcrn,
601 2267 729 2331 domine
742 2287 800 2330 sue
814 2275 967 2349 perpetue
983 2264 1094 2348 uirgini
1104 2263 1203 2328 llarie

176 2394 251 2438 snas
272 2376 403 2440 iniurias
425 2380 663 2453 commendans,
683 2377 778 2442 talem
802 2378 945 2461 prorupit
967 2378 1150 2440 inuocem:
1177 2376 1206 2438 ei

177 2485 282 2568 placet
295 2488 351 2550 tibi
365 2488 491 2551 domina
505 2491 686 2573 imperatrix
698 2489 757 2554 celi
771 2498 804 2555 et
814 2500 897 2555 terre
914 2499 966 2554 tue
977 2497 1099 2573 partem
1110 2487 1205 2552 here·

176 2598 281 2660 (litatis
306 2598 346 2660 nb
367 2599 501 2661 inimicis
526 2600 700 2675 deuastari,
732 2610 764 2666 et
788 2602 945 2665 nouellam
970 2601 1202 2684 plantacionem

177 2708 411 2771 christianitatis
431 2710 575 2783 abolere,
604 2712 732 2775 comitto
753 2713 955 2794 disposicioni
977 2714 1031 2777 tue
1046 2722 1078 2776 et
1092 2711 1205 2777 uolun-

176 2821 243 2884 tnti.
271 2820 320 2883 his
335 2821 426 2883 dictis
440 2823 531 2904 qnasi
546 2823 726 2887 consulatus
741 2825 781 2887 nb
795 2844 847 2899 ea,
872 2824 1009 2889 fideliter
1022 2835 1132 2890 contra
1144 2824 1205 2890 lte·

178 2942 258 2996 stem
273 2932 338 2995 ibat
351 2932 390 2994 ad
405 2931 552 3014 prelium.
573 2934 755 2999 recordatus
769 2943 873 3000 nutem
887 2936 1057 3001 uerborum
1070 2936 1205 3003 ttexm·

178 3043 227 3107 dri
248 3045 349 3126 regis,
369 3045 425 3127 qui
445 3045 584 3108 dixerat:
606 3052 689 3110 sture
711 3067 770 3130 pro
790 3048 905 3130 patria,
932 3049 1040 3130 patriis
1061 3046 1205 3111 tituliset
1257 3038 1261 3045 ’

176 3152 292 3217 honori
313 3155 480 3238 inuigilare
502 3157 609 3231 decet,
630 3157 767 3222 animum
783 3158 981 3225 consortanit
1008 3160 1107 3223 altera
1124 3176 1204 3223 uero
1291 3225 1297 3238 ,

178 3268 229 3331 (lie
244 3267 414 3332 miserante
428 3271 534 3353 gracia
547 3271 681 3334 nunnus
695 3272 735 3335 alr
749 3273 940 3355 imperatore
954 3272 1055 3346 uenit,
1069 3271 1124 3354 qui
1135 3271 1203 3335 eius

176 3380 315 3443 reditum
330 3381 501 3445 nuncinuit.

259 3492 521 3575 {ingredientibus
536 3495 724 3559 aduersariis
737 3496 788 3559 nir
803 3495 854 3559 tlei
868 3514 903 3559 se
917 3512 975 3579 per
986 3514 1097 3579 preces
1111 3495 1202 3559 berte

177 3602 307 3685 uirginis
317 3603 483 3668 liberatum
497 3605 683 3688 intelligens,
697 3606 821 3669 Christo
834 3626 957 3689 sueque
966 3607 1057 3669 metri
1067 3606 1204 3689 gloriose

177 3714 266 3778 flexis
287 3716 436 3797 genibus,
466 3715 506 3778 ad
527 3717 629 3780 celum
655 3717 793 3779 extensis
817 3717 961 3779 manilius
983 3716 1103 3798 gracias
1125 3716 1205 3798 egit,

178 3845 312 3908 eamque
329 3827 574 3907 procuratricem
592 3828 641 3890 sui
655 3826 745 3909 regni
764 3826 925 3890 odornino
939 3825 1125 3909 postulauit,
1146 3827 1205 3890 ibi-

176 3957 239 4020 que
255 3945 363 3999 notnm
377 3936 498 4000 obtulit
527 3937 698 4020 imperator
712 3959 789 4002 uero
804 3958 934 4004 suorum
953 3946 1017 4002 tarn
1037 3938 1204 4020 repentina

176 4046 360 4133 perterritus
380 4045 576 4123 deiection03
602 4049 764 4114 sciscitans
783 4050 824 4114 ab
844 4050 890 4114 eis
904 4048 1041 4133 qualiter
1055 4050 1204 4134 contigis-

175 4167 242 4239 sat,
268 4158 355 4245 qnod
374 4159 530 4247 perterriti
551 4180 662 4229 omnes
680 4160 856 4250 fugissent,
884 4169 917 4231 et
939 4161 1026 4252 quod
1045 4181 1105 4250 per
1124 4178 1201 4252 pro·-
