2798 4764
176 286 237 351 (ibt
278 304 409 351 moun
421 304 468 351 nr.
480 303 570 349 neers
584 301 735 347 cursuras
749 299 906 345 nosrrrmr
921 298 962 343 nn
978 297 1086 347 nosos.
1117 279 1214 345 ΗΜ.

177 465 398 521 extraneorum
417 463 542 521 exortas
560 455 642 518 iuter
656 454 752 536 ipsos,
773 453 824 515 uel
845 453 927 515 intra
947 461 1046 515 metas
1061 451 1214 525 ciuitatis,

176 587 265 631 more
280 567 438 649 hospitum
460 563 593 628 aliorum
609 585 679 628 cum
696 565 807 627 decem
821 563 930 626 iuratis
945 562 1128 625 conciuibus
1142 562 1213 624 suis

176 678 278 761 possit
292 679 443 741 iudicare.

260 792 318 865 (2)
339 789 529 854 Ordinamus
553 789 653 853 eciam
679 797 710 851 et
735 788 962 860 concessimus,
990 795 1024 848 ut
1042 787 1082 849 de
1105 786 1213 848 uineis

176 902 317 986 ipsorum
339 901 474 984 antiquis
494 910 525 965 et
539 903 578 964 de
594 922 678 964 nouo
693 899 838 982 plantatis
854 900 904 962 uel
927 898 1118 981 plantandis,
1140 897 1215 959 nut-

178 1016 243 1079 lum
258 1014 416 1088 debitum,
437 1012 556 1075 scilicet
578 1034 636 1076 nec
658 1013 791 1085 ottones,
812 1013 865 1094 qui
883 1011 1053 1092 uulgariter
1071 1010 1213 1074 cbibrio-

178 1146 236 1189 nes
252 1126 407 1201 dicuntur,
429 1125 597 1202 ueletiam
619 1126 755 1207 aliquam
771 1124 967 1188 exactionem
989 1121 1053 1185 utto
1068 1142 1212 1205 unquam

178 1218 321 1323 tempore
337 1239 412 1302 dere
427 1247 460 1301 et
474 1238 599 1301 soluere
614 1246 791 1301 teneantur.

264 1351 323 1426 (3)
347 1352 493 1415 Preterea
523 1350 753 1424 concessimus,
786 1350 871 1432 quod
900 1352 1025 1412 racione
1050 1351 1130 1412 silue
1159 1348 1212 1412 uel

177 1461 353 1547 lignorum,
374 1471 427 1526 aut
440 1459 654 1544 quorumtibet
668 1461 880 1535 edificiorum,
903 1461 1008 1525 comiti
1022 1472 1212 1524 uenatorum

178 1592 239 1655 pro
253 1579 396 1654 tempore
412 1573 580 1636 constituto
595 1572 715 1635 nutlum
727 1573 884 1648 debitum,
900 1582 931 1636 et
945 1571 1060 1635 nuttam
1073 1572 1214 1635 solucio-

180 1704 254 1748 nem
269 1685 344 1748 dare
360 1685 507 1748 debeant.

264 1796 325 1871 (t)
359 1795 578 1859 Concessimus
603 1796 733 1878 insuper
757 1797 877 1860 eisdem
903 1806 1027 1880 portum
1056 1798 1087 1859 in
1117 1796 1217 1859 Chat-

179 1904 310 1971 lowsz
324 1908 506 1971 transeundi
521 1906 604 1970 infra
617 1907 777 1970 ciuitatem
792 1909 1034 1981 Posonieusem,
1060 1907 1093 1970 in
1108 1909 1216 1989 capite

180 2018 269 2082 tluuii
295 2017 454 2081 Challowo
479 2019 682 2094 existentem,
711 2019 765 2081 ubi
790 2027 874 2082 terra
899 2021 938 2083 ab
963 2030 1095 2103 utraque
1122 2029 1217 2102 parte

182 2132 280 2212 ipsius
300 2130 387 2194 fluuii
411 2130 547 2213 pertinet
568 2133 607 2194 ad
629 2133 760 2195 eandem
785 2133 943 2195 ciuitatem
965 2137 1119 2205 nostiam,
1141 2151 1219 2194 cum

180 2242 312 2307 utilitate
337 2242 435 2325 ipsius
460 2251 571 2325 portus
598 2251 753 2325 perpetuo
782 2243 1024 2324 possidendum,
1055 2245 1097 2305 ita
1125 2244 1220 2327 quod

181 2374 279 2417 naues
295 2364 326 2418 et
341 2363 452 2419 nautas
465 2356 498 2417 in
512 2354 582 2437 ipso
598 2355 695 2418 fluuio
710 2377 767 2437 pro
783 2376 841 2418 suo
856 2357 1039 2429 commodo,
1059 2376 1140 2438 quos
1155 2377 1221 2419 uo·

181 2466 314 2541 luerint,
342 2467 552 2531 conseruaudi
574 2476 606 2530 et
629 2468 755 2531 tenendi
777 2468 908 2530 liberam
928 2468 1090 2531 habebunt
1113 2467 1221 2530 tacut·

179 2584 288 2641 tatem.

263 2692 325 2764 (5)
347 2690 517 2752 statuimus
536 2691 675 2773 insuper,
698 2701 732 2754 ut
747 2713 817 2754 cum
833 2692 928 2753 iidem
948 2691 1087 2773 hospites
1111 2694 1220 2756 nostri

182 2818 253 2862 cum
267 2802 331 2862 suis
347 2802 501 2864 mercibus
517 2802 568 2864 uel
583 2803 726 2866 curribus
742 2805 921 2885 ubicunque
937 2804 968 2864 in
988 2824 1087 2885 reguo
1103 2812 1221 2867 nostro

181 2930 276 2972 causa
290 2910 449 2973 mercandi
466 2911 624 2975 noluerint
638 2913 812 2994 proticisci,
833 2934 891 2976 nec
906 2916 945 2978 de
962 2914 1130 2988 mercibus,
1153 2937 1222 2979 nec

183 3023 222 3084 de
244 3022 331 3103 equis
352 3022 404 3083 uel
426 3023 567 3104 personis
584 3043 692 3086 eorum
709 3045 779 3087 cum
796 3028 954 3090 mercibus
969 3036 1001 3090 et
1014 3028 1082 3088 siue
1098 3028 1223 3089 merci·

182 3135 240 3198 bus
262 3135 407 3198 euntibus
429 3143 460 3197 et
480 3134 684 3198 redeuntibus
705 3136 824 3198 nuttum
847 3138 1009 3210 tributum,
1030 3137 1222 3220 uultumque

183 3249 397 3320 exactionem,
412 3245 560 3310 uidelicet
574 3247 606 3308 in
620 3256 714 3329 portu
729 3249 927 3322 Posoniensi,
942 3250 966 3341 si
982 3271 1092 3312 uersus
1103 3250 1222 3313 Haim-

182 3361 332 3444 burgam,
360 3360 391 3420 in
414 3368 507 3440 portu
526 3359 666 3433 Chalow,
691 3361 724 3421 in
742 3362 887 3435 Zeuleus,
915 3363 946 3424 in
969 3363 1098 3424 transitu
1125 3364 1223 3427 fluuii

183 3472 351 3545 Morauua,
373 3480 405 3532 et
419 3472 450 3532 in
465 3470 532 3531 atiis
551 3470 628 3533 locis
644 3472 883 3556 quibuscunque
905 3475 936 3536 in
951 3475 1099 3537 comitatu
1114 3476 1223 3540 Poso-

185 3584 298 3656 niensi,
320 3592 352 3645 et
365 3581 440 3645 alias
455 3582 508 3643 uhi
523 3582 671 3645 tributum
686 3584 767 3666 exigi
782 3586 962 3659 consueuit,
983 3586 1108 3648 soluere
1124 3596 1222 3650 tene·

183 3700 286 3756 antur.

266 3805 325 3878 (6)
346 3805 423 3867 Item
437 3805 584 3868 uolumus
605 3815 639 3869 ut
654 3808 693 3870 de
707 3808 886 3871 homiuibus
909 3811 948 3872 ad
964 3811 1122 3873 ciuitatem
1137 3833 1223 3877 ean·

182 3916 253 3978 dem
270 3936 363 3978 causa
382 3919 594 3981 commorandi
609 3920 649 3982 de
664 3920 855 4002 quibuslibet
874 3921 954 3983 uillis
981 3933 1012 3985 et
1032 3922 1221 3989 ciuitatibus

182 4030 380 4092 uenientibus
416 4029 469 4093 uel
502 4050 537 4095 se
564 4033 825 4104 transferentibus
853 4035 972 4097 nullum
1000 4036 1152 4099 tributum
1184 4039 1221 4103 in

183 4142 288 4206 eundo
304 4143 456 4225 exigatur.
