2798 4764
202 328 266 401 iffi
456 340 615 399 smne
635 348 782 397 neten
803 346 954 443 cuneis

210 534 215 543 ·
285 506 346 581 (i)
361 503 493 569 itnnciis
512 514 592 569 nere
607 522 689 587 ques
706 502 796 588 regie
811 504 958 569 meiestes
973 504 1014 568 eci
1028 504 1133 571 dicein·
1147 506 1236 573 celii·

202 616 339 700 geniem
357 614 517 690 etetnetit,
538 613 670 698 singulis
690 614 803 680 diebus
817 614 932 697 quibus
951 614 994 679 ibi
1016 635 1136 680 morem
1150 616 1236 682 iece-

201 728 281 803 rint,
311 735 375 791 tres
395 726 519 791 totenes
539 745 599 809 pre
612 746 732 793 eornm
751 725 900 808 expensis
913 725 1039 790 soluere
1058 745 1121 791 non
1143 746 1236 791 recn-

203 846 285 907 tent.

284 952 343 1028 (6)
363 949 477 1016 liiiites
500 970 578 1014 nere
593 949 757 1034 quingenti
779 949 863 1014 intre
882 968 1014 1031 regnum
1029 957 1061 1013 et
1075 951 1165 1033 regni
1178 970 1235 1015 ex·

136 1056 150 1077 ⁶
202 1062 400 1146 peticionem
415 1061 617 1144 deputentnr,
637 1070 727 1125 extre
740 1080 818 1125 nero
832 1079 964 1143 regnum
980 1067 1123 1136 centnm,
1136 1061 1163 1125 si
1177 1080 1235 1126 rex

199 1174 235 1239 in
256 1175 386 1259 proprie
408 1192 544 1257 persone
566 1172 671 1237 inerit.
703 1172 731 1235 si
752 1191 831 1236 nero
851 1190 892 1234 ex
912 1191 1013 1256 regno
1034 1172 1232 1256 iobegionem

201 1284 338 1359 minent,
357 1283 437 1348 sine·
446 1283 479 1347 in
499 1282 689 1348 adiutorium
703 1282 796 1346 amici
809 1281 875 1356 sni,
895 1282 963 1347 sine
977 1283 1010 1345 in
1026 1283 1163 1366 propriis
1176 1304 1234 1348 ne·

200 1395 309 1480 gceiie,
322 1394 550 1478 qninquaginta
561 1394 779 1459 memnone
790 1393 905 1457 milites
918 1395 1043 1459 mittere
1056 1403 1233 1459 teneantur.

285 1508 344 1584 (7)
364 1507 552 1573 &cerneus
571 1525 650 1571 nere
661 1526 739 1570 sens
757 1504 859 1571 iibere
872 1506 989 1589 eligent
1002 1515 1036 1571 et
1049 1507 1167 1571 eiectos
1179 1528 1233 1573 re·

200 1625 402 1703 presentent,
422 1617 552 1700 stipsis
571 1618 710 1681 decimes
732 1618 929 1701 persulcant,
950 1619 1040 1683 etde
1061 1621 1147 1683 omni
1161 1620 1231 1685 inre

201 1729 415 1795 ecclesiatico
437 1730 620 1794 secunden-
634 1729 795 1814 antiquam
819 1731 1079 1795 consuetudinem
1098 1752 1232 1815 respen-

202 1841 307 1905 dcent.

281 1954 340 2030 (8)
360 1952 511 2018 nolumus
528 1953 631 2019 eciem
648 1972 686 2018 ee
707 1953 839 2019 fimiter
852 1956 1053 2038 precipimus,
1073 1965 1229 2040 quatenns

199 2063 271 2129 iilos
288 2063 395 2129 neilus
415 2064 551 2141 indicet,
572 2065 707 2130 nisinen
719 2066 772 2129 nei
786 2084 893 2130 eomes
907 2066 1112 2142 cibiniensis,
1133 2087 1229 2150 quem

201 2194 261 2240 nos
275 2175 320 2239 eis
336 2176 407 2240 icco
421 2185 451 2241 et
465 2186 609 2259 tempere
623 2177 861 2243 comtitnemus.
893 2178 920 2241 si
935 2198 1013 2241 uere
1027 2197 1134 2242 eorem
1148 2198 1229 2263 qne-

201 2304 326 2370 cunque
342 2285 447 2353 iudice
459 2287 686 2362 remanserint,
706 2288 922 2353 tentummcdn
936 2288 1088 2352 iudicium
1102 2290 1231 2353 ordine·

199 2397 282 2463 rium
295 2398 432 2465 reddere
446 2405 629 2463 'teneentnn
657 2418 718 2463 nec
731 2419 789 2464 eos
802 2400 901 2464 eciem
915 2399 1029 2481 eiiqnis
1043 2400 1084 2463 ad
1097 2419 1230 2482 presen-

201 2509 281 2574 ciam
303 2520 443 2577 nestram
465 2512 563 2576 nitere
582 2518 759 2594 presumat,
787 2510 848 2575 nisi
863 2530 958 2583 censs
976 2531 1088 2575 eornm
1106 2532 1165 2576 suc
1180 2513 1229 2576 in-

200 2622 271 2686 nice
285 2642 350 2687 non
365 2624 463 2705 possit
475 2624 646 2687 urminati.

282 2736 340 2809 (9)
354 2736 463 2799 Preter
472 2755 568 2818 supra
583 2735 667 2801 dicte
679 2735 792 2799 siinem
802 2735 969 2801 Biecorum
983 2744 1015 2801 et
1025 2736 1228 2801 Bissenorum

200 2865 271 2908 cum
292 2846 397 2929 equis,
419 2866 494 2910 usus
513 2868 696 2913 communes
715 2850 894 2913 exercendo
913 2869 983 2913 cum
1005 2850 1153 2932 predictis
1167 2851 1229 2913 sci-

198 2954 274 3021 iicet
285 2956 387 3021 Biecis
400 2966 433 3023 et
444 2958 594 3034 Bissenis,
614 2959 734 3025 eisdem
749 2959 947 3036 contutimus,
968 2969 1002 3025 nt
1016 2961 1136 3044 prefate
1150 2982 1228 3044 gnu-

200 3066 312 3135 dentes
324 3069 486 3144 iibettete,
505 3069 583 3135 nuiti
596 3072 672 3136 inde
684 3070 806 3137 seruire
823 3080 999 3137 teneantur.

280 3183 361 3257 (10)
381 3182 514 3266 Insuper
528 3182 648 3247 eisdem
662 3183 876 3248 concessimus
890 3184 978 3267 qnod
998 3185 1124 3248 unicum
1140 3183 1227 3267 sigil-

198 3291 262 3356 ium
281 3292 435 3369 hnbeent,
456 3296 542 3378 qued
560 3294 646 3378 epnd
663 3314 724 3359 nne
737 3304 770 3361 et
783 3304 944 3380 magnetes
957 3307 1081 3361 nestros
1097 3297 1227 3362 eniden-

198 3412 246 3468 ter
260 3415 479 3489 cognoscetur.

278 3518 360 3593 (ii)
382 3518 414 3581 Si
436 3536 513 3581 uere
536 3516 648 3601 niiqnis
669 3538 780 3582 eornm
800 3518 937 3604 eiiqnem
955 3521 1124 3584 conuenire
1147 3520 1225 3586 uniit

196 3629 230 3693 in
252 3647 348 3692 censs
368 3628 543 3711 pecuniali,
563 3650 670 3695 cerem
689 3632 794 3697 indice
814 3652 878 3696 non
897 3633 996 3715 possit
1018 3632 1062 3695 uti
1084 3634 1225 3710 testibus,

196 3739 257 3803 nisi
271 3741 416 3821 persenis
429 3739 512 3804 inire
524 3741 677 3807 terminos
691 3762 802 3808 eorum
816 3743 1003 3808 constitutis.

278 3851 359 3927 (te)
378 3851 468 3934 Ipsos
491 3853 532 3916 eii
556 3854 641 3919 omni
662 3854 877 3923 iurisdictione
898 3856 1024 3939 penitus
1048 3856 1224 3923 eximentes

195 3959 277 4026 setes
287 3980 415 4048 quoqne
429 3965 567 4032 minores
580 3967 755 4033 secundun
764 3966 925 4053 entiqnein
938 3964 1125 4043 libertatem,
1139 3969 1225 4035 circe

195 4070 310 4140 enum
323 4073 452 4161 Georgii
464 4084 537 4145 octe
550 4077 680 4156 diebus,
700 4078 784 4145 circe
796 4077 913 4146 tessun
927 4080 958 4147 d.
971 4080 1056 4168 regis
1070 4080 1223 4167 Stephani

195 4190 229 4259 et
251 4185 337 4259 once
358 4187 472 4259 setun
492 4189 524 4260 i.
536 4190 663 4267 tinen
682 4190 827 4265 similiter
839 4200 912 4265 octe
933 4192 1057 4277 nnn,
1076 4195 1222 4265 enniius
