2798 4764
378 318 392 345 θ

240 372 302 437 558
343 364 485 436 crossen
504 384 550 436 m.
570 382 662 434 mors
689 384 831 434 rancum
852 382 1050 432 coarsuros.
1069 359 1183 427 4919.

241 555 323 610 statu
342 544 472 628 pacifico
493 544 582 629 regui
603 543 702 607 nostri
723 544 806 606 idem
825 551 914 625 pater
929 539 1128 603 uenerandus
1143 545 1269 618 aposto·

240 658 300 722 lice
315 659 399 720 sedis
413 656 535 740 legatus
549 657 580 719 in
592 657 762 719 uocncione
774 654 897 737 publica
909 652 997 735 regni
1012 651 1109 713 nostri
1124 650 1270 713 iacienda

240 768 391 831 uicesima
406 767 458 831 die
474 776 544 850 post
558 768 671 831 lestum
687 768 768 829 beati
783 766 908 828 loannis
928 765 1064 846 Baptiste
1079 763 1204 825 duxerit
1219 782 1270 824 or·

242 881 393 953 diuauda,
415 880 660 961 acceptabimus,
682 879 878 943 seruabimus
901 886 933 941 et
954 875 1072 940 attendi
1095 883 1127 938 el
1148 873 1270 937 seruari

242 993 282 1056 ub
297 993 443 1055 omnibus
458 1000 564 1054 nostre
580 991 710 1055 dicionis
725 990 858 1054 subditis
878 990 1010 1052 firmiter
1025 987 1186 1050 iaciemus.
1208 1007 1270 1069 que

243 1103 364 1176 omnia,
389 1101 536 1165 uidelicet
556 1111 619 1165 tam
641 1101 790 1165 articulos
811 1100 1062 1183 prenominatos,
1083 1118 1178 1181 quam
1200 1099 1270 1170 ulia,

238 1234 306 1298 que
320 1216 351 1276 in
367 1214 520 1297 prelatum
534 1213 800 1277 conuocacionem
822 1232 879 1294 per
892 1213 995 1294 ipsum
1010 1211 1169 1273 dominum
1185 1209 1270 1292 lega-

242 1334 307 1390 tum
332 1325 450 1388 luerint
474 1324 618 1388 ordinata
643 1333 675 1388 et
693 1324 876 1387 solemniter
889 1321 1046 1406 publicata
1067 1322 1106 1384 ad
1126 1330 1269 1385 eternam

243 1437 289 1500 rei
311 1436 493 1500 memoriam
515 1434 548 1499 iu
567 1435 682 1498 nostris
704 1435 827 1517 scriptis
847 1433 980 1516 publicis
1001 1434 1060 1496 sub
1074 1433 1158 1496 bulla
1173 1452 1270 1496 aurea

242 1547 379 1610 seriatim
402 1547 503 1630 redigi
525 1547 690 1620 iaciemus,
711 1567 748 1608 ac
769 1545 815 1609 sic
834 1546 961 1608 redacta
983 1552 1014 1607 et
1028 1543 1144 1608 bullata
1164 1543 1270 1627 legato

239 1658 403 1721 'nudemus
424 1667 456 1722 et
477 1657 556 1721 tradi
577 1657 729 1721 iaciemus
752 1656 884 1741 prelato.
911 1656 996 1738 qrrorl
1011 1656 1041 1718 'si
1056 1655 1195 1737 prelatos
1210 1655 1272 1718 Cu·

243 1784 353 1830 manos
368 1767 408 1829 ad
418 1766 563 1849 prediola
577 1776 609 1831 et
622 1767 746 1851 singula
766 1768 965 1831 obseruanda
981 1775 1012 1830 ot
1026 1764 1194 1849 implenda,
1216 1789 1271 1831 ex-

242 1878 488 1952 hortacionibns,
508 1878 774 1960 persuasionibus,
796 1878 974 1941 melonibus
995 1887 1026 1940 et
1043 1877 1191 1960 precibus
1207 1878 1271 1941 lor·

227 2006 299 2052 san
323 1991 475 2053 lmluocre
499 2010 561 2054 non
587 2010 762 2073 possemus,
791 1991 978 2072 recepimus,
999 1989 1211 2072 pmmisimus,
1240 2001 1272 2056 et

242 2102 426 2176 innuimus,
450 2104 537 2184 qnod
558 2103 590 2164 in
612 2102 861 2185 congregacione
881 2102 1022 2184 predicta
1041 2111 1149 2166 contre
1171 2104 1271 2165 dictos

242 2213 400 2277 Cumanos
419 2214 594 2279 indicemus
611 2224 642 2279 et
664 2214 816 2278 faciemus
837 2216 1009 2279 exercitum
1030 2217 1210 2298 generalem
1230 2218 1270 2280 de

242 2344 342 2408 regno
364 2334 396 2389 et
416 2326 505 2389 terris
526 2327 617 2389 nobis
637 2325 800 2399 subiectis,
821 2326 861 2388 orl
875 2345 970 2409 qoem
992 2335 1117 2390 nostros
1135 2337 1167 2390 et
1180 2328 1269 2412 regni

241 2437 340 2501 nostri
354 2438 565 2512 incitabimus,
580 2457 617 2501 ac
630 2437 755 2502 inuitari
768 2438 920 2501 iaciemus
935 2437 1063 2512 amicos,
1075 2440 1114 2501 ad
1130 2439 1270 2520 compel-

241 2549 369 2612 lendum
389 2571 445 2612 eos
467 2571 524 2632 per
538 2551 654 2614 dictum
670 2551 841 2614 exercitum
857 2559 889 2615 et
908 2550 985 2613 alios
999 2549 1157 2633 quoslibet
1178 2551 1269 2614 utiles

228 2661 353 2733 'modos
376 2661 505 2723 bracbio
527 2663 614 2744 regie
638 2663 811 2744 potestatis,
836 2663 875 2726 ad
899 2662 1098 2744 recipienda,
1125 2663 1269 2726 iacienda

240 2788 278 2831 ac
292 2769 391 2832 eciam
408 2772 606 2834 obseruanda
621 2772 727 2835 omnia
746 2782 778 2835 et
790 2772 914 2855 singula
927 2774 1116 2856 supradicta.
1138 2776 1270 2857 promit-

204 2924 208 2933 .
239 2880 336 2942 timus
354 2880 414 2941 sub
438 2879 686 2963 obligacionibus
709 2885 910 2966 supradictis,
932 2887 1017 2968 quod
1039 2907 1095 2949 eos
1116 2886 1268 2949 iaciemus

244 2991 320 3053 dare
340 2990 535 3054 necessarios
560 2993 685 3056 obsides
709 2996 932 3060 custodiendos
954 3004 985 3058 et
1007 2997 1160 3060 tenendos
1180 2998 1269 3060 iuxta

227 3121 374 3185 regnum
390 3110 420 3165 et
433 3111 548 3166 terram
562 3113 700 3168 nostram
715 3107 754 3169 ml
767 3107 946 3169 mandatum
958 3115 988 3170 et
1001 3117 1184 3189 preceptum
1196 3127 1270 3189 pre·

242 3217 296 3280 lati
317 3215 434 3279 domini
455 3214 549 3299 legati
569 3217 599 3279 in
620 3218 690 3281 loco
711 3239 767 3282 seu
783 3220 860 3282 loeis
883 3219 1038 3301 perillum
1053 3221 1205 3292 seuillos,
1227 3220 1268 3282 de

241 3348 305 3411 quo
326 3327 380 3390 uel
397 3326 512 3409 quibus
532 3328 636 3393 eidem
661 3330 789 3392 domino
810 3329 913 3412 legato
933 3330 1093 3394 uidebitur
1106 3331 1268 3413 expedire.

239 3439 272 3502 in
295 3459 429 3523 quorum
452 3442 591 3503 omnium
613 3443 841 3515 testimonium,
863 3442 1044 3506 memoriam
1066 3452 1098 3506 et
1120 3444 1267 3505 noticiam

239 3550 430 3632 pleniorem,
451 3570 587 3614 necnon
604 3553 747 3634 perpetui
770 3555 890 3616 roboris
912 3555 1089 3617 lirmitatem
1103 3564 1268 3637 presentes

240 3661 451 3722 concessimus
465 3661 570 3724 literas
584 3659 714 3744 duplicis
729 3664 821 3747 sigilli
836 3666 934 3728 nostri
949 3665 1143 3746 appensione
1156 3674 1187 3729 et
1199 3686 1269 3728 mu·

241 3770 358 3832 nimine
372 3771 545 3833 roboratas.
574 3773 679 3836 elatum
694 3776 781 3838 Bude
798 3797 854 3858 per
868 3796 978 3838 manus
994 3777 1133 3858 magistri
1148 3777 1270 3840 Nicolai

239 3880 310 3946 aule
331 3890 439 3943 nostre
460 3881 727 3960 uicecancellarii,
750 3888 856 3953 dilecti
879 3897 911 3952 et
924 3888 1025 3952 litlelis
1047 3888 1154 3952 nostri.
1183 3909 1271 3952 anno

238 3992 359 4056 domini
386 3991 551 4056 millesimo
579 3995 796 4062 ducentesimo
824 3999 1057 4081 septuagesimo
1084 4019 1181 4063 nouo.
1209 4000 1271 4066 111.

236 4103 395 4173 monuo
407 4102 485 4190 luly.
504 4108 597 4191 regni
610 4116 715 4173 auten
728 4111 827 4175 nostri
842 4130 926 4175 enno
940 4112 1085 4195 septimo.

576 4248 926 4287 utu-hh*—
