2798 4764
215 339 277 409 808
318 359 344 408 s.
355 357 508 409 ornemur
520 358 611 407 neers
624 359 665 407 nn
678 359 789 408 norun
803 356 1016 405 msrrrnrronn
1031 355 1133 405 nmen.
1147 334 1210 423 lx.)

215 536 298 591 mee,
319 537 359 580 no
374 514 573 598 derelinquas
588 534 638 578 me
654 513 686 577 in
701 514 840 598 cogitatu
854 522 908 577 tuo
923 513 1070 597 maligno.
1094 511 1247 578 extollen-

217 630 298 693 ciam
313 630 476 693 oculorum
496 647 639 692 meorum
660 648 723 691 non
746 627 872 691 dederis
892 627 985 700 mihi,
1007 635 1039 691 et
1053 627 1245 691 desiderium

217 742 388 823 malignum
414 748 522 802 auerte
544 760 562 802 a
581 760 642 803 me.
669 740 795 802 domine
817 739 908 802 aufer
922 759 940 801 a
955 759 1005 802 me
1021 738 1246 820 concupiscen-

218 854 309 926 ciam,
325 861 356 915 et
370 853 476 915 animo
490 852 691 925 irreuerenti,
713 852 791 916 etin
807 851 933 915 fremitu
949 872 988 914 ne
1004 852 1108 914 tradas
1124 872 1174 914 me
1190 851 1247 912 do-

217 964 312 1028 mine.
333 965 415 1028 hano
428 965 556 1047 quidem
572 965 750 1028 oracionem
767 963 885 1046 antiqui
901 965 1070 1027 utebantur
1084 984 1187 1026 orare.
1212 973 1245 1027 tu

217 1096 344 1160 quoqne
367 1078 478 1139 eadem
505 1085 609 1150 utere,
636 1084 671 1138 ut
694 1077 772 1139 deus
794 1084 905 1139 cuncta
928 1077 1010 1139 nicia
1031 1097 1049 1139 a
1072 1085 1102 1140 te
1122 1076 1246 1140 auferre

218 1187 377 1271 dignetur,
406 1197 439 1251 ut
461 1188 683 1251 inuictissimus
709 1208 764 1250 rex
789 1207 808 1250 a
833 1188 954 1250 cunctis
979 1188 1160 1250 nomineris.
1191 1206 1247 1250 ora

218 1301 319 1363 eciam
334 1308 368 1362 nt
382 1299 534 1363 desidiam
550 1306 582 1361 et
595 1298 821 1361 hebetudinem
836 1318 854 1360 a
870 1309 899 1363 te
915 1296 1062 1380 depellat,
1076 1307 1108 1361 et
1121 1297 1248 1380 supple·

218 1421 358 1475 mentum
375 1414 512 1474 omnium
533 1411 587 1474 tibi
610 1413 725 1477 tribnat
746 1412 912 1484 uirtutum,
934 1410 1048 1493 quibus
1064 1411 1202 1474 uisibiles
1217 1421 1248 1474 et

217 1523 391 1587 inuisibiles
407 1526 514 1586 uinces
529 1523 682 1596 inimicos,
697 1530 731 1586 ut
744 1542 873 1586 securus
888 1531 919 1585 et
929 1524 1094 1604 expeditus
1109 1525 1149 1586 ab
1161 1523 1246 1586 omni

217 1636 397 1699 incursione
412 1637 683 1710 aduersariorum,
706 1654 777 1697 cum
793 1634 937 1698 omnibus
960 1636 1014 1699 tibi
1029 1635 1162 1698 subditis
1176 1655 1248 1698 cur·

219 1766 287 1810 sum
304 1747 393 1810 etatis
408 1756 460 1810 tue
477 1747 539 1809 nite
555 1766 626 1808 cum
641 1766 719 1828 pace
733 1746 834 1829 possis
848 1745 950 1810 finire.

304 1969 486 2033 Carrrunuu
509 1971 548 2033 X.
590 1971 635 2032 De
647 1973 753 2050 pictate
767 1981 792 2033 et
805 1971 1006 2034 misericordia
1021 1972 1172 2051 ceterisque
1185 1973 1248 2032 uir-

220 2085 338 2146 tutibus.
381 2083 494 2145 lllodns
515 2082 666 2145 uirtutum
687 2082 757 2146 finit
770 2101 920 2144 coronam
934 2101 1060 2165 regum,
1083 2092 1114 2145 et
1129 2083 1160 2144 in
1176 2103 1248 2164 pre·

220 2197 319 2279 ceptis
334 2195 460 2276 ponitur
471 2194 621 2258 decimus.
643 2213 714 2256 nam
728 2194 873 2256 dominus
883 2194 1033 2256 uirtutum
1047 2193 1115 2275 ipse
1131 2201 1179 2257 est
1192 2214 1248 2256 rex

220 2327 348 2390 regum,
370 2306 451 2370 sicut
464 2307 511 2369 sui
526 2307 682 2369 exercitus
698 2306 822 2369 celestis
845 2306 1006 2388 plenitudo
1024 2307 1056 2367 in
1071 2307 1160 2369 denis
1175 2326 1251 2369 con·

220 2420 301 2483 sistit
324 2420 444 2493 choris,
466 2420 511 2481 sic
532 2427 584 2481 tue
606 2421 671 2482 nite
692 2418 895 2481 conuersacio
918 2419 950 2479 in
972 2418 1082 2481 decem
1107 2419 1250 2499 persistat

221 2531 387 2594 mandatis.
409 2538 534 2612 oportet
549 2550 655 2612 regem
674 2549 743 2592 esse
758 2530 860 2611 pium,
881 2528 1137 2604 misericordem,
1152 2539 1184 2592 et
1198 2549 1249 2592 ce·

220 2641 296 2705 teris
320 2641 484 2702 uirtutibus
506 2641 659 2701 imbutum
682 2648 713 2703 et
733 2649 885 2703 ornatum.
916 2661 971 2702 rex
987 2643 1070 2703 enim
1090 2642 1248 2723 impietate

221 2761 253 2814 et
268 2752 450 2813 crudelitate
466 2751 599 2823 sedatus,
620 2750 778 2811 incassum
799 2750 857 2812 sibi
873 2771 988 2813 nomen
1003 2752 1143 2815 uindicat
1157 2754 1249 2835 regis,

221 2864 294 2944 quia
311 2870 461 2945 tyrannus
480 2870 528 2925 est
543 2863 704 2924 dicendus.
732 2862 779 2924 Ob
795 2862 855 2926 boc
870 2884 946 2945 ergo
959 2863 1003 2926 fili
1017 2864 1250 2938 amabilissime,

221 2974 356 3036 dulcedo
380 2973 484 3036 cordis
507 2974 583 3045 mei,
610 2993 682 3053 spes
704 2972 808 3036 iuture
830 2973 964 3049 sobolis,
993 2995 1117 3056 precor,
1145 2975 1249 3048 iubeo,

222 3094 257 3148 ut
277 3106 334 3167 per
349 3085 453 3146 omnia
475 3093 507 3147 et
529 3085 560 3145 in
583 3085 728 3148 omnibus
749 3084 865 3167 pietate
888 3086 1043 3160 suffultus,
1065 3108 1128 3148 non
1148 3085 1249 3148 solum

222 3197 381 3278 parentele
395 3204 426 3259 et
440 3197 638 3277 cognacioni,
660 3196 710 3257 uel
727 3196 918 3279 principibus
933 3198 1000 3261 siue
1016 3199 1159 3272 ducibus,
1180 3198 1248 3260 siue

221 3307 332 3371 uicinis
356 3315 387 3370 et
410 3307 519 3369 incolis
541 3306 583 3369 sis
598 3308 767 3390 propicius,
789 3329 901 3371 uerum
917 3310 1015 3372 eciam
1031 3310 1196 3380 extraneis,
1220 3319 1250 3372 et

222 3419 339 3481 cunctis
360 3418 399 3479 ad
422 3426 452 3480 te
474 3418 684 3480 uenientibus.
711 3439 783 3480 nam
798 3439 877 3499 opus
893 3419 1016 3501 pietatis
1035 3420 1074 3481 ad
1096 3439 1249 3481 summam

222 3529 307 3592 ducit
328 3538 359 3592 te
374 3529 606 3592 beatitudinem.
635 3531 676 3591 sis
693 3529 870 3593 misericors
885 3530 1029 3594 omnibns
1045 3531 1108 3591 uim
1123 3530 1249 3611 pacien-

220 3639 323 3711 tibus,
354 3659 481 3720 semper
504 3639 580 3701 illud
610 3638 750 3701 diuinum
779 3639 812 3701 in
840 3640 902 3702 tuis
926 3640 1100 3721 precordiis
1128 3639 1247 3700 habens

222 3749 415 3831 exemplum:
432 3749 676 3811 misericordiam
692 3751 764 3812 uolo
779 3758 812 3812 ct
825 3770 890 3811 non
904 3749 1100 3812 sucrificium.
1120 3748 1248 3829 paciens

223 3867 290 3923 esto
306 3859 346 3921 ad
362 3878 488 3934 omnes,
510 3879 574 3922 non
589 3869 709 3923 tantum
722 3860 755 3922 in
770 3867 929 3940 potentes,
950 3857 1006 3920 sed
1022 3858 1121 3922 eciam
1137 3866 1248 3939 poten-

223 3968 272 4033 cia
294 3978 447 4033 carentes.
476 3971 518 4034 sis
540 3971 677 4054 denique
698 3970 802 4045 fortis,
829 3989 870 4031 ne
892 3977 922 4031 te
945 3969 1136 4051 prosperitas
1158 3970 1250 4031 nimis

222 4081 340 4157 eleuet,
363 4091 416 4146 aut
437 4085 611 4148 aduersitas
630 4092 661 4146 te
682 4081 817 4146 deiiciat·
843 4080 886 4144 sis
900 4098 1027 4162 quoque
1048 4080 1190 4154 humilis,
1216 4089 1251 4144 ut

224 4195 303 4264 deus
318 4203 348 4261 te
363 4195 459 4264 eitum
473 4195 567 4262 iaciat
579 4193 632 4259 bic
645 4193 723 4260 etin
737 4192 853 4258 tuturo.
874 4191 917 4257 sis
931 4211 1008 4257 uere
1024 4193 1196 4269 modestus,
1215 4200 1251 4259 ut
