2798 4764
488 1014 678 1100 ttottttl
704 1016 761 1100 lll.
785 1016 906 1100 ultis

256 1195 519 1268 LIBERTAS
545 1194 733 1268 Ctvltltu
762 1198 831 1269 ΒΕ
858 1195 1135 1274 SOPROMO.

578 1347 814 1413 uucnxxvn.

385 1505 406 1556 ll
428 1510 571 1556 transamto
587 1505 702 1555 llluttlria
717 1507 738 1558 l.
759 1506 831 1570 regia
850 1522 916 1558 auno
935 1507 1006 1561 tttt.

600 1660 796 1671 Μ...-

265 1798 426 1860 Ladislaus
454 1797 506 1859 dei
530 1797 634 1878 gracia
659 1797 834 1880 Hungaric‚
864 1799 1035 1873 Dalmatio,
1067 1799 1212 1875 Croacie,

84 1939 87 1947 ·
182 1910 287 1982 llame,
309 1907 430 1980 Seruio,
452 1906 592 1980 Gallicie,
614 1908 819 1982 Lodomerie‚
840 1908 989 1972 Comanie
1004 1910 1211 1994 Bulgarioque

182 2040 248 2083 rex.
270 2007 425 2081 uniuersis
441 2018 554 2080 Christi
574 2018 718 2081 fidelibus
739 2020 937 2100 presencium
957 2023 1102 2084 noticiam
1121 2021 1212 2084 habi·

183 2132 271 2204 turis,
291 2130 422 2192 salutem
437 2129 469 2190 in
485 2128 623 2191 omnium
640 2129 808 2191 saluatoro.
1232 2206 1236 2212 ,

264 2243 312 2304 Ad
329 2242 544 2304 uniuersorum
561 2240 706 2302 noticiam
721 2250 830 2303 tenore
853 2241 1050 2323 presencium
1067 2242 1212 2305 uolumus

183 2352 367 2436 peruenire,
381 2353 467 2434 quud
482 2352 668 2414 accedentes
683 2352 722 2413 ad
738 2361 875 2413 nostram
890 2350 1084 2432 presenciam
1100 2351 1210 2415 fideles

182 2465 280 2528 nostri
301 2465 386 2526 ciues
410 2464 448 2525 de
471 2463 641 2543 Supranio,
672 2460 800 2523 anobis
822 2462 983 2524 humiliter
1003 2463 1209 2544 supplicando

183 2577 361 2658 pecierunt,
382 2576 466 2656 quod
490 2574 646 2655 nosipsos
663 2575 693 2634 in
708 2571 851 2635 libertate
866 2573 1005 2654 ipsorum
1021 2593 1076 2653 per
1091 2574 1210 2636 charis·

179 2687 275 2748 simos
296 2686 512 2766 progenitores
534 2690 658 2745 nostros
674 2684 779 2745 Boiam
801 2703 895 2745 auum
915 2692 1073 2759 nostrum,
1096 2693 1126 2746 et
1141 2684 1209 2748 Ste-

181 2796 318 2877 phanum
339 2803 458 2875 patrem
481 2802 621 2857 nostrum
638 2794 773 2857 illustres
788 2815 880 2877 reges
895 2795 1054 2878 llungorie
1069 2795 1209 2858 felicium

181 2907 440 2970 recordacionum
452 2925 612 2979 concessa,
623 2906 824 2989 dignaremur
836 2907 1023 2973 liberalitate
1037 2908 1124 2991 regia
1134 2928 1210 2970 con·

181 3037 317 3081 seruare.
344 3037 401 3078 nos
416 3019 520 3099 itaque
535 3018 673 3099 ipsorum
689 3019 776 3081 iustis
795 3020 1001 3100 peticionibus
1016 3019 1132 3100 pietate
1153 3021 1210 3082 de·

181 3132 245 3193 bita
265 3130 420 3202 inclinati,
443 3130 705 3212 attendentesque
720 3151 829 3193 eorum
845 3130 959 3191 ciuium
975 3139 1093 3211 gratam
1108 3129 1211 3192 fideli-

182 3250 277 3305 tatem
301 3250 333 3303 et
354 3241 495 3322 graciosa
515 3241 684 3321 obsequia,
713 3261 775 3321 que
797 3241 887 3301 uobis
910 3241 941 3300 in
963 3240 1210 3300 conseroacione

183 3351 275 3414 castri
296 3352 394 3414 nostri
417 3351 635 3432 Suprauieusis
659 3358 690 3412 et
714 3350 782 3411 aliis
803 3350 947 3411 omnibus
969 3358 1077 3411 contra
1100 3369 1208 3430 regem

181 3466 380 3536 Boemorum,
400 3464 489 3545 regni
506 3462 604 3524 nostri
619 3462 777 3524 inimicum
793 3459 969 3543 capitalem,
987 3462 1040 3543 qui
1055 3462 1086 3522 in
1101 3470 1210 3524 tenera

182 3584 265 3639 etate
280 3583 386 3637 nostra
402 3574 515 3637 multos
529 3560 637 3636 u'astus
652 3572 811 3656 multaque
826 3573 925 3654 spolia
942 3573 974 3634 in
988 3593 1086 3655 regno
1102 3583 1209 3637 nostro

183 3688 329 3769 nequiter
350 3684 545 3748 committere
566 3704 629 3746 non
653 3686 794 3765 expauit,
817 3693 850 3746 et
871 3684 967 3747 multa
986 3694 1085 3748 castra
1103 3693 1211 3751 nostra

183 3799 258 3861 lecit
273 3797 427 3861 uiolenter
443 3805 474 3858 et
488 3796 704 3859 fraudulenter
718 3795 875 3878 occupari,
897 3795 1109 3859 exhibuerunt
1120 3797 1211 3858 inde-

183 3911 283 3983 fesse,
298 3918 329 3971 ot
343 3910 431 3992 graui
445 3906 632 3971 necessitato
647 3906 816 3988 compulsi,
829 3905 910 3968 filios
925 3925 1035 3968 eorum
1049 3904 1117 3989 rogi
1130 3906 1211 3968 oos-

183 4022 245 4084 mio
269 4018 399 4083 traditos
424 4019 457 4082 in
482 4018 624 4091 obsides,
649 4037 707 4099 pro
729 4015 878 4080 fidelitate
902 4016 990 4079 nobis
1012 4014 1211 4079 obseruanda

183 4153 248 4201 non
269 4138 433 4222 parcentes
453 4129 543 4210 tillia,
564 4130 650 4196 idem
664 4138 802 4196 castrum
816 4136 959 4196 nostrum
973 4114 1064 4193 nobie
1076 4125 1164 4190 illesa
1179 4131 1212 4192 rt
