2798 4764
217 318 280 385 too
330 333 459 386 sanans
480 337 513 384 ιι.
535 334 625 385 assis
647 331 795 384 tronariis
816 330 999 383 uouessrmr.
1044 312 1134 381 1205.

219 514 314 574 quam
329 494 475 575 predictis
490 493 634 574 personis
650 494 775 575 triginta
795 494 894 574 possit
908 494 1007 575 ipsam
1022 492 1180 554 ciuitatem
1196 491 1246 552 in-

218 606 313 666 troire
329 614 435 667 contra
451 604 645 667 uoluntatem
661 603 778 666 ciuium
794 604 978 666 eorundem.

302 716 345 798 (3)
367 718 515 779 Uolnmus
538 717 635 779 eciam
658 718 743 799 quod
767 718 793 779 si
818 717 929 799 aliquis
955 718 993 779 de
1016 737 1115 799 regno
1138 726 1247 779 nostro

220 829 318 892 dictos
342 828 428 891 ciues
454 830 485 890 in
509 830 613 910 aliquo
636 830 820 901 offenderit,
850 839 881 891 et
902 828 989 890 iilum
1005 831 1195 891 ostensorem
1215 829 1247 888 in

218 961 275 1004 sua
291 942 415 1003 ciuitate
431 943 618 1015 inuenerint,
633 942 773 1023 ipsorum
789 941 910 1002 comitis
929 941 1046 1001 iudicio
1061 940 1152 1003 sicuti
1167 939 1247 1001 ciuis

218 1054 307 1115 Nono
322 1054 491 1116 subiaceat.

300 1165 345 1245 (t)
368 1165 515 1227 Uolumns
532 1167 629 1227 eciam
646 1166 731 1247 quod
752 1164 856 1227 nuilus
872 1165 953 1237 dux,
976 1165 1074 1225 banus
1093 1163 1146 1225 uel
1162 1163 1247 1224 uice·

218 1279 319 1341 banus
333 1287 440 1339 noster
456 1279 553 1358 possit
570 1278 603 1338 in
619 1277 744 1340 ciuitate
760 1279 848 1338 None
870 1277 957 1357 regio
980 1277 1031 1337 uel
1047 1294 1103 1337 suo
1119 1275 1246 1336 nomine

219 1389 429 1452 municionem
446 1408 676 1470 quamcumque
696 1396 889 1460 construere,
912 1387 962 1449 uei
984 1394 1192 1448 constructam
1214 1385 1246 1446 in

219 1520 309 1563 suam
323 1501 375 1562 uel
390 1503 477 1582 regni
494 1500 666 1562 custodiam
681 1501 852 1582 postulare.
880 1501 936 1562 sed
950 1500 1009 1580 ipsi
1025 1500 1188 1560 Nonenses
1204 1498 1248 1558 ci-

219 1612 351 1675 uitatem
367 1613 478 1674 eteius
495 1611 687 1673 municiones
703 1612 742 1673 ad
757 1630 845 1672 suam
860 1611 1012 1672 tenebunt
1028 1618 1058 1672 et
1070 1609 1250 1671 custodient

221 1722 424 1785 uoluntatem.

304 1833 354 1914 (ὅ)
377 1833 526 1895 Uolumus
549 1834 665 1908 eciam,
688 1844 719 1898 et
736 1835 796 1898 hoc
819 1835 858 1897 de
880 1834 986 1916 gracia
1006 1832 1095 1914 regia
1117 1832 1248 1894 facimus

219 1946 364 2027 speciali,
385 1946 469 2028 quod
492 1946 577 2008 cinos
593 1948 756 2010 Nonenses
778 1948 817 2010 de
839 1947 951 2008 dandis
966 1947 1055 2008 nobis
1077 1966 1131 2008 seu
1148 1965 1247 2027 regno

222 2059 382 2120 obsidibus
406 2067 559 2140 perpetuo
581 2067 654 2120 sunt
675 2061 827 2140 exempti,
849 2060 977 2140 suisque
992 2059 1111 2120 iuribus
1127 2066 1158 2118 et
1172 2077 1248 2120 con-

221 2170 439 2233 suetudinibus
461 2170 597 2252 antiquis
620 2173 663 2233 uti
684 2171 782 2234 iibere
801 2171 941 2243 ualeant,
964 2180 995 2233 et
1015 2191 1069 2233 eas
1091 2170 1180 2231 sicuti
1202 2170 1248 2231 eis

221 2283 322 2344 uisum
338 2281 477 2345 fueritin
493 2303 583 2345 suum
600 2283 709 2346 melius
725 2294 926 2346 commutare.

305 2392 349 2475 (6)
373 2396 432 2475 ipsi
448 2414 523 2456 uero
541 2395 624 2456 ciues
637 2396 723 2457 Nune
739 2404 831 2457 erunt
845 2395 933 2457 nobis
949 2402 980 2457 et
994 2393 1109 2455 nostris
1125 2412 1249 2454 succes-

222 2507 343 2568 soribus
365 2506 475 2567 fideles
499 2507 621 2578 deuoti,
644 2524 701 2567 nec
723 2505 786 2568 ullo
802 2505 862 2567 alio
878 2506 967 2568 nobis
989 2514 1019 2567 et
1039 2525 1138 2586 regno
1161 2513 1249 2566 teno-

221 2617 337 2679 buntur
351 2618 495 2688 seruirio,
511 2616 569 2677 nisi
582 2618 666 2698 quod
682 2617 867 2697 profitentur
878 2637 911 2677 se
928 2638 997 2678 esse
1014 2619 1144 2680 deuotos
1160 2616 1249 2695 regni

221 2729 335 2798 nostri,
358 2735 388 2788 ot
409 2727 518 2789 landos
542 2729 629 2808 regio
654 2736 760 2789 nostro
785 2728 920 2800 nomini,
942 2728 1032 2790 sicuti
1054 2738 1101 2790 est
1115 2748 1250 2789 consue-

222 2838 297 2900 tudo
317 2838 456 2899 fidelium
479 2847 656 2900 nostrorum
679 2839 718 2901 dc
741 2839 912 2912 maritimis,
933 2860 990 2921 pro
1006 2838 1249 2901 honorificentia

222 2950 310 3031 regia
333 2950 487 3011 consuetis
510 2951 620 3011 dicbus
643 2950 856 3031 solempnibus
882 2972 938 3032 per
962 2971 1052 3011 snum
1075 2950 1193 3011 clerum
1218 2958 1249 3011 et

223 3061 373 3143 populum
397 3061 620 3133 decantabunt,
652 3062 800 3143 quodque
824 3063 898 3123 nulli
925 3062 1042 3125 infideli
1065 3063 1115 3123 uel
1139 3060 1248 3123 robelli

223 3175 328 3256 regio,
351 3173 403 3255 qni
418 3174 447 3234 in
466 3173 588 3252 publica
602 3183 675 3235 nota
695 3173 885 3236 infidelitatis
901 3195 958 3255 per
972 3195 1028 3235 nos
1044 3175 1248 3236 denunciatus

223 3287 332 3359 fuerit,
355 3288 429 3348 dare
445 3288 655 3367 quodcunque
677 3286 825 3347 auxilium
847 3286 899 3349 uel
915 3287 1104 3348 adiutorium
1122 3307 1177 3347 sou
1195 3286 1249 3347 do-

223 3398 398 3460 fensiouem
415 3407 636 3478 presummant.

307 3510 354 3588 (7)
378 3512 438 3570 Nos
454 3518 556 3572 antem
572 3510 596 3570 si
613 3529 802 3591 quocunqne
824 3518 964 3589 tempore
987 3508 1036 3570 uel
1058 3516 1165 3569 noster
1180 3508 1248 3589 qui-

224 3620 272 3681 uis
287 3640 451 3682 successor
465 3623 504 3682 ad
521 3629 623 3702 partes
639 3621 808 3682 maritimas
832 3621 1026 3691 ueniremus,
1049 3629 1080 3681 et
1096 3619 1247 3681 uellemus

223 3732 339 3793 intrare
361 3732 460 3812 ipsam
487 3732 645 3794 ciuitatem
669 3734 865 3804 Nonensem,
886 3732 980 3794 iidem
1004 3733 1089 3793 ciues
1112 3752 1168 3792 nos
1192 3751 1248 3812 pro

223 3862 317 3925 posse
333 3862 390 3903 sno
404 3841 524 3906 honore
539 3846 626 3925 regio
642 3844 673 3906 in
689 3844 786 3925 portis
802 3844 935 3906 ciuitatis
950 3845 1121 3925 excipient,
1149 3851 1180 3905 et
1195 3843 1249 3904 de-

224 3952 351 4015 cencius
373 3953 458 4033 quod
479 3953 574 4016 suerit
594 3955 771 4037 hospicium
795 3955 886 4017 nobis
911 3954 1122 4035 assignabunt.
1154 3953 1249 4016 ceteri

221 4084 300 4130 uero
323 4064 376 4150 qui
397 4073 504 4129 nostra
525 4065 640 4132 suerint
659 4067 820 4143 comitisa,
855 4084 1008 4151 occupare
1031 4065 1082 4129 uei
1104 4064 1247 4151 recipere
