2798 4764
352 282 614 349 communiones
635 302 770 351 sumnus
790 300 946 351 mama.
988 287 1079 351 tm.
1167 286 1230 353 bd!

201 455 404 528 uarietatum,
424 455 484 517 nisi
506 456 588 519 sorte
607 457 778 521 uarietates
797 456 978 521 huiusmodi
992 455 1127 541 pellibus
1139 461 1229 542 agni·

201 569 261 642 nis,
280 567 419 648 uulpinis
432 574 465 629 at
478 567 604 642 linceis,
625 590 681 634 seu
701 571 868 634 zendatum
890 572 1038 663 nrbeum,
1060 569 1112 635 rael
1126 572 1158 634 in
1173 571 1230 635 ali·

200 680 315 764 quibus
336 680 477 742 uestibus
495 679 649 756 fimbrias,
670 680 730 744 boc
753 690 802 745 ont
824 682 1037 764 premidionos
1057 702 1113 744 seu
1135 702 1230 746 orna·

200 800 355 864 mentum,
375 790 491 853 nobilia
513 793 650 855 exterius
672 793 817 875 apposita
839 794 880 855 de
902 791 992 857 lutria
1014 813 1070 855 seu
1091 794 1229 867 binaria,

200 911 267 966 seta
289 911 342 964 aut
360 902 401 964 da
423 900 527 983 aliquia
548 902 607 964 alia
629 904 721 965 simili
737 905 867 968 materia
883 904 1028 968 delerant
1042 904 1105 968 ulio
1121 907 1227 969 modo.

200 1014 404 1095 probibemus
419 1033 460 1075 ne
474 1012 586 1095 prolati
600 1021 655 1076 aut
669 1012 720 1077 alii
736 1016 767 1076 in
787 1015 990 1097 dignitatibus
1012 1016 1229 1098 personalibus

201 1145 257 1189 scu
272 1124 505 1188 canonicatibus
519 1125 723 1188 ecclesiarum
746 1126 988 1199 cathedralium,
1009 1147 1064 1190 seu
1080 1128 1230 1211 collegia·

200 1246 320 1310 tarum,
341 1238 408 1300 siue
426 1238 457 1299 in
479 1237 621 1300 eeclesiis
640 1257 747 1300 curam
770 1239 944 1301 animarum
966 1239 1155 1304 habentibus
1174 1249 1230 1303 aut

200 1348 233 1409 in
248 1348 430 1411 sacerdocio
449 1348 607 1410 constituti
628 1349 767 1411 manicas
787 1349 930 1413 delerant
951 1351 1148 1424 consuticias,
1169 1371 1227 1415 nec

201 1470 290 1544 togas
311 1458 379 1524 siue
399 1460 594 1542 guaruacias,
615 1480 670 1523 seu
686 1461 950 1544 supertunicalia‚
969 1471 1025 1526 aut
1038 1482 1228 1548 quecunque

200 1573 260 1636 alia
274 1573 461 1636 ueslimenta
477 1574 613 1654 desuper
626 1582 751 1654 portent
766 1582 890 1655 aperta,
912 1575 967 1636 sed
982 1573 1049 1655 ipsa
1063 1575 1228 1657 superiore

200 1685 382 1748 indu-enta
405 1682 607 1746 circumcirca
627 1703 728 1767 usque
750 1685 789 1746 ad
809 1685 947 1748 fimbrias
962 1686 1100 1749 babeant
1111 1685 1229 1750 clausa.

201 1795 284 1859 nulla
298 1794 443 1868 collaria,
465 1795 524 1856 nisi
539 1792 620 1858 loric
635 1795 666 1856 in
682 1795 832 1869 sabardis,
847 1797 898 1860 uel
915 1795 1069 1859 mantellis
1083 1798 1123 1860 ad
1138 1796 1230 1880 equi-

200 1909 328 1971 tandum
348 1907 552 1970 circumcirca
574 1908 703 1969 omuino
724 1909 876 1981 rotunda,
909 1908 958 1970 uel
978 1909 1138 1982 bottoues,
1168 1928 1229 1974 aua

200 2018 311 2081 fibulas
334 2037 447 2081 aureas
469 2018 521 2079 uel
544 2027 720 2098 argenteas,
742 2026 795 2081 aut
816 2018 933 2099 aliquid
953 2020 1021 2081 auri
1043 2019 1094 2080 uel
1108 2020 1228 2101 argenti

201 2132 352 2194 babentes
366 2139 584 2193 ornamentum
600 2130 631 2190 in
646 2129 799 2211 aliquibus
811 2129 874 2192 suis
887 2129 1027 2192 uestibus
1038 2130 1229 2194 deserentes.

201 2243 286 2325 quod
300 2242 327 2303 oi
341 2242 394 2324 qui
409 2240 601 2303 contrarium
617 2240 760 2313 iecerint,
774 2250 880 2303 uestes
892 2239 1072 2303 huiusmodi
1087 2260 1144 2321 per
1154 2258 1228 2305 auca

201 2352 376 2418 ordinarios
390 2351 576 2415 colorantur
597 2353 629 2414 in'
649 2370 725 2412 usus
739 2369 930 2433 pauperum,
951 2359 1005 2412 aut
1019 2351 1051 2411 io
1066 2348 1144 2413 alios
1157 2351 1229 2433 pim

200 2486 275 2529 usus
296 2465 521 2527 conuertende.
556 2463 758 2525 nibilominus
780 2463 883 2543 quiin
904 2462 965 2523 boc
979 2461 1098 2525 inuenti
1112 2461 1229 2527 tusam

200 2577 388 2649 excessisse,
402 2575 462 2638 nisi
478 2576 517 2637 ad
532 2575 712 2637 mandatum
727 2574 775 2635 sui
790 2574 960 2654 superioris
974 2593 1009 2636 se
1022 2571 1228 2648 correxerint,

198 2708 299 2772 usquc
323 2688 363 2750 ad
386 2686 630 2750 satisfactionem
654 2685 758 2748 asnis
783 2684 944 2749 beneficiis
967 2685 1029 2748 sint
1052 2686 1122 2768 ipso
1142 2682 1233 2749 lacto-

198 2800 353 2882 suspensi.

280 2910 329 2993 (3)
351 2910 569 2974 luterdicimus
579 2909 724 2970 omnibus
736 2907 855 2970 clericis
870 2917 995 2988 portare
1009 2906 1154 2981 annulos,
1166 2904 1229 2969 aiai

199 3027 260 3090 sint
276 3023 385 3106 prelati
399 3021 514 3104 quibus
534 3021 618 3083 licite
633 3020 782 3102 competit
802 3037 841 3081 ex
862 3019 967 3081 officio
986 3018 1156 3100 diguitatis,
1175 3016 1229 3083 ital

200 3158 240 3201 ex
261 3137 426 3219 priuilegio
456 3133 541 3198 sedis
568 3131 738 3214 apostolice
764 3128 910 3212 speciali,
937 3126 1178 3191 consuetudine·
1193 3126 1228 3191 ia

200 3250 261 3311 boc
276 3247 430 3310 contraria
440 3266 503 3310 nou
519 3246 673 3307 obstante.
695 3242 782 3324 quod
796 3242 823 3305 si
833 3239 905 3322 quis
919 3241 960 3302 de
973 3247 1080 3302 cetero
1093 3236 1227 3301 usuam

201 3358 351 3421 annulum
363 3366 493 3441 ponam
507 3357 654 3420 iuuentus
671 3354 778 3428 luerit,
800 3351 962 3414 auferatur
975 3348 1006 3412 ei
1020 3347 1157 3413 annulae
1170 3368 1229 3433 par

200 3490 292 3536 suum
306 3468 513 3543 ordinarium,
528 3478 560 3531 ct
574 3486 637 3529 non
651 3464 802 3528 reddatur
816 3463 937 3533 eidem,
950 3460 1015 3522 iuro
1028 3458 1115 3522 idem
1126 3466 1229 3525 lma.-

200 3600 327 3667 pressor
340 3579 470 3644 clericus
484 3581 584 3644 eciam
599 3574 784 3641 tantundem
804 3573 846 3635 ad
867 3570 1008 3636 ualerem
1022 3568 1106 3634 illiue
1117 3568 1229 3635 affl

199 3696 230 3756 in
251 3694 347 3757 rebus
365 3691 432 3755 aliia
447 3699 579 3775 cogatur
595 3684 788 3771 pauperibus
803 3702 945 3766 erogare.
974 3683 1108 3747 clericus
1120 3689 1227 3749 aaa·

198 3807 251 3892 qui
273 3804 422 3869 annulum
442 3804 519 3867 dara
540 3801 725 3870 diocesano,
754 3795 807 3860 uol
830 3795 1003 3878 prodictam
1021 3792 1229 3878 quiasu-

197 3918 323 3982 soluere
337 3922 566 3987 contemneret,
588 3912 628 3973 ab
642 3911 787 3993 ingressu
801 3908 934 3972 ecclesia
947 3913 1105 3985 arceatur,
1123 3904 1229 3973 mm

198 4029 348 4093 annuum
363 4026 493 4100 reddat,
512 4034 546 4089 et
558 4042 673 4109 ponam
687 4021 792 4085 soluat
804 4019 988 4105 predictam.
