2798 4764
212 352 271 418 tro
323 369 468 417 nsarncr
487 368 629 414 urrscorr
642 367 715 412 vrrs
736 364 762 410 s.
774 365 925 410 srsrnam
942 362 1033 411 naurs
1047 340 1123 431 [13].

210 525 295 589 circa
319 524 427 588 altaria
451 521 573 604 plures,
595 539 674 583 auro
697 519 866 602 purissimo
891 518 1074 592 fabricatas,
1098 519 1236 601 lapidum

210 637 309 701 series
330 633 632 718 preciosissimornm
655 631 687 693 iu
710 652 744 694 se
766 631 976 705 continentes,
997 628 1148 692 ciborium
1171 640 1236 694 arte

211 747 345 811 mirabili
365 765 459 826 snpra
478 743 591 807 Christi
620 762 761 805 mensam
787 750 939 815 erectum,
971 761 1129 804 eameram
1151 741 1237 804 omni

212 879 328 944 genero
349 876 498 919 uasorum
520 853 780 927 cristallinorum,
802 853 1036 927 onichinornm,
1057 873 1238 927 aureorum,

210 977 432 1053 argenteorum
454 966 587 1048 pleniter
608 965 768 1028 refertam.
797 972 881 1027 tanta
903 966 1053 1048 preditam
1072 973 1237 1029 uenustate

211 1101 308 1164 supra
323 1079 511 1161 descriptam
533 1077 697 1141 ecclesiam
717 1078 747 1139 in
772 1077 928 1157 propriam
943 1076 1093 1157 capellam
1110 1097 1164 1139 rex
1179 1076 1238 1138 sibi

211 1194 361 1266 retinens,
383 1190 436 1255 tali
451 1211 519 1253 eam
535 1191 678 1252 libertate
695 1188 829 1260 dotauit,
852 1197 886 1250 nt
899 1187 1003 1251 nullus
1017 1188 1236 1270 episcoporum

211 1305 243 1368 in
259 1325 297 1368 ea
311 1304 449 1366 cuiusuis
464 1303 541 1364 iuris
556 1302 723 1385 quicquam
738 1298 880 1361 baberet.
902 1308 1057 1362 notamen
1072 1298 1237 1383 arcgnlari

211 1416 374 1499 disciplina
396 1413 538 1478 eiusdem
559 1413 618 1474 loci
642 1413 755 1474 fratres
773 1412 943 1474 existerent
962 1411 1072 1486 alieni,
1093 1412 1134 1473 ad
1153 1424 1237 1473 com-

210 1546 339 1589 munem
361 1525 457 1587 solius
479 1523 705 1605 archiepiscopi
729 1522 909 1604 synodum,
938 1521 1140 1585 ecclesiastici
1161 1522 1239 1604 dog·

211 1638 302 1701 matis
322 1634 523 1699 institucione
546 1634 720 1707 imbuendi,
751 1633 922 1696 conuenire
945 1632 1107 1696 deberent
1135 1634 1166 1695 in
1186 1634 1237 1695 dic

212 1746 312 1811 ocium
333 1742 542 1807 absolucionis
562 1752 593 1806 et
609 1743 857 1806 consecracionis
872 1743 1041 1817 crismatis,
1061 1745 1236 1826 cuicunque

213 1857 362 1940 episcopo
377 1855 428 1917 uel
444 1854 621 1937 iniungeret
641 1875 698 1917 rex
718 1855 761 1916 ibi
781 1875 929 1936 presens,
949 1854 1001 1919 uel
1014 1856 1087 1923 illuc
1101 1855 1240 1920 mitteret

212 1964 336 2040 absens,
356 1965 532 2047 penitentes
546 1965 578 2026 in
594 1985 632 2028 ea
646 1964 839 2039 absolueret,
859 1975 891 2030 et
905 1966 1017 2030 crisma
1031 1975 1239 2031 consecraret.

213 2076 320 2141 diuina
341 2097 469 2159 quoqne
491 2076 656 2139 missarum
677 2077 867 2160 solempnia,
888 2080 913 2139 si
928 2099 1036 2162 regem
1050 2079 1093 2141 ibi
1108 2100 1239 2163 presen-

211 2198 275 2255 tem
298 2209 369 2253 esse
394 2188 605 2273 contingeret,
635 2188 688 2252 ille
714 2198 832 2253 tnntnm
856 2190 1030 2253 celebraret
1054 2190 1239 2273 episcopus,

214 2300 265 2364 cui
286 2319 359 2375 rex,
381 2298 603 2363 consenciente
625 2300 860 2362 cumfratribus
882 2301 1058 2382 preposito,
1079 2300 1240 2363 celebrare

213 2413 345 2477 iuberet.
375 2413 406 2473 in
420 2412 504 2494 regis
520 2420 622 2474 antem
638 2411 803 2485 absencia,
825 2412 945 2494 absque
966 2413 1117 2494 prepositi
1132 2423 1166 2477 ct
1179 2414 1241 2476 irs-

215 2532 294 2587 trnm
315 2543 484 2597 consensu,
513 2522 615 2584 nullus
636 2523 804 2605 episcopus
828 2522 877 2585 uel
901 2524 1027 2587 missam
1046 2524 1241 2600 celebrandi,

214 2633 268 2698 nel
287 2633 453 2697 cuiuslibet
471 2634 658 2715 episcopalis
686 2632 780 2696 officii
801 2634 972 2698 exercendi
996 2635 1055 2698 sibi
1076 2634 1240 2698 licenciam

214 2752 389 2824 usurparet.
410 2745 557 2806 Preterea
571 2745 711 2807 eiusdem
723 2744 855 2809 ecclesie
871 2744 1018 2828 populum
1029 2746 1161 2808 instituit
1170 2767 1241 2809 esse

215 2866 277 2921 nm
292 2854 442 2929 liberum,
464 2863 498 2917 nt
513 2854 609 2917 nichil
623 2856 814 2919 decimarum
828 2858 974 2941 cuiquam
995 2858 1143 2941 episcopo
1165 2858 1241 2920 dare

216 2965 365 3040 deberet,
386 2967 441 3028 sed
456 2967 617 3048 preposito
636 2966 740 3059 solist
755 2967 918 3044 iratribus,
939 2977 1035 3050 prout
1048 2970 1087 3032 ab
1101 2990 1140 3033 eo
1154 2969 1243 3032 insti-

214 3083 315 3142 tutum
330 3083 394 3151 est,
416 3075 584 3139 seruicium
601 3077 774 3142 exhiberet.

297 3296 362 3382 (13)
383 3300 513 3364 Demum
528 3321 640 3365 seruus
656 3301 707 3365 dei
722 3322 784 3384 que
799 3309 872 3365 tunc
887 3300 1024 3366 babebat
1044 3310 1076 3366 et
1096 3302 1241 3387 aquirere

216 3419 352 3495 poterat,
373 3413 478 3473 omnia
493 3410 626 3486 Christo,
647 3432 709 3495 qne
724 3433 764 3475 ex
778 3412 876 3494 ipsius
890 3414 975 3477 dono
990 3414 1154 3487 linxerunt,
1167 3434 1242 3476 cou-

215 3522 300 3585 ierre
314 3524 447 3597 studuit,
470 3531 504 3587 ut
514 3525 568 3606 qni
584 3544 655 3585 cnm
669 3522 768 3607 gloria
784 3525 950 3589 ethonore
966 3526 1072 3588 mundi
1087 3524 1242 3607 presentis

216 3629 344 3709 dignum
355 3632 491 3706 iecerat,
512 3634 638 3697 celestis
652 3634 751 3716 patrie
766 3634 887 3697 ciuibus
902 3636 1073 3699 clementer
1086 3633 1240 3696 associare

217 3740 407 3821 dignaretur.
441 3741 575 3824 legimns
598 3744 630 3806 in
650 3744 821 3829 prophecia
843 3746 883 3807 de
903 3745 1053 3826 apostolis
1073 3745 1241 3825 scriptum,

216 3847 302 3931 quod
326 3848 359 3911 in
382 3868 508 3914 omnem
529 3860 646 3916 terram
670 3854 768 3918 eniuit
787 3874 883 3919 sonus
908 3874 1034 3929 eorum,
1056 3862 1088 3918 et
1107 3854 1140 3916 in
1161 3854 1242 3918 sines

217 3958 302 4023 orbis
315 3968 397 4023 terre
412 3962 510 4025 uerba
524 3982 644 4027 eorum.
665 3965 727 4031 hoc
741 3986 806 4030 nou
819 3966 920 4031 solum
934 3967 975 4030 de
990 3966 1166 4042 duodecim,
1185 3969 1243 4033 sed

218 4070 259 4136 de
277 4072 422 4136 omuibus
441 4092 461 4136 a
482 4072 542 4137 deo
563 4073 666 4140 missis
685 4077 725 4141 ad
747 4076 1025 4162 euangelizandnm
1039 4078 1157 4144 dictum
1172 4102 1243 4146 esso

216 4186 385 4269 probatur,
418 4206 550 4269 quorum
574 4186 638 4253 tide
662 4189 767 4255 uerbis
792 4198 825 4257 et
847 4189 988 4256 moribus
1014 4192 1243 4261 incrementum
