2798 4764
335 335 524 411 murmanus
545 337 588 382 ns
608 335 744 397 rursm
766 334 901 391 usuram
920 334 1039 403 nens·
1140 313 1201 401 251

175 493 231 577 dos
252 489 412 555 coclearia
431 498 463 553 et
484 491 619 573 quedam
641 489 702 553 alia
723 490 920 572 preparnuit,
941 509 999 572 pro
1014 490 1128 572 quibus
1145 489 1204 556 ali·

174 604 301 687 quando
318 622 428 684 parum
443 604 481 665 de
497 603 581 665 milio
596 611 802 685 receperunt,
824 605 863 665 de
879 623 942 684 quo
956 603 1082 666 nonnisi
1100 602 1205 687 tenui·

173 722 221 796 ter
242 715 334 777 nimis
356 720 505 796 poterant
524 714 704 776 sustentari.
730 713 813 776 unde
836 713 1047 775 decreuerunt
1061 714 1141 776 duos
1161 732 1205 779 ex

173 847 208 890 se
231 826 388 899 uendere,
410 846 543 907 quorum
567 827 673 908 precio
695 825 747 888 alii
770 834 895 907 ceptum
917 825 976 886 iter
998 823 1204 906 perficerent,

173 937 231 1000 sed
247 956 311 998 non
323 936 514 999 inuenerunt
531 945 706 1019 emptores,
729 937 802 1018 quia
817 956 906 998 arare
922 945 954 998 et
968 935 1086 999 molere
1102 935 1203 999 nesei-

174 1056 298 1135 uerunt.
321 1049 404 1110 nude
419 1048 606 1112 necessitate
627 1049 727 1111 coacti
742 1049 803 1110 duo
820 1069 857 1110 ex
873 1048 918 1110 eis
934 1047 973 1109 de
987 1047 1049 1108 illis
1063 1047 1204 1128 partibus

175 1177 287 1221 uersus
302 1157 470 1240 Ungariam
486 1158 662 1232 redierunt,
685 1158 736 1220 alii
751 1179 829 1221 uero
845 1167 1062 1221 remanserunt
1076 1157 1204 1233 ibidem,

175 1269 318 1355 nolentes
334 1269 486 1333 desistere
502 1270 668 1332 abitinere
683 1270 840 1333 inchoato.

258 1382 397 1445 Tandem
418 1382 477 1462 ipsi
495 1382 602 1445 babila
617 1384 812 1465 quorundam
835 1402 1032 1466 paganorum
1053 1382 1204 1460 societate

176 1492 236 1555 iter
257 1493 444 1574 arripientes
467 1515 526 1576 per
549 1493 666 1556 deserti
688 1494 903 1583 solitudinem,
934 1496 1059 1578 triginta
1082 1504 1205 1576 septem

177 1603 286 1691 diebus
301 1605 449 1667 continuo
464 1606 598 1668 iueruut.
620 1606 701 1668 intra
716 1627 794 1688 quos
810 1608 919 1690 uiginti
933 1608 1057 1669 duobus
1072 1606 1205 1688 panibus

176 1715 390 1778 subcinericiis
405 1717 452 1777 usi
468 1726 549 1789 suut,
565 1719 643 1779 adeo
658 1716 775 1800 paruis,
795 1718 880 1801 quod
895 1717 926 1780 iu
940 1718 1078 1800 quinque
1094 1716 1205 1805 diebus

176 1825 361 1908 potuissent,
376 1835 407 1888 et
422 1847 484 1889 nou
499 1828 539 1889 ad
554 1828 749 1901 sacietatem,
764 1828 900 1891 totaliter
912 1829 1098 1892 comedisse.
1120 1830 1205 1893 unda

176 1938 274 2000 irater
288 1938 341 2019 qui
356 1959 450 2001 sanus
465 1940 611 2021 quidem,
632 1941 689 2002 sed
704 1940 770 2003 sine
787 1940 905 2003 uiribus
925 1940 999 2014 suit,
1021 1960 1092 2002 cum
1106 1940 1205 2002 maxi-

179 2070 230 2112 mo
251 2034 358 2112 labore
374 2059 405 2113 et
419 2051 529 2113 dolore
545 2052 676 2114 libenter
692 2062 796 2115 tamen
811 2053 849 2114 de
866 2053 992 2115 deserto
1008 2053 1125 2115 eduxit.
1157 2052 1205 2115 in·

175 2160 282 2235 firmus
304 2171 409 2224 autem
431 2161 529 2225 irater
549 2163 619 2244 plus
640 2184 718 2228 sano
733 2184 826 2246 quam
844 2164 902 2225 sibi
923 2135 1139 2244 compaciens,
1160 2162 1206 2227 illi

176 2273 359 2356 frequenter
376 2275 499 2336 dicebat
514 2276 599 2356 quod
621 2275 722 2356 ipsum
737 2276 769 2336 in
784 2275 908 2336 deserto
923 2274 1117 2355 relinqueret
1136 2281 1206 2335 tau·

177 2405 271 2468 quam
293 2395 451 2448 mortuum
472 2395 503 2448 et
524 2395 667 2448 truncum
689 2386 847 2458 inutilem,
870 2406 909 2447 ue
925 2393 1054 2466 propter
1069 2403 1206 2466 occupa·

177 2497 300 2560 cionem
315 2498 412 2580 ipsius
428 2497 600 2581 negligeret
615 2519 693 2580 opus
710 2498 770 2560 dei.
800 2496 852 2578 qui
867 2516 970 2577 neque
985 2496 1113 2579 quidem
1128 2514 1205 2559 onn-

177 2608 289 2681 sensit‚
311 2609 367 2671 sed
383 2628 482 2691 usque
499 2610 538 2671 ad
560 2621 690 2672 mortem
711 2610 808 2691 ipsius
823 2627 930 2671 seeum
945 2608 977 2669 in
991 2608 1102 2670 itinere
1116 2606 1205 2671 labo·

177 2719 267 2782 rauit.
290 2721 403 2803 pagani
419 2720 547 2784 comites
563 2720 614 2783 uie
629 2720 785 2802 ipsorum,
807 2720 971 2782 eredentes
987 2719 1072 2800 ipsos
1085 2718 1206 2795 bebere

177 2830 357 2912 pecuniam,
381 2830 447 2893 iere
464 2851 518 2894 eos
534 2832 717 2894 occiderunt
732 2832 955 2914 perquirendo.

260 2941 403 3004 Transito
426 2951 530 3004 autem
553 2943 678 3005 deserto
703 2941 770 3005 sine
786 2942 869 3004 omui
892 2944 943 3005 uia
957 2951 988 3005 et
1000 2941 1129 3016 semita,
1150 2941 1205 3005 tri·

179 3051 297 3133 gesimo
312 3052 445 3132 septimo
461 3052 511 3115 die
527 3060 683 3115 uenerunt
697 3052 729 3112 in
746 3061 860 3114 terram
873 3053 1128 3126 Sarracenorum,
1143 3070 1209 3135 que.

178 3171 309 3254 uocatur
323 3162 423 3236 Ueda,
444 3163 476 3224 in
492 3162 650 3226 ciuitatem
665 3164 824 3237 Bundam,
844 3164 896 3225 ubi
911 3163 996 3225 nullo
1011 3164 1106 3225 modo
1120 3161 1206 3243 apud

179 3273 314 3355 aliquem
336 3282 481 3356 poterant
500 3274 677 3356 hospicium
696 3275 856 3347 obtinere,
886 3274 942 3336 sed
963 3273 995 3335 in
1014 3291 1124 3353 campo
1139 3290 1206 3335 ma-

183 3404 258 3446 nere
275 3385 414 3466 oportuit
427 3385 457 3447 in
474 3384 581 3466 pluuia
596 3393 627 3446 et
641 3385 768 3466 frigore.
801 3385 911 3446 diebus
926 3403 1002 3447 uero
1017 3382 1130 3456 irater,
1151 3381 1207 3465 qui

181 3512 275 3556 sanus
290 3494 358 3569 luit,
374 3496 431 3558 sibi
447 3505 478 3558 et
492 3495 615 3557 infirmo
631 3495 717 3555 fratri
733 3494 965 3574 eleemosynam
982 3513 1037 3574 per
1050 3491 1207 3569 ciuitatem

180 3607 341 3689 querebat.
362 3616 393 3671 et
408 3616 470 3670 tam
486 3608 517 3669 iu
533 3616 609 3688 potu
621 3626 715 3688 quam
729 3606 761 3667 in
773 3606 838 3667 aliis
854 3605 954 3687 potuit
968 3605 1121 3693 inuenire,
1133 3624 1209 3688 pre·¹

180 3719 272 3800 cipue
287 3741 305 3784 a
320 3721 463 3803 principe
480 3718 629 3794 ciuitatis,
651 3718 703 3801 qui
719 3738 791 3780 eum
807 3717 1016 3780 Christianum
1032 3737 1102 3781 esse
1115 3716 1207 3781 iutel-

179 3829 297 3914 ligens,
319 3832 453 3894 libenter
469 3832 496 3894 ei
513 3829 729 3913 eleemosynas
743 3829 934 3921 porrigebat.
956 3831 1031 3912 quia
1044 3837 1106 3893 tam
1121 3827 1209 3911 pripq

181 3962 254 4026 ceps
279 3965 374 4028 quum
397 3942 533 4027 populus
558 3943 639 4005 illius
663 3942 800 4024 regionis
825 3941 950 4025 publice
969 3942 1091 4014 dieunt,
1122 3940 1209 4035 quod

181 4057 241 4120 cito
256 4056 326 4122 lieri
340 4056 476 4122 debeant
490 4055 656 4154 Christiani
671 4063 703 4121 et
717 4054 849 4122 ecclesie
862 4056 1004 4121 Romane
1018 4054 1156 4120 subesse.
