2798 4764
408 364 555 415 sssosw
572 362 817 417 mrsursnse·
851 348 942 417 Μ
1126 342 1190 419 ili

160 521 291 606 propris
303 521 415 585 merita
427 521 650 585 retribucionis
668 523 804 606 graoim
817 521 981 605 impertiri.
1001 524 1190 591 aecedentes
1244 582 1251 589 .

161 633 267 716 itoque
288 630 399 695 iideies
422 631 522 695 nostri
544 628 685 716 hospites
707 632 873 697 Teutonici
893 633 1091 700 Uitrasiiusni
1117 634 1194 701 ona

159 743 246 807 uersi
267 743 307 806 ad
327 743 427 825 pedes
441 752 549 807 nostre
564 744 750 819 maiestatis,
770 745 931 808 humiliter
943 746 1034 808 nobis
1048 764 1191 831 conqusi

158 864 280 929 rentes,
300 875 357 918 sua
377 855 573 937 querimonia
597 857 780 939 suppliciter
802 857 893 919 nobis
915 864 1191 937 monstrauerunt3

160 965 246 1050 quod
260 966 387 1049 penitus
400 985 418 1029 a
432 985 490 1029 sua
504 967 664 1042 libertate,
678 986 739 1051 qua
754 970 860 1033 uocati
872 968 998 1034 fuerant
1012 991 1029 1034 a
1045 970 1188 1053 piissimo

160 1100 237 1163 rege
249 1080 352 1162 Goysa
375 1098 436 1142 ano
457 1087 584 1154 nostro,
605 1081 810 1155 excidissent,
833 1081 893 1144 nisi
910 1101 1007 1163 super
1020 1102 1076 1146 eos
1090 1082 1190 1149 maie-¹

161 1198 224 1254 stas
243 1188 331 1273 regia
344 1188 454 1253 oculos
473 1190 565 1253 solite
579 1191 703 1273 pietatis
724 1188 831 1256 nostre
853 1193 1005 1275 aperiret,
1025 1195 1110 1258 unde
1130 1208 1188 1278 pre

161 1303 259 1365 nimia
270 1310 457 1385 paupertate
471 1302 590 1364 nulium
605 1303 760 1366 maiestati
779 1305 866 1386 regie
880 1305 1049 1369 seruiciunr
1063 1312 1190 1389 poterut

161 1413 328 1497 impertiri.
353 1434 412 1477 nos
425 1414 521 1497 igitur
533 1413 625 1477 iustis
639 1432 749 1478 eorum
763 1416 969 1499 queri-oniie
988 1436 1082 1481 aures
1094 1417 1192 1483 solite·

160 1525 284 1607 pietatis
305 1526 503 1600 inclinantes,
534 1526 574 1589 ad
597 1528 797 1609 presencium
818 1534 1082 1611 posterorumque
1106 1526 1189 1593 noti·

162 1636 241 1699 eiam
262 1636 409 1701 uolumus
429 1637 599 1714 deuenire,
620 1640 706 1722 quod
728 1659 786 1703 nos
806 1647 1042 1704 antecessorum
1064 1648 1192 1705 nostro*

163 1768 232 1811 rusn
246 1750 306 1832 piis
320 1748 462 1831 uestigiis
476 1749 669 1825 inherentes,
690 1744 811 1833 pietstis
824 1753 901 1815 moti
914 1753 1104 1828 uisceribus,
1124 1753 1192 1835 pris

160 1862 272 1924 stiuam
286 1860 332 1924 eis
346 1861 507 1923 reddimus
522 1861 717 1937 libertatem,
737 1863 780 1927 ita
796 1873 920 1928 temen:

242 1974 302 2048 (i)
322 1973 407 2055 quod
422 1973 590 2037 uniuersus
604 1973 740 2056 populns
752 1974 906 2057 incipiens
923 1970 1069 2039 aUar'oss
1086 1996 1187 2059 usque

161 2085 201 2148 ad
224 2084 345 2158 Barait,
375 2078 445 2146 otnn
469 2090 554 2147 terra
578 2084 775 2159 Siculorum,
802 2095 888 2149 terra
910 2081 1026 2149 Ssebus
1050 2094 1084 2150 et
1103 2094 1191 2151 terra·

160 2196 280 2260 [tereus
293 2216 375 2259 unus
389 2196 428 2259 sit
442 2196 590 2278 poputus,
611 2204 644 2258 et
657 2198 716 2259 sub
729 2214 793 2258 nno
806 2197 909 2259 iudioe
924 2205 1100 2270 censentur,
1120 2214 1190 2259 osn···

161 2308 253 2372 nibus
267 2308 465 2371 comitatibus
480 2316 586 2390 preter
596 2307 1015 2372 cibiniensem-cessantibus
1029 2306 1190 2371 radicitus.¹
1224 2372 1228 2381 ,

243 2421 305 2495 (2)
327 2419 442 2482 Comes
456 2440 534 2483 uero
548 2419 730 2502 quicunque
742 2419 837 2482 fuerit
851 2418 1048 2493 cibiniensis,
1070 2412 1192 2483 nuituis

162 2540 321 2614 presumat
335 2539 472 2594 statuere
486 2531 519 2593 in
535 2531 682 2611 predictis
693 2530 900 2604 comitatibus,
910 2530 970 2592 nisi
984 2530 1023 2594 sit
1037 2531 1118 2594 intre
1132 2522 1192 2597 ctis

161 2642 314 2717 residens,
335 2651 367 2706 et
386 2642 489 2725 ipsum
511 2642 619 2726 popuii
641 2642 774 2724 eligunt,
794 2642 848 2725 qni
869 2639 981 2705 meiius
994 2642 1121 2705 uidetur
1134 2658 1191 2705 ex·

163 2753 281 2835 pedire.
312 2773 373 2817 neo
397 2755 498 2818 eciam
522 2753 555 2817 in
579 2754 728 2817 comitatu
743 2752 914 2817 Cibiniensi
938 2752 1050 2835 aliquis
1074 2754 1191 2818 audest

56 2862 60 2871 '
163 2884 346 2948 comparare
368 2867 510 2948 preconia.
576 2934 580 2941 ,

244 2979 301 3055 (3)
322 2979 370 3041 Ad
383 2980 505 3043 tuorum
519 2976 598 3043 nero
612 2989 719 3045 nostre
729 2974 856 3045 amere
865 2978 1054 3063 quingentos
1067 2978 1195 3043 morose

163 3092 283 3173 argenti
306 3092 380 3153 dare
403 3099 569 3154 teneantur
591 3092 761 3155 annuatim.
792 3088 915 3155 nulium
936 3090 1108 3172 predislem
1134 3084 1189 3153 nei

165 3201 334 3284 quemlibet
347 3202 443 3264 atinus
458 3202 604 3265 uolumus
617 3203 697 3265 intra
712 3203 862 3266 terminos
872 3200 1055 3264 eorumdem
1071 3200 1190 3280 positos

164 3315 203 3376 ab
216 3313 276 3377 hac
290 3314 416 3377 excindi
434 3313 632 3386 reddioione‚
652 3314 714 3375 nisi
727 3313 781 3395 qni
794 3331 890 3392 super
901 3311 965 3374 hoc
978 3311 1112 3394 gaudeat
1127 3309 1193 3392 pri·-¹

163 3423 279 3508 uiiegio
292 3424 430 3506 speciali.

246 3536 303 3612 (i)
326 3535 394 3599 tion
415 3535 515 3597 eciam
536 3534 657 3597 eedem
678 3532 895 3607 concedimus,
916 3532 1002 3616 quod
1024 3533 1191 3614 pecuniane

164 3666 259 3731 quarn
283 3647 374 3710 nobis
398 3645 522 3709 soluere
547 3641 739 3709 tenebuntur
762 3664 820 3709 sen
845 3645 1086 3728 dignoscuntur,
1117 3662 1191 3711 ns·

165 3758 251 3820 nulio
273 3759 333 3821 aiio
355 3758 516 3841 pondere,
536 3756 597 3820 nisi
611 3775 682 3819 oum
697 3754 803 3820 mm
816 3764 985 3839 argentea,
1006 3776 1100 3841 quana
1113 3752 1193 3841 ptos

164 3872 243 3934 sisne
257 3870 489 3935 recordacionis
503 3877 594 3952 pater
608 3867 805 3934 noster'B'els
818 3868 938 3934 eisdem
953 3868 1123 3944 constitnit,
1143 3870 1192 3935 ni-

165 3982 281 4047 delicet
302 3983 447 4066 quintum
469 3981 633 4047 dimidium
653 3982 810 4047 fertonem
834 3979 1021 4046 cibiniensis
1040 3978 1196 4065 ponderis

166 4114 238 4159 cuns
251 4093 432 4159 Goioniensi
445 4094 585 4172 denario,
600 4093 661 4160 nui
675 4090 853 4182 discrepent
864 4094 899 4163 iu
911 4100 1045 4175 suurn,
1064 4086 1196 4161 coloes

164 4216 345 4279 mv
735 4256 738 4261 Ι
1167 4246 1174 4257 ,
1188 4218 1197 4253 i
