2798 4764
498 1145 675 1229 aunum
701 1147 742 1231 tt.
767 1148 888 1231 ansts

184 1334 495 1411 Pntvmnffla
517 1338 790 1413 ECCLESIAE
811 1337 1205 1418 zAGttautntttsls

603 1494 781 1557 ttCvatt.

450 1632 588 1683 EFariati
608 1633 715 1699 lltyrico
734 1651 809 1687 sacro
827 1639 858 1690 V.
877 1636 933 1691 ³58.

589 1789 787 1801 -—--—-.

257 1894 292 1954 ln
304 1893 429 1955 nomine
441 1902 547 1956 sancte
565 1896 707 1956 trinitatis
720 1904 750 1957 et
761 1896 922 1959 indiuiduo
935 1898 1073 1961 unitatis.
1095 1899 1206 1964 Amen.

126 2073 137 2086 .
176 2004 315 2067 Andreas
338 2006 388 2067 dei
404 2005 506 2086 gracia
521 2005 695 2088 Hungarie,
717 2007 891 2081 Dalmacie,
913 2009 1057 2084 Croacie‚
1080 2011 1205 2086 Seruis,

177 2116 305 2178 Gallicie
322 2117 573 2199 Lodomerieque
589 2139 643 2179 rex
659 2119 690 2178 in
707 2128 903 2199 perpetuum.
925 2119 1101 2183 Uenerandi
1118 2122 1205 2202 regie

176 2228 279 2308 stirpis
299 2249 498 2290 successores
520 2239 580 2290 tam
600 2230 797 2311 diligentem,
818 2238 881 2291 tam
897 2231 1154 2312 circumspectam
1171 2230 1204 2292 in

174 2359 299 2402 suorum
321 2349 555 2402 antecessorum
579 2340 804 2401 donacionihus
825 2349 856 2401 et
878 2340 1043 2414 institutis,
1065 2343 1141 2403 etin
1155 2339 1203 2403 his

172 2452 305 2513 maxime
333 2473 394 2530 que
419 2453 457 2513 ad
480 2452 531 2513 dei
554 2452 670 2514 cultum
702 2461 732 2513 et
759 2452 912 2513 honorem
943 2452 1089 2532 deputata
1115 2459 1202 2527 sunt,

174 2564 290 2626 debent
311 2563 424 2626 habere
448 2564 701 2646 prouidenciam‚
731 2574 765 2627 ut
786 2564 889 2646 siqua
909 2565 1062 2645 parteuel
1083 2585 1203 2628 annosa

174 2684 350 2757 temporum
375 2677 509 2749 canicie,
540 2678 590 2738 uel
612 2678 791 2758 importuno
815 2678 1056 2761 malignancium
1083 2678 1202 2761 impetu

174 2789 312 2851 uacillari
330 2788 481 2862 uiderint,
504 2810 567 2851 non
583 2799 702 2852 tantum
718 2792 750 2852 in
765 2792 877 2854 melius
892 2792 1072 2863 immutare,
1090 2812 1201 2854 uerum

173 2901 271 2964 eciam
287 2901 449 2962 immutata
464 2922 520 2964 sue
533 2905 723 2966 auctoritatis
737 2905 908 2966 munimine
923 2904 1071 2966 studeant
1084 2904 1115 2965 in
1131 2923 1202 2983 per-

172 3023 301 3094 petuum
316 3014 475 3075 roborare.
503 3015 595 3076 huius
610 3017 714 3096 itaque
729 3016 815 3098 regie
827 3015 1115 3096 circumspectionis
1130 3034 1202 3078 eru·

173 3126 294 3187 dicione
309 3126 432 3198 moniti,
453 3127 652 3205 presencium
674 3137 767 3208 atque
789 3137 989 3210 posterorum
1008 3125 1123 3187 noticie
1139 3124 1202 3186 cla-

171 3257 295 3300 rescere
317 3237 477 3310 nolumus,
499 3240 584 3320 quod
602 3260 697 3319 quum
721 3260 862 3301 essemus
885 3240 916 3299 in
932 3236 1137 3319 exsequendo
1151 3234 1203 3298 iti·

172 3369 247 3410 nere
269 3357 406 3410 assumte
429 3348 544 3421 crucis,
577 3349 722 3409 iniuriam
745 3349 885 3411 crucifixi
910 3348 1017 3409 ulcisci
1044 3347 1200 3422 uolentes,

172 3461 210 3522 ad
224 3470 362 3523 sanctam
379 3471 493 3523 terram
509 3459 754 3541 proficiscendo,
777 3470 808 3522 et
822 3461 1016 3521 uenissemns
1032 3460 1071 3520 ad
1086 3462 1200 3543 Zagra-

169 3571 309 3635 biensem
336 3574 569 3656 episcopatum,
607 3591 642 3633 ac
671 3572 896 3634 monasterium
925 3572 1149 3653 Zagrahiense‚
1180 3591 1201 3637 a

170 3704 195 3744 s.
215 3685 361 3747 Ladislao
390 3706 465 3767 rege
495 3684 689 3746 sanctissime
715 3685 947 3748 recordacionis
973 3686 1199 3766 predecessore

169 3808 277 3860 nostro
293 3805 517 3871 constructum,
532 3798 585 3878 qui
602 3805 716 3858 terram
732 3797 889 3871 Slauonie,
903 3798 971 3861 siue
987 3799 1145 3873 hanutum,
1159 3798 1198 3862 nh

170 3928 278 3971 errore
299 3908 475 3970 idololatris
494 3909 533 3971 ad
549 3907 663 3971 Christi
678 3908 844 3971 ueritatem
859 3918 1059 3985 conuertens,
1080 3929 1198 3973 corone

168 4021 329 4105 flungarie
348 4021 543 4105 subiuganit,
572 4021 624 4103 qui
644 4022 741 4084 eciam
762 4022 794 4084 in
810 4023 922 4086 eodem
943 4025 1059 4086 banatu
1075 4021 1198 4104 episco-

169 4142 275 4223 patum
299 4134 446 4211 institnit,
473 4142 505 4202 et
527 4135 752 4201 monasterium
776 4135 809 4200 in
832 4135 986 4201 honorem
1008 4158 1033 4200 s.
1045 4134 1198 4219 Stephani

906 4236 948 4296 Ψ
