2798 4764
329 375 364 426 s.
378 376 509 426 nonem
528 376 653 426 camna
670 376 857 427 unsarans
878 332 1057 448 (itaut).
1142 360 1204 430 adt

66 567 69 570 ⁴
176 533 377 608 hem-nuxit
395 533 628 596 deliberacione
648 534 780 616 prouida
802 536 1017 610 statuendum,
1040 536 1126 620 quod
1147 544 1206 601 n‘e'·

176 645 267 729 gocia
289 665 418 710 suorum
443 645 671 728 regnicolarum
699 646 853 710 deberent
878 648 917 710 ad
943 648 1040 712 instar
1063 650 1206 713 Romane

176 757 282 831 curie,
303 778 361 840 per
383 757 555 840 peticiones
579 758 611 819 in
635 776 691 820 sua
715 758 801 820 curia
823 758 982 841 expediri,
1004 756 1067 821 suis
1082 758 1206 823 cancei-

175 868 262 931 iariis
283 869 326 931 ita
345 868 508 941 mandans,
530 868 615 951 quod
630 888 688 951 per
705 888 740 932 se
754 868 838 932 teuia
857 879 889 933 et
907 869 1057 951 simplicia
1071 856 1206 953 negocia

176 982 362 1062 expedirent
382 989 578 1063 quantocyus
601 988 746 1060 possent,
771 982 811 1043 ad
832 1001 923 1043 suum
945 980 1133 1046 auditorium
1154 1001 1205 1045 er-

176 1092 238 1156 doa
260 1100 290 1154 et
312 1092 420 1174 grauia
444 1092 647 1173 perferentes.
674 1093 736 1154 boc
757 1092 830 1155 ideo
850 1092 997 1167 faciebat,
1020 1102 1052 1156 ut
1073 1094 1205 1176 negocia

175 1203 271 1266 tinem
290 1203 430 1266 debitum
450 1202 605 1267 uelociter
625 1202 823 1267 sortirentur.
853 1204 914 1266 Sed
934 1204 1096 1279 malcomi,
1118 1202 1204 1288 quod

176 1315 216 1378 ad
230 1315 377 1378 leuamen
392 1333 615 1396 oppressorum
636 1314 739 1378 iuerat
758 1316 979 1391 adinuentum,
1009 1316 1048 1379 ad
1061 1316 1203 1400 iniquum

175 1425 396 1508 compendium
414 1434 650 1509 retorquentes,
676 1428 795 1490 nodum
812 1428 845 1489 in
867 1436 977 1510 stupa,
1003 1437 1034 1491 et
1053 1428 1150 1511 pilum
1170 1428 1203 1492 ib

176 1557 239 1602 ouo
253 1538 396 1602 inuenire
411 1538 605 1602 mendaciter
618 1540 810 1621 satagebant.

258 1761 324 1845 (tu)
346 1764 389 1826 m
404 1767 588 1846 responsione
602 1766 641 1826 nd
656 1768 787 1846 quintam
802 1767 864 1828 odii
877 1786 1008 1830 ermom.
1056 1766 1139 1831 tttut
1153 1786 1203 1833 as·

175 1874 321 1940 serebant
339 1877 464 1958 penitus
479 1876 612 1952 falsum,
633 1878 719 1962 quod
741 1900 797 1942 rex
812 1879 1035 1943 introduxisset
1048 1878 1205 1943 Cumanos

176 1989 215 2051 ad
230 1988 467 2070 depressionem
488 1991 640 2054 etodium
656 1990 897 2074 Hungarorum:
920 1992 976 2055 sed
991 1991 1092 2054 soium
1108 1996 1205 2075 prop-

175 2108 225 2165 ter
239 2101 315 2175 boc,
337 2109 372 2165 ut
385 2102 484 2166 orsitus
500 2103 598 2165 diuini
617 2104 753 2165 nominis
772 2105 804 2165 in
819 2104 981 2188 ilungaria
1000 2104 1064 2166 suis
1084 2106 1205 2186 tempo·

105 2278 108 2287 ,
175 2214 260 2277 ribus
275 2223 443 2297 augeretur
457 2223 488 2278 et
502 2217 555 2289 sic,
572 2217 698 2297 quando
713 2217 815 2298 ipsum
830 2216 981 2279 aduersus
995 2215 1139 2278 inimicos
1151 2234 1205 2279 co-

174 2346 251 2390 rone
263 2346 408 2410 guerram
420 2328 538 2391 babere
549 2327 753 2409 contingeret,
761 2336 868 2390 eontra
881 2348 935 2390 ens
948 2347 1018 2388 cum
1030 2327 1075 2389 eis
1086 2316 1203 2390 sorcius

175 2445 206 2500 et
225 2439 332 2523 durius
355 2438 528 2502 dimicaret.
556 2437 588 2500 Si
611 2446 715 2500 antem
731 2438 886 2500 Cumanos
906 2437 976 2520 plus
998 2457 1091 2521 qrram
1115 2436 1204 2499 liun-

175 2570 265 2631 garos
287 2551 476 2623 honorabat,
497 2551 558 2612 boe
574 2550 633 2632 ipsi
649 2570 723 2633 egre
738 2550 820 2612 ferre
836 2570 899 2612 non
917 2558 1059 2631 poteraut
1074 2569 1133 2612 nec
1149 2542 1204 2613 de·

174 2661 298 2723 bebant.
321 2681 392 2723 nam
408 2662 540 2724 decebat
555 2661 674 2743 regiam
690 2661 869 2743 dignitatem
885 2660 1080 2724 introductos
1095 2656 1204 2742 hospi-

174 2781 220 2836 tes
241 2772 415 2847 bonorare3
438 2773 572 2835 maxime
588 2792 660 2835 cum
681 2772 741 2834 boc
756 2772 801 2835 eis
816 2771 996 2854 promiserit
1014 2772 1201 2847 iuramento,

173 2890 204 2945 et
228 2882 331 2965 ipsum
353 2882 384 2943 in
403 2880 466 2945 fide
487 2903 543 2945 sua
566 2882 708 2964 ceperint
729 2883 852 2945 imitari.
885 2892 1007 2947 etcum
1029 2890 1135 2947 essent
1153 2880 1201 2946 eis

173 2993 313 3076 Hungari
337 2994 454 3067 odiosi,
475 2994 576 3056 scium
599 3015 705 3079 regem
725 2996 881 3059 habebant
900 2996 932 3058 in
948 2996 1106 3078 Hungaria
1127 3012 1202 3078 pro·

174 3114 336 3170 tectorem.
367 3126 438 3168 nam
461 3108 587 3170 Kuthen
614 3128 670 3171 rex
695 3108 906 3172 Cumanorum
933 3131 989 3191 per
1012 3129 1137 3191 regem,
1169 3094 1202 3170 et

174 3219 376 3301 quamptures
395 3218 447 3281 atii
469 3239 526 3301 per
544 3220 676 3283 maiores
699 3229 729 3283 et
743 3221 866 3284 nobiies
880 3221 971 3304 regni
986 3220 1110 3283 fuerant
1123 3218 1201 3300 bap·

173 3330 273 3403 tizati,
294 3331 336 3392 ita
352 3331 513 3413 quodiam
529 3350 600 3392 cunr
616 3330 774 3413 Hungaris
796 3328 952 3392 connubia
966 3328 1200 3392 contrahebant.

175 3446 207 3502 et
221 3440 248 3502 si
263 3460 319 3504 rex
334 3442 381 3504 eis
403 3442 584 3504 fauorabilis
605 3462 667 3504 non
688 3440 812 3515 inisset,
834 3440 893 3523 ipsi
911 3440 942 3501 in
957 3438 1117 3522 Hungaria
1137 3434 1201 3502 nori

174 3550 342 3616 stetissent.
374 3553 494 3616 tuditis
523 3562 628 3615 autem
660 3552 733 3614 binc
763 3551 837 3613 inde
868 3551 1038 3633 propositis
1067 3544 1203 3632 scriptor

173 3662 267 3724 tinem
282 3662 375 3726 basius
395 3662 516 3745 negocii
535 3684 598 3725 non
618 3662 766 3743 imponit,
786 3661 884 3723 lector
905 3659 931 3722 si
951 3660 1056 3724 ualeat
1075 3658 1201 3724 camena

174 3772 337 3847 terminet,
358 3773 479 3836 iusticia
499 3773 666 3836 mediante.

256 3995 323 4080 (13)
346 3998 556 4080 Intertopnism
575 4001 617 4061 od
630 4000 862 4062 continuandam
882 3998 1100 4061 sanccionem.
1143 3988 1203 4059 His'

174 4111 467 4194 interposicionibus
483 4110 649 4194 expeditis,
670 4112 803 4194 scriptor
817 4110 931 4194 styium
946 4108 1052 4191 dirigit
1066 4106 1107 4169 ad
1120 4104 1203 4170 tna:

173 4224 303 4288 tandum
325 4225 450 4308 incepta
472 4223 612 4288 materie
624 4222 893 4307 praesensionem.
919 4228 955 4285 'et
973 4219 1001 4282 si
1022 4216 1077 4301 qut
1098 4214 1203 4300 ipsunt
