2798 4764
213 350 276 420 idi
385 354 524 419 'amnui
542 360 579 417 ιι.
598 366 690 417 anon
712 362 879 415 usmarus
898 366 933 415 ιι.
976 344 1065 415 1232

208 514 346 600 ¹midos,
369 524 537 590 citaciones
552 522 605 587 nel
623 522 802 587 testimonia
815 541 925 586 eornm
940 541 1004 585 non
1019 523 1162 597 ualeant,
1183 525 1242 587 nisi

214 656 274 722 per
287 636 499 701 testimonium
515 635 675 699 diecesani
696 601 834 717 episcopi
855 634 906 698 uei
929 634 1065 717 capituli.
1086 653 1144 697 nec
1158 634 1243 698 salsi·

213 748 323 813 Iicatus
338 747 516 831 prestaidns
532 748 630 829 possit
648 767 682 810 se
697 745 866 810 iustificare
880 747 941 809 nisi
957 747 1142 811 eorumdem
1157 747 1242 810 testi-

206 850 343 934 moniis,
363 860 396 921 in
418 858 520 923 causis
541 878 619 922 nero
635 858 807 933 minorum,
833 858 1011 923 uicinorum
1029 868 1241 922 conuenturam

212 968 266 1035 neI
278 970 484 1033 claustrorum
501 968 696 1033 testimoniis.

296 1080 396 1143 XXII.
443 1080 638 1144 ProstaIdum
662 1079 766 1143 nuilus
791 1100 849 1163 per
871 1101 987 1144 nonum
1010 1082 1061 1145 uel
1080 1082 1240 1144 biennium

212 1192 268 1259 nol
295 1193 376 1256 nitra
403 1212 512 1256 secum
536 1192 690 1269 detineat,
721 1192 782 1257 nisi
803 1193 843 1256 ad
865 1193 1058 1256 decisionem
1082 1213 1178 1256 cause
1201 1195 1241 1256 ad

213 1324 308 1391 quam
321 1304 509 1387 impetrauit.

296 1418 410 1481 XXIII'.
452 1416 600 1500 Ilospites
623 1417 745 1481 nohiIes
766 1418 806 1480 ad
828 1436 960 1499 reguum
981 1415 1161 1490 uenientes,
1182 1416 1242 1479 nisi

213 1528 317 1593 incole
339 1548 408 1592 esse
429 1527 543 1603 uelint,
566 1530 605 1591 ad
627 1529 794 1612 dignitates
815 1548 879 1589 non
903 1535 1159 1611 promoveantur,
1184 1548 1241 1609 per

213 1639 292 1705 tales
305 1640 389 1704 enim
405 1640 519 1703 diuicie
533 1638 619 1721 regni
635 1639 852 1703 extrahuntur.

295 1752 409 1815 XXIV.
452 1751 571 1814 Uxores
606 1750 831 1815 decedencium
868 1749 921 1814 ueI
960 1751 1241 1814 condemnatorum

214 1882 272 1947 per
284 1862 476 1927 sentenciam
497 1861 536 1926 ad
552 1867 699 1936 mortem,
720 1860 773 1924 ucl
787 1860 820 1923 in
835 1859 941 1924 ducito
956 1860 1241 1933 succumbencium,

215 1982 270 2040 ant
285 1975 345 2039 aIia
360 1993 548 2058 quocunqne
563 1992 729 2049 excausa,
751 1994 814 2036 ιιοιι
831 1973 1022 2037 frustrentur
1036 1973 1109 2035 dote
1123 1992 1189 2035 sua.

295 2086 394 2149 XXV.
437 2086 555 2150 Uxores
576 2085 681 2149 iurum
706 2085 758 2149 ueI
780 2085 935 2149 latronum
962 2106 998 2148 ac
1020 2106 1129 2149 eorum
1151 2085 1242 2148 tiberi

211 2220 271 2285 pro
285 2198 405 2263 deiietis
420 2206 543 2282 patrum
559 2218 622 2261 non
637 2198 826 2262 uendantur.

295 2311 409 2373 XXVI.
448 2312 590 2394 Integros
619 2309 783 2372 comitatus
810 2307 863 2372 uel
887 2307 1055 2393 dignitates
1079 2308 1111 2370 in
1131 2308 1242 2391 predia

211 2422 265 2487 ueI
281 2422 498 2506 possessiones
513 2440 577 2483 non
591 2418 827 2483 transferemus.

295 2534 422 2596 XXVII.
465 2533 635 2596 Statuimus
662 2530 846 2615 iobagiones
869 2538 1043 2594 castrorum
1067 2530 1240 2594 secundum

211 2646 388 2709 libertatem
404 2665 422 2707 a
436 2666 461 2707 s.
473 2665 548 2726 rege
562 2663 760 2718 concessam,
782 2642 924 2706 similiter
937 2652 968 2706 et
983 2644 1121 2724 hospites
1137 2643 1242 2705 cnius-

215 2775 339 2838 cnnque
356 2755 496 2817 nacionis
510 2754 682 2817 secundum
698 2755 872 2819 libertatem
889 2756 928 2819 ab
942 2754 1035 2817 iuIcio
1051 2755 1097 2818 eis
1112 2773 1242 2817 conces-

212 2886 297 2941 sam,
319 2874 472 2948 perpetuo
489 2867 599 2928 teneri.

295 2975 437 3037 XXVIII.
479 2976 526 3038 Ad
550 2976 702 3040 secandas
724 2975 889 3060 indagines
910 2986 940 3041 et
955 2976 1071 3041 fossata
1086 2976 1241 3049 iacienda,

212 3087 252 3150 ad
273 3085 383 3150 hortos
405 3095 436 3150 et
450 3107 640 3170 quecunque
660 3088 749 3170 regia
765 3086 887 3151 oditioia
912 3086 966 3152 uel
992 3088 1149 3161 officinas,
1175 3107 1242 3150 ser·

210 3199 369 3263 uiencium
385 3205 416 3262 et
430 3199 633 3262 ecclesiarum
649 3200 781 3282 populos
798 3221 860 3264 non
876 3220 1034 3283 cogemus.

293 3312 411 3375 XXIX.
454 3314 563 3376 Preter
590 3312 772 3376 uicesimum
799 3333 894 3396 quam
927 3313 966 3376 ab
992 3315 1121 3397 antiquo
1150 3333 1241 3396 reges

208 3422 347 3499 hahent,
380 3423 516 3488 decimas
542 3444 606 3487 nou
632 3423 812 3507 exigemus,
841 3425 916 3509 qnia
939 3444 996 3507 per
1021 3424 1081 3488 hoo
1107 3425 1242 3508 popuius

210 3547 372 3620 grauntur.

295 3648 397 3710 XXX.
438 3650 529 3712 Porci
553 3650 652 3713 nostri
673 3650 705 3713 in
729 3650 824 3713 siluas
848 3650 900 3713 uei
920 3657 1010 3732 prata
1033 3649 1242 3711 seruiencinm

210 3769 324 3826 eontra
340 3759 531 3824 uoluntatem
546 3781 656 3825 eorunm
671 3783 735 3825 non
750 3771 926 3845 pascantur.

295 3870 411 3933 XXXI.
452 3872 578 3937 Monete
604 3882 635 3938 et
663 3874 779 3937 sutibus
805 3892 842 3936 ac
871 3870 939 3936 aliis
968 3872 1100 3956 publicis
1129 3870 1242 3936 officiis

206 3980 299 4047 Indoi
314 3988 345 4045 et
359 3982 510 4045 Saraceni
525 4004 588 4047 non
604 3982 819 4066 preficiantur.

292 4094 421 4161 XXIIII.
464 4094 685 4163 Possessiones
700 4105 789 4160 extra
802 4114 936 4181 regnum
951 4115 1016 4160 nou
1030 4095 1243 4161 conterantur.
