2798 4764
348 361 601 427 percurrens
622 364 756 428 maara
777 364 911 423 nrum
929 367 1048 430 pastu
1152 349 1214 429 Ἡ

186 517 248 582 imo
267 517 301 580 in
321 517 423 599 primo
439 516 538 599 prelio
553 517 667 583 deuicti
689 526 764 582 sunt
784 539 842 600 par
856 539 922 583 eos.
949 522 1035 597 unde
1055 522 1140 606 ipsos
1155 522 1215 586 sibi

187 628 304 703 amicos
326 635 358 692 et
379 627 482 697 socios
505 626 678 711 elegerunt
706 630 812 712 itaque
826 631 919 695 simul
932 631 1029 708 iuncti
1043 635 1103 696 XV
1116 652 1215 723 παρη

188 746 395 804 uastauerant
410 739 547 802 omnmo.
573 741 605 802 in
620 739 680 816 bac
695 741 889 823 Ungarorum
904 750 989 807 terra
1004 743 1105 807 dietus
1119 745 1218 827 stilti

186 850 309 917 inuenit
324 852 487 924 Tartaros,
510 860 542 914 et
561 851 711 915 nuncium
727 852 815 916 ducis
830 854 1046 928 Tartarorum,
1068 854 1121 936 qui
1136 855 1217 934 scier

187 961 241 1041 bat
264 961 463 1045 ungaricum,
495 961 707 1044 ruthenicum,
739 964 955 1037 cumanicum,
986 963 1218 1040 theutonicum,

186 1071 417 1144 sarracenicum
437 1081 469 1136 et
486 1072 677 1136 tartaricum.
705 1073 759 1156 qui
775 1075 853 1137 dixit
870 1076 955 1156 quod
971 1076 1128 1139 exercitus
1140 1077 1217 1157 Tarf

188 1194 344 1259 latorum,
365 1185 419 1266 qui
441 1195 514 1246 tunc
535 1185 653 1246 ibidem
671 1185 711 1246 ad
726 1186 866 1267 quinque
882 1186 981 1250 dietas
997 1184 1117 1247 uicinus
1133 1192 1218 1268 erat,

189 1302 297 1361 coena
311 1291 525 1357 Alamanniam
540 1293 638 1357 uellet
649 1294 705 1357 ire.
727 1295 783 1357 sed
799 1295 894 1357 alium
908 1316 1001 1378 quem
1016 1296 1056 1358 ad
1074 1297 1216 1368 destrue,

188 1406 306 1490 tionem
320 1406 488 1470 Persarum
503 1407 640 1480 miserat,
662 1407 896 1489 exspectabant.
917 1407 996 1471 dixit
1010 1409 1109 1474 eciam
1123 1409 1218 1487 idem.

189 1518 276 1600 quod
290 1518 373 1581 ultra
387 1525 502 1581 terram
512 1519 715 1582 Tartarorum
730 1526 812 1583 esset
826 1539 903 1601 gens
919 1519 1015 1586 multa
1029 1520 1133 1595 nimis,
1149 1539 1217 1603 nqis

189 1629 281 1692 nibus
294 1628 473 1692 horninibus
488 1628 586 1692 alcior
600 1639 631 1692 et
646 1629 753 1703 maior,
777 1648 848 1693 cum
863 1631 1017 1713 capitibus
1033 1632 1112 1694 adeo
1128 1650 1217 1716 mag*

190 1741 256 1816 nis,
278 1741 363 1827 quod
381 1739 467 1811 nullo
483 1742 576 1804 modo
592 1741 741 1803 uidentur
756 1742 940 1823 corporibus
955 1742 1019 1804 suis
1033 1742 1216 1824 conuenire.

191 1859 224 1914 et
237 1852 322 1933 quod
337 1852 447 1915 eadem
462 1871 539 1933 gens
551 1851 589 1913 de
605 1858 690 1915 terra
702 1871 762 1914 sua
775 1853 860 1916 exire
875 1853 1033 1937 proponit,
1049 1852 1218 1936 pugnaturi
1302 1918 1306 1929 ,

191 1983 261 2036 curn
278 1963 423 2026 omnibus
437 1962 507 2036 illis,
529 1962 584 2046 qui
599 1961 644 2026 eis
658 1963 807 2027 resistere
822 1962 996 2037 noluerint,
1018 1972 1050 2027 et
1065 1961 1218 2045 uastaturi

191 2075 297 2145 omnia
310 2095 425 2157 regna,
447 2094 635 2158 quecunque
650 2083 799 2157 poterunt
813 2073 990 2156 subiugata.

273 2187 381 2249 Frater
395 2185 443 2248 his
458 2187 602 2248 omnibus
617 2185 792 2258 intellectis,
813 2185 887 2249 lieet
901 2185 940 2246 ab
955 2184 1083 2266 Ungaris
1103 2185 1218 2253 iunii&-

189 2308 276 2361 rctur
290 2307 324 2360 ut
338 2306 497 2371 maneret,
519 2318 582 2360 non
604 2298 745 2359 decreuit
767 2296 882 2378 duplici
900 2295 1038 2359 racione.
1066 2316 1129 2359 una
1144 2297 1219 2378 quia

190 2409 216 2472 si
231 2429 327 2491 regna
342 2428 535 2490 paganorum
556 2417 587 2471 et
602 2417 684 2470 terra
698 2407 929 2481 libutenorum,
951 2426 1012 2489 que
1029 2415 1101 2469 sunt
1116 2406 1220 2471 media

188 2522 271 2585 inter
285 2521 425 2603 Ungaros
450 2520 636 2582 christianos
662 2529 694 2582 et
716 2519 805 2591 illos,
827 2518 972 2582 audirent
996 2519 1084 2601 quod
1108 2518 1154 2582 illi
1178 2520 1219 2584 ad

189 2632 285 2696 iidem
300 2631 487 2696 catholicam
506 2632 723 2704 inuitarentur,
745 2630 902 2703 dolerent,
924 2631 1037 2693 etuias
1053 2650 1162 2694 omnes
1178 2631 1219 2695 de

190 2752 295 2807 cetero
311 2743 531 2817 obseruarent,
553 2743 699 2805 timentes
710 2741 795 2823 quod
810 2740 837 2802 si
852 2740 921 2804 illos
937 2741 1005 2804 istis
1021 2741 1217 2824 contingeret

191 2854 423 2918 christianitate
442 2854 606 2936 coniungi,
628 2854 734 2918 omnia
749 2871 847 2935 regna
860 2853 1047 2917 intermedia
1067 2854 1217 2938 subiuga·

190 2976 270 3030 rent.
296 2965 357 3028 alia
372 2967 499 3028 racione
515 2967 643 3048 quidem
659 2965 833 3046 cogitabat,
856 2963 980 3046 quodsi
996 2984 1068 3027 eum
1082 2965 1114 3026 in
1127 2965 1217 3028 breui

190 3079 270 3140 mori
285 3085 339 3139 aut
352 3075 502 3138 infirmari
519 3077 731 3159 contingeret,
752 3074 920 3138 frustratus
936 3083 1020 3138 esset
1032 3074 1121 3138 labor
1131 3094 1217 3149 snus,

191 3210 229 3253 eo
244 3189 329 3272 quod
344 3209 403 3252 nec
417 3189 484 3270 ipse
501 3188 687 3271 profecisset
707 3188 739 3250 in
759 3186 837 3260 illis,
859 3207 919 3249 nec
936 3186 1050 3250 iratres
1065 3185 1217 3268 Ungarie,

191 3301 246 3363 ubi
257 3309 340 3364 esset
349 3321 426 3383 gens
438 3301 550 3363 eadem
561 3300 643 3362 seire
655 3308 795 3380 possent.
807 3317 878 3359 cuna
887 3297 979 3379 igitur
985 3295 1083 3359 uellet
1091 3294 1220 3368 reuerti,

194 3410 367 3475 docuerunt
382 3431 454 3472 eum
467 3412 564 3473 iidem
579 3410 692 3492 Ungari
709 3410 791 3472 uiam
806 3408 910 3481 aliam,
931 3427 988 3488 per
1003 3425 1096 3488 quam
1112 3411 1220 3487 posset

193 3523 294 3586 tucius
308 3523 485 3606 peruenire.

272 3636 392 3717 lncepit
413 3644 518 3698 autem
540 3633 637 3697 irater
656 3633 762 3696 redire
777 3632 874 3695 tribus
890 3630 1001 3694 diebus
1015 3637 1088 3694 ante
1103 3629 1219 3695 festum

191 3749 360 3813 natiuitatis
375 3749 404 3810 b.
415 3747 539 3811 loannis
554 3747 711 3830 Baptista,
731 3753 762 3808 et
784 3744 891 3826 paucis
906 3743 1018 3807 diebus
1036 3743 1069 3805 in
1083 3743 1137 3806 uia
1149 3743 1220 3825 qui·

191 3881 318 3935 escens,
341 3869 403 3923 tam
420 3881 477 3942 per
490 3879 588 3944 aquas
603 3879 696 3941 quam
713 3879 771 3941 per
785 3865 902 3934 terras,
923 3856 1065 3920 secundo
1083 3856 1134 3919 die
1146 3861 1221 3939 post

191 3972 386 4036 natiuitatem
408 3971 527 4034 domiui
541 3971 674 4053 Ungarie
697 3977 804 4051 portas
824 3970 963 4035 intrauit.
990 3975 1141 4033 ettamen
1160 3984 1220 4050 per

192 4083 380 4148 ltbutcniam
395 4090 428 4147 et
441 4082 603 4148 Poloniam
620 4101 718 4165 eques
732 4081 830 4146 uenit.
