2798 4764
405 346 545 397 anorrrr
565 348 666 395 unsri
687 347 897 394 uenenorum
911 328 1014 406 (95)·'
1172 324 1213 391 25

262 617 335 694 (ὓ)
362 619 408 680 De
423 619 587 700 mundo
608 617 724 680 sttui.
776 617 938 678 Predirtrrs
958 634 1038 678 uero
1052 613 1214 676 Tubulum

181 729 231 792 uir
243 729 506 812 prudentissimus
525 728 607 791 misit
621 729 789 811 quemdam
808 728 910 789 uirum
925 734 1069 800 astutum,
1090 733 1212 807 patrem

181 841 357 923 Opabmos
375 839 540 923 Ogmand,
567 850 601 902 ut
624 839 739 904 furtiue
768 838 931 901 ambulans
953 838 1134 921 prouideret
1154 835 1214 899 sibi

181 954 363 1037 qualitatem
389 962 474 1015 terre
488 952 711 1025 Uitrasiluane,
734 961 765 1015 et
779 951 889 1033 quales
903 961 1009 1014 essent
1022 951 1214 1015 habitatores

181 1065 268 1138 eius,
295 1065 428 1146 quodsi
451 1083 545 1146 posse
569 1072 669 1138 esset,
696 1062 812 1125 bellurn
835 1085 905 1125 cunr
928 1065 973 1127 eis
996 1066 1214 1128 committeres

181 1196 256 1238 nam
278 1176 405 1238 uolebat
421 1174 579 1237 Tubntum
602 1195 660 1256 per
673 1195 708 1237 se
723 1194 838 1237 nomen
859 1175 916 1237 sibi
931 1183 962 1238 et
976 1185 1093 1237 terram
1109 1176 1216 1256 acqui-

180 1307 270 1359 rere,
292 1294 326 1348 ut
342 1286 449 1348 dicunt
463 1285 559 1348 nostri
575 1284 779 1348 ioculatores:
804 1305 937 1347 «ornnes
952 1287 1021 1349 loca
1036 1285 1095 1346 sibi
1110 1285 1216 1366 acqui-

181 1399 312 1471 rebant,
335 1406 366 1461 et
380 1417 496 1460 nomen
512 1398 628 1459 bonum
644 1397 871 1478 accipiebant.»
903 1399 978 1479 quid
995 1396 1103 1478 plura?
1141 1397 1216 1459 dum

183 1520 275 1592 pater
291 1510 453 1593 Ogmard,
475 1507 653 1592 speculator
667 1509 842 1582 Tubutum,
865 1529 922 1591 per
935 1509 1112 1582 circuitum,
1126 1526 1216 1572 more

182 1621 323 1704 nutribo,
344 1622 517 1686 bonitatem
539 1630 572 1683 et
585 1621 774 1685 fertilitatem
798 1630 882 1684 terre
897 1630 928 1686 et
944 1621 1133 1684 habitatores
1147 1623 1216 1686 eim

182 1734 388 1814 mpemmet,
416 1741 567 1816 quantum
591 1732 745 1795 humanus
776 1734 863 1795 uisus
886 1732 986 1806 ualet,
1016 1733 1213 1816 ultraquam

183 1846 245 1909 dici
266 1854 369 1928 potest
393 1844 520 1918 dilexit,
541 1852 573 1907 et
593 1845 758 1908 celerrimo
772 1865 865 1907 cursu
887 1847 927 1908 ad
942 1847 1102 1908 dominum
1123 1866 1215 1910 suum

182 1977 334 2020 reuersus
355 1964 413 2020 est.
442 1957 588 2040 quicum
610 1958 766 2032 uenisset,
788 1959 916 2021 domino
939 1979 997 2021 suo
1018 1960 1057 2021 de
1076 1960 1215 2024 bonitate

184 2069 267 2132 illius
289 2078 373 2132 terre
396 2067 493 2131 multa
507 2069 601 2132 dixit:
623 2071 707 2151 quod
727 2078 811 2133 terra
831 2071 883 2133 illa
896 2072 1077 2154 irrigaretur
1092 2073 1215 2154 optimis

186 2183 301 2256 deuiis,
320 2201 454 2264 quorum
470 2183 597 2244 nomina
612 2190 642 2244 et
656 2182 802 2246 utilitates
816 2183 954 2246 seriatim
970 2185 1063 2257 dixit,
1085 2192 1115 2246 et
1129 2185 1216 2267 quod

185 2295 218 2357 in
236 2294 343 2356 arenis
365 2313 474 2356 eorum
496 2313 606 2355 aurum
627 2295 825 2377 colligerent,
848 2305 879 2357 et
900 2314 1009 2357 aurum
1031 2304 1115 2357 terre
1134 2295 1216 2358 illius

187 2408 338 2489 optimum
351 2414 452 2479 esset,
473 2416 504 2469 et
517 2414 551 2468 ut
566 2406 608 2467 ibi
624 2407 785 2468 foderetur
798 2403 844 2466 sal
859 2413 890 2466 et
905 2404 1063 2485 salganb,
1084 2414 1116 2467 et
1128 2405 1219 2466 habi·

187 2526 303 2580 tutores
324 2525 410 2580 terre
431 2515 513 2578 illius
534 2517 663 2580 uiliores
684 2516 828 2578 homines
850 2523 955 2578 essent
980 2517 1072 2578 totius
1092 2502 1223 2590 mnndi,
1329 2492 1331 2497 ,

188 2631 261 2712 quia
283 2637 389 2692 essent
407 2628 502 2691 Blasii
525 2637 556 2692 et
571 2627 687 2703 Sclaui,
711 2629 784 2713 quia
804 2628 864 2691 alia
879 2648 965 2690 arma
986 2649 1049 2691 non
1063 2630 1218 2694 baberent

189 2742 247 2803 nisi
271 2759 379 2803 arcum
402 2749 434 2803 et
454 2742 598 2824 sagittas,
620 2749 652 2804 et
671 2741 734 2804 dux
756 2761 864 2804 eorum
888 2740 987 2803 Gelou
1009 2742 1112 2804 minus
1134 2750 1218 2806 esset

188 2861 299 2925 tenax,
321 2861 353 2916 et
373 2873 436 2916 non
457 2854 589 2915 baberet
603 2855 688 2915 cirea
701 2874 736 2916 se
750 2854 850 2916 bonos
865 2854 997 2928 milites,
1019 2862 1050 2917 et
1064 2855 1218 2918 auderent

189 2975 273 3028 stare
295 2973 404 3028 eontra
423 2966 585 3028 audaciam
606 2965 842 3047 liungarorum,
873 2966 987 3048 quiae
1010 2966 1156 3029 Cumanis
1187 2973 1218 3029 et

189 3076 343 3139 Picenatis
357 3075 469 3139 multas
484 3076 613 3139 iniurias
627 3083 819 3158 paterentur.

275 3302 345 3375 (26)
376 3300 528 3377 Quomodo
550 3311 651 3362 contro
670 3298 761 3364 Gelos
777 3302 850 3362 dom
864 3311 913 3362 est.
959 3302 1046 3362 Tunc
1061 3300 1219 3362 ruborum

191 3412 299 3475 amita
318 3413 458 3475 bonitate
479 3421 565 3476 terre
582 3413 681 3487 illius,
707 3413 790 3476 misit
810 3412 932 3495 legatos
955 3429 1028 3474 suus
1048 3412 1088 3473 ad
1108 3413 1220 3474 ducem

192 3523 314 3604 Menti,
342 3534 377 3587 ut
396 3526 455 3587 sibi
476 3525 637 3589 licenciam
666 3526 755 3588 daret
777 3525 859 3586 ultra
882 3522 977 3584 siluas
999 3522 1094 3584 eundi
1113 3532 1221 3588 contra

193 3635 295 3698 (ielou
314 3637 428 3699 ducem
448 3656 599 3720 pugnare.
636 3639 698 3699 dur
723 3656 802 3698 uero
826 3635 947 3718 Arpad,
975 3635 1052 3697 inito
1077 3637 1220 3712 consilio,

192 3744 387 3810 uoluatmem
401 3749 559 3811 Tubutum
578 3749 732 3822 laudauit,
754 3759 785 3812 et
805 3749 833 3810 ei
855 3748 1017 3811 licenciam
1031 3747 1112 3810 ultra
1126 3747 1222 3810 siluas

193 3857 291 3921 eundi
303 3867 414 3922 oontm
426 3860 528 3924 Gelon
548 3879 688 3943 pugnare
706 3861 867 3924 concessit.
899 3861 960 3924 boc
974 3861 1048 3922 dum
1063 3858 1222 3921 rutatum

193 3970 369 4034 audiuisset
386 3991 407 4034 a
427 3969 548 4055 legato,
573 3973 753 4054 preparauit
772 3992 807 4035 se
830 3991 900 4034 cum
920 3972 984 4035 suis
1005 3970 1170 4044 militibus,
1192 3976 1224 4034 et

195 4082 333 4147 dimissis
354 4085 400 4148 ibi
419 4086 513 4149 soriis
535 4086 617 4159 suis,
647 4104 795 4169 egressus
817 4095 865 4148 est
886 4083 968 4147 ultra
993 4083 1089 4147 siluas
1110 4088 1224 4144 uersus

194 4195 369 4272 mirorem,
390 4205 498 4263 matra
511 4196 610 4263 Gelon
626 4199 738 4264 ducem
751 4198 926 4263 blacorum.
954 4193 1054 4289 Gelon
1068 4212 1147 4259 uero
1161 4190 1225 4260 dux
