2798 4764
459 336 463 349 ¹
500 352 684 413 mnnsrrnrr
708 353 750 401 na
771 352 884 399 varan.
967 367 970 371 ·
1143 334 1210 399 6⁰⁷·

180 532 263 586 ram,
282 509 486 582 llichalllem,
510 509 654 581 Petrum,
681 508 897 580 Lutamasum,
921 505 1205 579 antonomum·

181 623 268 695 dam,
289 629 321 684 et
331 619 490 693 Cormam,
512 618 630 692 dicens,
650 620 820 700 quodcum
833 618 896 681 sint
909 617 1041 680 dusiuici
1055 637 1073 681 a
1087 637 1205 701 genere

180 734 258 805 eius,
277 730 398 794 scilicet
412 729 507 791 lohan
521 729 719 802 manumissi,
740 739 846 792 contra
861 729 961 810 ipsum
976 739 1081 792 tamen
1096 750 1207 815 snper·

179 843 276 906 biaut.
304 840 349 903 illi
371 849 477 901 autem
494 839 741 919 responderunt,
767 859 801 902 se
818 840 976 903 dusiuicos
992 839 1120 922 quidem
1134 860 1205 905 csse

181 975 199 1017 a
214 953 336 1036 prefato
350 951 448 1013 loban
463 970 535 1012 oum
550 958 633 1012 terra
646 969 703 1011 sua
719 917 874 1023 dimissos,
888 950 944 1011 sed
960 951 1096 1035 eundem
1108 949 1206 1012 lohan

180 1063 266 1126 nulle
279 1059 555 1142 consanguinitatis
578 1057 662 1121 linca
681 1059 853 1141 adipsum,
875 1061 1021 1123 uidelicet
1035 1062 1207 1133 Borocum,

182 1174 358 1258 pertinere,
379 1181 409 1234 et
430 1171 472 1233 ita
491 1170 612 1252 seipsos
633 1169 720 1233 nullo
734 1172 859 1252 penitus
875 1173 1013 1235 dominio
1028 1174 1132 1235 eidem
1146 1174 1209 1235 Bo·

181 1303 290 1347 rocam
313 1303 384 1346 esse
406 1283 570 1345 obnoxios.
597 1282 680 1344 Bane
697 1283 792 1364 igitur
814 1302 921 1345 comes
943 1284 983 1346 dc
997 1284 1082 1366 Burg
1105 1283 1209 1365 posuit

182 1415 279 1478 super
291 1396 501 1457 iuramentum
515 1392 641 1455 Martini
662 1401 694 1456 ct
706 1393 878 1457 Fonchulte
892 1402 1095 1477 cognatorum
1109 1395 1210 1457 Boro-

183 1507 263 1580 kun,
285 1514 317 1569 et
335 1525 430 1587 super
442 1505 649 1568 iuramentum
665 1505 799 1568 duorum
817 1504 1038 1579 finitimorum,
1059 1527 1139 1588 quos
1153 1507 1210 1570 ad-

183 1616 316 1681 uersarii
335 1617 504 1699 eligerent,
530 1624 561 1679 et
581 1616 664 1679 misit
685 1625 848 1699 utramque
870 1627 991 1699 partem
1010 1617 1209 1692 Uaradinum,
1244 1648 1251 1659 ’

183 1748 241 1810 per
262 1726 445 1809 pristaldum
469 1727 595 1789 nominc
619 1726 812 1808 Stephanum
838 1726 877 1788 dc
902 1747 1018 1808 genere
1040 1729 1144 1791 Zachu
1168 1728 1208 1790 dc

184 1838 258 1902 uilla
271 1839 419 1912 Berenta,
440 1847 473 1901 ut
495 1837 555 1899 illis
578 1846 712 1920 quatuor
730 1838 774 1900 ibi
793 1838 978 1911 iurantibus,
1001 1848 1209 1902 memoratum

182 1950 279 2012 lohan
299 1968 369 2013 esse
390 1968 491 2031 genus
513 1949 662 2010 Borolrun
684 1956 851 2010 constaret.
878 1949 952 2010 dato
966 1949 1071 2030 itaque
1087 1950 1132 2011 eis
1146 1957 1210 2011 ter·

181 2061 266 2123 mino
283 2061 321 2121 in
344 2059 501 2121 dominica
522 2058 624 2123 lactus
644 2066 708 2133 cst,
728 2059 880 2122 nominati
902 2059 1036 2121 dusinici
1056 2078 1127 2121 cum
1148 2059 1210 2141 pri·

181 2170 283 2234 staldo
308 2170 449 2252 ipsorum
476 2168 652 2250 Stephano,
685 2170 921 2252 prenominatos
950 2176 1046 2232 testes
1075 2169 1210 2233 adiurati

183 2280 273 2343 iocre
287 2280 447 2353 Uaradiai,
461 2279 519 2342 scd
535 2279 666 2362 predicti
681 2289 776 2344 testas
790 2301 855 2344 non
869 2290 1125 2363 comparuerunt,
1140 2300 1213 2362 pre·

183 2393 266 2457 ratus
283 2400 389 2455 tamen
409 2391 624 2465 aduersarius,
645 2390 741 2455 misso
755 2393 930 2467 seruiente,
952 2393 1030 2455 dixit
1044 2413 1099 2455 cos
1114 2393 1211 2456 fuisse

186 2504 295 2569 citatos
306 2504 346 2566 ad
361 2522 477 2584 regem,
492 2508 524 2564 et
536 2501 609 2563 ideo
624 2502 665 2564 ad
680 2504 845 2565 terminum
860 2523 923 2566 non
938 2505 1077 2586 potuisse
1090 2503 1211 2567 uenire.

188 2615 261 2679 dato
282 2614 357 2677 item
381 2611 522 2675 secundo
546 2612 680 2674 termino
702 2613 790 2675 uenit
807 2616 1043 2694 prenominatus
1063 2616 1213 2678 aduersa-

189 2724 270 2797 rius,
291 2731 324 2787 ct
335 2725 416 2787 sicut
434 2723 520 2804 prius
535 2742 591 2803 per
604 2722 811 2797 seruientem,
832 2723 874 2787 ita
889 2725 1111 2807 perseipsum
1127 2725 1215 2800 dixit,

189 2835 251 2896 iam
266 2835 366 2899 dictos
379 2843 476 2898 testes
489 2834 599 2898 citatos
622 2854 692 2898 esse
713 2836 753 2897 ad
772 2856 897 2918 regem,
918 2846 951 2899 et
964 2837 1036 2900 ideo
1054 2839 1094 2900 ad
1110 2839 1216 2900 termi-

188 2966 264 3009 num
286 2966 350 3009 non
370 2947 511 3028 potuisse
533 2947 652 3009 uenire.
679 2948 736 3011 sed
751 2967 822 3010 cum
836 2947 898 3012 hoc
913 2948 1034 3029 prelato
1049 2949 1143 3011 iudici
1158 2947 1216 3011 fal·

187 3078 257 3121 sum
272 3077 342 3122 esso
356 3057 503 3133 constitit,
521 3059 674 3139 prelatum
688 3059 837 3122 Borolrnn
852 3060 1083 3131 condemnauit,
1098 3068 1129 3120 et
1142 3078 1216 3138 prc-

188 3169 363 3232 nominatos
385 3170 543 3231 dusinicos
567 3188 640 3231 cnm
661 3179 745 3232 terra
768 3190 878 3232 eorum
900 3168 1114 3231 iustificandos
1134 3187 1215 3243 esse,

188 3281 361 3343 secundum
384 3279 590 3361 prescriptam
613 3280 825 3342 assercionem
847 3298 956 3341 eorum
980 3288 1012 3340 ct
1030 3278 1216 3359 pristaldum

134 3416 137 3421 ·
188 3410 294 3465 sunm,
315 3391 495 3454 testimonio
516 3389 643 3471 capituli
665 3389 886 3453 Uaradinensis
908 3389 981 3454 fecit
1001 3387 1216 3451 condemnari.

270 3503 367 3579 (230)
389 3501 674 3583 Comprouinciales
689 3502 768 3564 Noui
790 3502 901 3576 castri,
923 3511 955 3565 et
967 3501 1081 3564 horum
1093 3501 1216 3583 specia-

186 3614 259 3679 liter
280 3615 376 3689 Borz,
396 3614 498 3688 Gaza,
520 3614 626 3688 Quere
646 3614 686 3677 de
706 3613 780 3677 uilla
800 3613 987 3687 Alexandri,
1007 3614 1216 3696 impacierunt

188 3726 380 3789 seruientem
393 3724 496 3807 Egidii
517 3725 557 3786 dc
572 3725 646 3788 uilla
659 3727 755 3788 Pctur
769 3725 896 3788 nomine
910 3725 1052 3788 Rochum
1067 3727 1105 3789 de
1121 3724 1216 3799 lurto,

189 3835 292 3900 indice
315 3838 417 3911 Banc,
437 3835 589 3919 pristaldo
614 3836 767 3918 Gregorio
792 3836 831 3899 dc
856 3836 930 3899 uilla
953 3838 1059 3899 Petur.
1090 3835 1216 3899 ltochus

189 3923 314 4026 portato
326 3947 412 4012 icrro
426 3947 594 4011 mundatus
608 3955 665 4010 cst

272 4059 372 4135 (2³1)
393 4061 472 4123 Tota
485 4059 561 4124 uilla
575 4061 694 4123 Tumur
706 4061 843 4144 impeciit
856 4062 1023 4126 Martinam
1036 4059 1132 4123 tilium
1148 4059 1217 4121 Mo-

189 4168 272 4236 chora
293 4170 333 4235 dc
348 4190 465 4257 genere
478 4171 546 4239 Beli
564 4173 640 4237 bani
654 4174 694 4237 dc
709 4174 824 4239 damno
838 4173 1018 4257 quindecim
1032 4189 1217 4250 marcarum,

927 4272 967 4338 ts
