2798 4764
174 322 235 392 bid
276 341 579 392 camusnanesre
594 342 744 389 erasures
758 336 1011 387 soreosmssrmr.
1046 314 1139 384 tart

176 501 243 564 sine
267 497 418 582 periculo,
445 497 517 561 liliis
539 516 647 561 eorum
671 497 755 580 apud
778 497 913 559 eundem
939 513 1047 575 regem
1073 489 1201 554 Bobmie

176 608 411 674 remanentibus
425 609 644 681 restituerunt,
658 607 858 690 promisimus
873 615 904 668 et
917 605 1126 686 promittimus
1142 602 1205 662 cis·

177 723 266 797 dem,
288 731 322 786 nt
335 723 419 804 ipsos
435 721 521 784 ciues
535 731 659 783 nostros
674 721 705 782 iu
722 720 834 783 eadem
857 719 1000 781 libertate
1016 717 1204 796 indempnes

176 833 398 896 inuiolabiliter
418 832 693 905 conseruabimus,
719 851 812 914 quam
836 831 955 894 eisdem
970 829 1114 891 dominus
1130 824 1205 886 bela

178 967 256 1010 auus
279 955 401 1019 noster,
433 952 465 1008 et
487 943 664 1027 Stephanus
691 950 920 1025 paternoster,
949 941 1085 1004 illustres
1111 958 1205 1023 reges

177 1057 416 1139 Hungarorum,
437 1056 595 1118 mediante
608 1053 775 1138 priuilegio
789 1054 963 1120 eorundem
979 1060 1204 1115 concesseruut

179 1178 211 1234 et
225 1170 417 1231 ordinarunt.

261 1281 433 1361 Propterea
445 1280 606 1343 uolumus:

262 1393 324 1467 (1)
347 1394 433 1474 quod
453 1392 548 1454 iidem
570 1391 657 1454 ciues
679 1409 697 1453 a
716 1389 929 1453 iurisdictione
952 1398 983 1452 et
1000 1398 1152 1471 potestate
1167 1409 1204 1451 uc

178 1504 295 1568 iudicio
310 1504 449 1565 omnium
464 1504 618 1565 baronum
632 1511 809 1565 nostrorum
825 1510 856 1564 et
869 1501 1046 1582 specialiter
1056 1501 1206 1564 comitum

179 1613 438 1697 Supruniensium
448 1634 506 1695 pro
518 1622 659 1694 tempore
671 1614 921 1687 constitutorum,
933 1613 1067 1693 exempti
1080 1613 1205 1694 penitus

180 1733 212 1790 et
226 1725 349 1805 excepti
364 1725 549 1786 habeantur.
576 1723 619 1786 ita
633 1725 717 1806 quod
740 1743 849 1786 omues
865 1743 973 1786 causas
992 1733 1052 1785 tam
1070 1725 1206 1786 maiores

180 1855 277 1917 quam
291 1835 437 1905 minores,
458 1853 584 1916 quoque
598 1853 694 1915 super
708 1835 862 1897 effusiore
877 1836 1064 1916 sanguinum
1079 1832 1133 1897 uel
1147 1835 1207 1897 bo-

180 1944 298 2009 rnieidii
316 1945 398 2007 inter
415 1945 500 2026 ipsos
522 1953 739 2027 emergentes,
760 1944 884 2008 uillicus
899 1947 1039 2026 ipsorum
1053 1968 1111 2029 pro
1126 1955 1206 2009 tem·

180 2078 258 2141 pore
278 2058 478 2131 constitutus,
502 2076 597 2138 quem
620 2056 715 2119 iidem
737 2058 823 2120 ciues
842 2058 1050 2120 communiter
1071 2059 1103 2119 iu
1124 2058 1206 2121 festo

181 2191 207 2233 s.
218 2169 343 2251 Georgii
363 2169 530 2252 elegerint,
551 2170 668 2232 iudicet
688 2177 720 2232 et
740 2171 888 2232 decernat
910 2189 997 2232 more
1022 2169 1138 2231 ciuium
1154 2170 1207 2231 bl·

180 2282 334 2356 bensium,
344 2289 377 2344 et
390 2281 520 2344 aliorum
532 2282 692 2364 hospitum
707 2283 739 2344 in
753 2301 853 2363 regno
866 2290 975 2343 nostro
990 2283 1207 2344 existencium.

262 2397 320 2469 (2)
340 2394 426 2456 Etsi
447 2393 532 2457 idem
551 2393 674 2455 uillicus
694 2393 725 2454 in
746 2392 887 2454 facienda
909 2392 1029 2454 iusticia
1043 2392 1207 2474 negligens

70 2537 72 2547 ν
182 2505 287 2578 luerit,
308 2524 372 2567 uon
394 2524 482 2577 reus,
503 2505 559 2566 sed
576 2504 696 2567 uillicus
711 2504 750 2567 ad
766 2511 905 2566 nostram
921 2504 1114 2584 presenciam
1130 2523 1208 2565 euo-

181 2625 279 2689 cetur,
302 2624 333 2677 et
353 2634 409 2677 nos
428 2615 636 2695 personaliter
656 2615 863 2677 decernemus
885 2616 924 2676 de
946 2615 1062 2676 caussis
1081 2634 1208 2676 eorum-

180 2728 262 2791 dem.

263 2839 323 2912 (3)
355 2838 500 2899 Ceterum
529 2838 619 2900 nobis
647 2858 705 2918 pro
734 2838 964 2901 relormacione
992 2848 1090 2901 status
1117 2840 1208 2922 regni

180 2949 278 3012 nostri
292 2948 332 3009 ad
347 2948 376 3009 d.
392 2948 593 3029 Rudolpbum
611 2969 719 3031 regem
739 2950 951 3013 Romanorum
974 2952 1207 3024 accedentibus,

182 3068 212 3123 et
226 3059 307 3121 inter
322 3058 382 3120 alia
397 3060 528 3139 negocia
543 3067 651 3122 nostra
667 3060 707 3123 ad
722 3061 823 3141 ipsum
842 3071 976 3124 castrum
993 3070 1132 3124 nostrum
1148 3063 1208 3123 Su-

181 3192 261 3255 pron
276 3171 513 3245 diuertentibus,
534 3173 802 3256 consideratisque
825 3175 959 3254 antiquis
979 3195 1111 3254 operum
1132 3194 1209 3236 cou-

181 3284 392 3348 sumciouibus
407 3292 437 3345 et
452 3283 593 3347 fracturis
608 3286 638 3347 in
654 3287 767 3347 eodem
783 3296 883 3349 castro
896 3296 1001 3348 nostro
1013 3288 1149 3366 Supron‚
1166 3288 1207 3350 ad

181 3396 420 3477 reparaciouem
435 3396 616 3457 earumdem
632 3395 836 3458 fracturarum
848 3398 1060 3459 concessimus
1071 3407 1100 3459 et
1113 3401 1209 3461 tradi-

183 3507 285 3570 dimus
303 3508 421 3569 eisdem
437 3507 558 3569 ciuibus
574 3508 754 3569 uicesimum
771 3509 963 3571 decimarum
983 3508 1122 3591 frugum,
1144 3533 1208 3594 que

183 3617 223 3679 de
237 3617 366 3680 decimis
380 3637 452 3677 uen.
475 3618 570 3695 patris
585 3618 725 3698 episcopi
741 3619 928 3681 laurinensis
943 3622 974 3681 iu
988 3623 1137 3684 comitatu
1149 3625 1208 3685 Su·

182 3746 261 3808 pron
273 3728 441 3809 prouenire
451 3746 555 3788 nuntie
567 3728 718 3791 debemus
729 3739 760 3791 et
771 3731 898 3803 babere,
913 3732 953 3793 ita
964 3742 998 3793 ut
1009 3733 1094 3794 ciues
1106 3734 1208 3813 ipsam

182 3838 364 3900 uicesimum
386 3837 578 3899 decimarum
600 3849 754 3921 perpetuo
774 3839 901 3903 ualeant
922 3862 961 3903 ex
982 3844 1068 3925 regia
1084 3844 1210 3905 munili-

183 3949 290 4011 cencia
311 3969 369 4030 pro
391 3950 594 4031 reparacione
617 3952 724 4025 castri,
754 3960 788 4014 ut
804 3953 1012 4033 prediximus,
1032 3955 1210 4035 possidere.

264 4061 321 4135 (b)
343 4061 391 4123 at
411 4061 470 4124 bec
491 4061 651 4137 nolumus,
679 4065 763 4145 quod
786 4063 984 4126 medietatem
1004 4065 1111 4128 tributi
1133 4067 1210 4128 Per·

181 4170 275 4247 meu,
296 4190 390 4256 quam
410 4171 487 4237 Bela
506 4193 583 4238 auus
604 4181 721 4250 noster,
742 4182 775 4239 et
787 4173 965 4260 Stephanus
986 4187 1077 4261 pater
1098 4186 1209 4244 noster
