2798 4764
225 294 286 369 tet
336 308 732 375 summotenus
750 291 1142 385 commaculat

219 471 289 541 etur
310 477 529 547 secernentes,
560 471 620 541 iter
639 471 726 555 qnod
750 480 902 554 ceperunt
920 481 1126 555 peregerunt,
1157 483 1190 540 et
1214 475 1256 547 ed

220 604 297 651 esni
310 604 412 667 nsque
425 592 644 667 properantes,
665 583 798 668 genibus
811 573 879 649 eius
894 603 929 648 se
943 584 1161 653 aduoluerunt·
1185 588 1257 668 qui·

222 695 283 761 bus
303 694 390 761 uisis
416 714 480 778 que
500 713 611 768 coust,
631 693 733 777 iuquit
752 693 916 761 mulorum.
943 695 986 757 mi
1006 695 1149 770 domine,
1169 697 1257 769 rele-

222 814 312 873 r-uut:
333 826 393 871 nos
406 806 493 873 serni
507 806 552 873 tui
565 805 661 871 nichil
674 805 748 873 muli
761 805 988 882 machinantes,
1008 807 1049 871 ed
1064 809 1255 873 audiendam

220 918 413 985 itediciorum
426 925 552 981 tuorum
566 916 771 981 ueuiebsmus
785 917 998 1000 disciplinam,
1012 927 1045 984 et
1056 921 1255 1002 quorundum

222 1031 379 1104 menibus,
401 1049 496 1112 quum
514 1028 676 1094 nobiscum
697 1027 877 1093 serebamus
895 1031 1043 1111 pecunie,
1065 1032 1185 1114 ubsque
1199 1033 1256 1097 ‹le-

220 1143 299 1211 teto
314 1141 453 1209 omnium
468 1147 610 1205 nostrum
625 1139 729 1203 eblets
743 1147 801 1208 est
823 1141 951 1223 insuper
965 1142 1182 1225 apprehensos
1195 1163 1254 1210 nos

225 1255 425 1328 ecciderunt,
446 1261 479 1317 et
496 1252 563 1320 uite
584 1251 640 1315 uix
660 1251 774 1316 comite
795 1252 955 1327 uenimus,
980 1261 1015 1317 ut
1033 1255 1254 1323 nuntiaremus

220 1368 291 1433 tibi
310 1387 383 1440 rex,
401 1372 519 1428 uteret
531 1363 750 1446 prudentioris
764 1363 878 1439 animi,
899 1384 962 1427 non
976 1363 1083 1442 uultu,
1104 1385 1169 1431 non
1182 1386 1254 1433 uer·

224 1478 273 1543 bis
294 1477 430 1542 minutus
452 1482 502 1538 est
522 1494 579 1539 eos
600 1474 659 1539 sed
678 1473 850 1550 sustinens,
875 1475 1088 1551 rescribitur,
1114 1477 1253 1560 prudens

218 1589 369 1671 spiritum
389 1594 534 1651 reseruut
556 1585 588 1648 in
608 1591 786 1666 posterum,
811 1584 897 1648 misit
916 1585 1004 1650 ocius
1025 1587 1066 1651 ud
1084 1585 1172 1651 illum
1193 1587 1253 1653 sub

219 1718 289 1783 gno
303 1697 478 1763 militebunt
497 1697 671 1771 tribunum,
692 1705 724 1763 et
745 1696 797 1761 die
815 1697 1003 1773 constituto,
1024 1718 1133 1763 omnes
1146 1699 1252 1781 perdi-

223 1811 324 1877 tionis
347 1809 472 1875 illorum
494 1810 591 1884 uiros,
618 1809 709 1879 iussit
734 1810 954 1892 conspectibus
976 1810 1044 1874 suis
1066 1809 1253 1892 presentari.

222 1931 328 1988 ectum
343 1929 392 1985 est
404 1929 439 1984 ut
451 1921 677 2004 imperauerat,
690 1928 723 1983 et
736 1920 775 1984 etl
790 1920 1027 1985 discutiendum
1039 1921 1072 1985 in
1086 1922 1253 2004 presencia

218 2036 271 2101 sni
292 2034 397 2103 statuti
419 2043 502 2100 esent.
529 2053 610 2117 quos
632 2031 808 2116 alloquens,
827 2052 892 2107 cur,
912 2033 1030 2117 inquit,
1050 2033 1155 2118 legem
1180 2054 1254 2118 pre·

218 2157 385 2230 ceptorum
406 2147 458 2212 ‹lei
478 2144 754 2228 uensmedieutes,
775 2165 839 2209 nou
860 2144 1058 2211 intellexistis
1076 2146 1253 2211 misericor-

218 2261 324 2335 urm,
353 2267 385 2323 et
399 2258 484 2323 uiros
497 2258 681 2323 innocencie
694 2256 951 2339 contempnastis.
981 2257 1064 2323 sicut
1076 2256 1195 2325 lecistis
1208 2259 1253 2323 itt

222 2373 318 2437 leciet
338 2371 484 2435 dominus
505 2371 595 2436 uobis
609 2390 716 2434 corum
737 2390 788 2434 me
802 2368 898 2433 bodie
911 2377 1159 2454 transgressores
1172 2369 1252 2453 lepis

220 2485 357 2549 feriendi
378 2492 459 2548 sunt
487 2493 618 2566 accepta
636 2482 797 2547 sentencie
819 2481 924 2547 educti
944 2490 1035 2556 sunt,
1055 2491 1087 2547 et
1106 2503 1164 2565 per
1184 2503 1252 2546 om·

215 2614 296 2663 ..nem
314 2595 478 2676 regionem
497 2595 530 2657 iu
552 2595 696 2677 ingressu
715 2592 837 2658 nicrum
859 2592 922 2656 duo
943 2600 976 2656 et
994 2592 1058 2659 tuo
1079 2593 1252 2676 suspendio

223 2707 394 2788 perierunt.
425 2705 512 2788 quod
532 2706 572 2767 ob
596 2714 748 2768 terrorem
769 2704 989 2771 incuciendom
1010 2702 1157 2786 reliquis,
1181 2703 1249 2773 zelo

222 2835 294 2879 eum
310 2815 431 2878 iusticie
446 2815 572 2890 secisse,
591 2816 784 2878 credendum
799 2822 857 2890 est,
879 2825 913 2879 ut
925 2815 999 2898 quia
1012 2835 1143 2898 regnum
1157 2836 1249 2878 suum

160 2982 162 2987 .
221 2924 362 2990 omrrium
382 2924 541 3007 hospitum
567 2935 677 3008 petens
701 2927 812 2991 asilum
835 2946 906 2993 esse
926 2927 1070 3002 uolebat,
1101 2925 1146 2991 ric
1171 2926 1250 2989 liber

210 3037 366 3103 -emnibus
384 3036 528 3101 introitus
548 3047 646 3114 esset,
669 3046 704 3102 ut
717 3039 821 3105 nullus
836 3039 1065 3121 ingredientem
1078 3039 1251 3122 quemlibet

218 3150 253 3214 in
266 3149 371 3233 ulique
384 3149 507 3224 ledere,
528 3150 580 3213 uel
602 3150 770 3217 molestare
792 3160 1001 3233 presumeret
1027 3153 1113 3235 quot
1133 3162 1165 3216 ct
1180 3152 1249 3217 tsc-

218 3270 285 3327 tum
305 3270 364 3326 est.
390 3262 467 3324 Num
482 3263 587 3343 quood
606 3261 683 3327 uixit
702 3261 806 3329 nullus
824 3262 924 3329 cuiuis
943 3263 1061 3346 hospiti
1081 3262 1249 3347 quicquam
1268 3254 1272 3262 ’

219 3374 363 3440 molestie
379 3374 497 3441 inferre
512 3377 714 3458 presumpsit.

301 3595 367 3677 (18)
387 3599 423 3661 ln
443 3599 538 3663 bento
560 3620 688 3683 quoque
710 3620 787 3682 rege
806 3608 929 3667 constet
947 3600 1151 3683 apostolicum
1171 3599 1247 3661 illud

217 3704 397 3786 impletum,
411 3709 497 3790 quod
512 3711 641 3793 iegitur:
662 3710 812 3794 quonium
826 3731 884 3793 per
898 3711 1011 3775 miltes
1026 3707 1247 3773 tribulaciouos

215 3824 344 3898 oportet
355 3817 475 3881 intrare
495 3820 528 3882 in
545 3841 677 3904 regnum
692 3823 755 3886 dei.
781 3822 860 3886 etin
875 3820 954 3885 libro
968 3819 1143 3902 upienciet
1165 3840 1246 3901 quos

216 3925 319 4011 diligit
332 3929 421 4002 deus,
434 3930 576 4012 ereugus.
597 3942 630 3995 et
643 3941 732 4014 pstor
746 3932 884 4016 negritu
897 3950 1024 3996 omnem
1036 3928 1136 3995 filiurn
1150 3953 1247 4017 quern

213 4041 337 4123 recipit.
376 4040 481 4104 multis
504 4043 588 4105 enim
610 4045 713 4107 modis
734 4043 919 4111 emrectloni
939 4042 1045 4107 dim‘ne
1066 4045 1248 4121 succubuit,

210 4151 314 4222 'tribus
329 4152 419 4220 ennis
438 4152 618 4221 infirmitate
638 4155 955 4224 oontinutlusonus.
982 4163 1150 4243 postquem
1171 4156 1247 4226 inde
