2798 4764
237 342 368 405 manu
381 340 428 404 n'r.
443 344 534 405 neom
548 359 698 405 nmrnras
712 342 995 407 uerasnmdoalnr.
1016 338 1109 412 1991.
1150 340 1212 405 θὲῖ

182 512 449 586 uicerancellarii,
471 512 575 576 dilecti
590 521 622 576 et
642 513 743 577 fidelis
760 513 869 576 nostri.
898 532 980 576 anno
995 513 1114 577 domini
1128 512 1209 578 MCC

182 626 386 708 nonagesimo
402 624 513 706 primo,
540 645 581 687 ιν.
596 646 669 689 non.
685 627 881 700 Decembris,
902 625 1072 689 indictione
1087 633 1209 710 quarta,

181 738 271 819 regui
287 744 391 800 autem
406 737 504 800 nostri
520 756 603 799 anno
618 738 768 800 secundo.

521 967 869 985 ffl-

435 1171 673 1246 ANDREAE
700 1170 768 1247 lll.
797 1172 953 1248 REGIS

219 1347 421 1433 lllllltlbl
446 1346 815 1432 mutuabantur!
848 1349 903 1431 bt
929 1346 1170 1436 Tilltillzlllt.

614 1525 777 1591 uccxu.

511 1694 534 1746 ll
551 1698 694 1746 tmnsumto
715 1693 774 1744 enni
800 1691 870 1746 132³.

265 1973 408 2034 Andreas
424 1972 474 2034 dei
490 1971 595 2053 gracia
611 1990 676 2032 rex.
698 1968 826 2052 Regiam
840 1970 931 2033 decet
945 1970 1140 2034 maiestatem
1153 1981 1213 2033 nu-'

180 2103 302 2145 merum
323 2083 461 2145 fidelium
477 2083 672 2145 subditorum
693 2081 859 2162 ampliare,
882 2100 1054 2163 eorumque
1071 2102 1210 2144 commo·

180 2194 227 2257 dis
249 2201 281 2256 et
303 2202 410 2256 mutue
432 2193 634 2276 tranquilitati
659 2193 856 2273 prospicere,
894 2201 928 2256 ut
949 2193 994 2256 sie
1018 2194 1061 2256 illi
1085 2212 1212 2278 quoque

182 2305 315 2368 naturali
339 2326 446 2368 eorum
467 2306 594 2368 domino
619 2304 798 2367 seruencius
820 2304 946 2367 ualeant
965 2306 1137 2370 deseruire.
1170 2306 1210 2370 ad

181 2396 363 2500 perpetuam
382 2418 454 2479 ideo
472 2418 517 2479 rei
534 2417 731 2490 memoriam,
758 2416 867 2477 harum
882 2418 964 2480 serie
978 2418 1122 2480 uolumus
1139 2439 1211 2500 per·

182 2529 308 2590 uenire:
340 2529 425 2611 quod
439 2528 539 2590 libere
554 2527 628 2590 nille
645 2527 801 2589 Turutzko
816 2535 943 2601 uocate,
965 2548 1063 2610 prope
1079 2528 1210 2590 tluuium

181 2639 335 2721 OronyoS,
357 2640 438 2702 iuter
453 2640 587 2721 prealtas
603 2647 706 2721 petras
723 2648 754 2700 et
769 2639 856 2720 alpes
868 2640 900 2700 in
916 2639 1055 2719 partibus
1070 2639 1210 2702 Ultrasil-

183 2752 272 2813 uanis
295 2752 366 2823 site,
388 2750 546 2831 hospitum
570 2749 722 2833 magistri,
753 2757 783 2813 et
803 2749 876 2811 ferri
897 2750 1074 2814 iodiuarum
1095 2750 1211 2813 ibidem

183 2863 386 2924 existencium
404 2861 555 2935 cultores,
577 2870 684 2943 utpote
700 2861 774 2922 ferri
790 2860 886 2934 labri,
908 2863 1079 2935 urburarii,
1102 2863 1212 2924 carbo-

181 2975 259 3036 narii
284 2983 314 3036 et
335 2975 544 3048 laboratores,
567 2972 735 3057 querelose
757 2981 988 3055 exposuerunt;
1011 2975 1096 3056 quod
1118 2994 1213 3055 supe·

182 3089 316 3150 rioribus
338 3088 530 3169 temporibus
547 3087 651 3149 omnia
673 3086 815 3150 litteralia
834 3087 1041 3148 instrumenta
1061 3086 1212 3165 ipsorum,

181 3218 275 3279 super
289 3200 460 3263 uocacione
476 3217 585 3260 eorum
605 3217 643 3259 ex
657 3197 801 3269 dustria,
830 3197 1014 3275 iuribusque
1035 3202 1066 3255 et
1085 3192 1213 3255 indulti·

183 3310 241 3371 bus
256 3330 381 3383 eorum,
404 3310 478 3370 dum
494 3309 622 3369 easdem
639 3315 737 3368 terras
753 3305 889 3367 incolere
905 3314 1056 3386 ceperunt
1074 3304 1211 3385 benigne

183 3420 318 3494 collatis,
348 3419 438 3482 simul
462 3441 532 3481 cum
566 3425 664 3480 status
687 3437 796 3479 eorum
825 3415 1040 3478 deelaraoione
1070 3414 1212 3479 coniecta

184 3539 344 3606 emanata,
365 3552 424 3614 per
438 3532 597 3603 Tartaros,
619 3536 653 3591 ut
668 3528 828 3600 dixerunt,
849 3525 931 3609 ignis
953 3527 1100 3607 uoragine
1115 3525 1212 3589 luisse

182 3651 367 3725 consumpta
392 3662 429 3705 ae
454 3641 552 3704 eciam
576 3648 784 3702 concremata.
816 3659 878 3720 que
902 3638 992 3700 nobis
1017 3658 1075 3719 per
1096 3635 1211 3700 multos

181 3753 317 3817 barones
333 3765 361 3818 et
379 3753 500 3816 nobiles
515 3751 602 3833 regni
618 3750 717 3814 nostri
729 3750 935 3813 constiterunt
950 3749 1124 3824 euidenter,
1137 3769 1212 3831 sup·

182 3863 399 3946 plicaruntque
423 3862 514 3926 nobis
532 3880 590 3944 pro
604 3861 816 3923 renouacioue
832 3862 1016 3924 eorumdem
1031 3849 1124 3942 prece
1138 3861 1213 3922 sub-

183 3973 314 4047 iectiua,
330 3985 361 4037 et
374 3975 448 4056 quia
462 3975 582 4056 regiam
596 3973 708 4036 deceat
721 3991 870 4034 coronam
884 3971 1025 4036 fidelium
1039 3974 1127 4036 iustis
1140 3991 1214 4054 pre·

183 4082 271 4145 cibus
296 4084 400 4146 locum
424 4086 514 4159 dare,
545 4105 604 4148 nos
629 4102 757 4166 quoque
782 4085 928 4166 precibus
953 4103 1063 4149 eorum
1083 4083 1215 4146 misera·

183 4195 281 4259 sionis
296 4196 471 4261 uisceribus
485 4195 577 4274 moti,
598 4204 633 4262 ut
646 4216 702 4273 ea,
723 4215 784 4279 que
798 4196 831 4260 in
845 4204 988 4280 tempore
1001 4194 1118 4261 luerint
1131 4193 1212 4258 litte·
