2798 4764
150 365 152 370 ·
176 325 241 401 000
500 342 686 399 morenos
712 342 755 391 or
776 343 887 395 runc.
992 380 995 385 .

178 498 307 564 Andron
328 497 486 582 dotogrto,
506 499 561 580 qui
583 497 679 561 mim
693 498 847 580 nristrtdo
867 517 926 561 ouo
943 497 1071 561 nomine
1084 496 1222 569 zacheo

181 609 223 673 de
238 609 312 673 uilla
325 610 483 683 Nadudor,
509 618 541 674 et
554 608 654 673 citatis
668 607 789 672 iuribus
804 608 887 672 tacto
901 608 1034 682 iudicio,
1056 607 1143 671 misit
1156 626 1222 673 eos

181 720 369 785 Uaradinurn
377 765 387 795 ,
409 720 462 782 ubi
475 721 587 783 Tunou
602 720 642 782 do
656 718 732 782 uilla
743 719 867 781 Koiond
883 729 1006 801 portato
1021 718 1108 782 terro
1123 719 1224 784 iusti·

181 828 293 902 ficetur
317 840 375 895 est.
406 828 527 892 Oldruh
551 831 591 894 do
614 829 689 893 nitlo
710 829 835 893 Horren
859 831 1041 893 combustus
1060 838 1127 904 est,
1157 830 1223 895 scd

179 942 263 1026 fugit
282 942 323 1006 od
346 939 528 1015 ecclesiam,
556 941 679 1003 Murich
702 943 742 1003 de
764 939 838 1004 niltn
853 941 938 1005 Ucen
957 941 1140 1005 combustus
1156 950 1223 1007 ert.

181 1053 311 1136 Meglon
333 1053 373 1117 de
394 1052 470 1116 uilla
482 1052 561 1116 Irotz
583 1051 767 1115 iustificatos
786 1059 844 1115 ost.
868 1052 980 1114 Hotluo
994 1052 1034 1115 dc
1049 1051 1124 1115 uitia
1138 1052 1224 1116 Pes·

179 1182 258 1235 ,cern
278 1163 461 1226 combustus
481 1173 539 1227 est.
560 1162 718 1226 Colondue
740 1164 781 1226 de
804 1162 877 1225 uitta
890 1162 1008 1225 Bosotd
1030 1162 1223 1229 combustos

183 1282 249 1350 est,
270 1275 327 1338 sed
350 1276 391 1338 do
413 1274 547 1337 ecclesia
569 1293 634 1337 non
652 1274 750 1336 exiuit
770 1274 809 1335 nd
831 1273 1035 1337 solucionem.
1062 1273 1162 1336 Iacob
1177 1274 1222 1339 do

182 1384 258 1449 oilla
273 1386 408 1469 Giontoy
422 1385 504 1447 tilius
519 1387 636 1447 Forcos
654 1393 777 1467 porteto
791 1385 876 1448 forro
892 1385 1026 1449 latenter
1038 1384 1129 1467 fugit.

191 1542 194 1546 -
267 1499 365 1572 (100)
385 1499 489 1561 Poura
512 1498 551 1560 do
571 1497 644 1559 oilla
658 1496 796 1578 Keroqui
818 1477 956 1579 imnociit
975 1498 1135 1579 quendam
1159 1516 1224 1560 no·

184 1608 270 1673 mine
285 1608 440 1682 Unucnm,
462 1608 502 1672 de
524 1608 739 1672 combustione
761 1608 873 1670 domus
892 1627 949 1670 ouo
971 1617 1003 1671 et
1021 1608 1138 1670 damno
1161 1628 1224 1673 rex

185 1738 382 1791 morcarum,
402 1717 508 1781 iudice
521 1718 667 1801 Kulqued
689 1717 799 1783 curiali
820 1718 934 1783 comite
950 1720 989 1782 dc
1003 1719 1132 1793 Biohor,
1157 1721 1224 1802 pri·

182 1829 287 1901 ‚staldo
300 1831 324 1890 F
327 1829 408 1891 uico.
436 1829 576 1910 prointus
591 1829 697 1893 Unuca
712 1830 857 1893 Uaraditri
872 1831 1055 1894 combustus
1069 1840 1132 1895 eet.

267 1941 367 2015 (107)
387 1939 481 2011 Hisce
493 1939 797 2004 seronsFrroesiide
809 1941 1226 2024 genereKrthnimpeditttr

184 2051 227 2123 ‚do
240 2051 325 2114 furto
339 2070 358 2115 o
372 2051 549 2115 Lodomero
565 2058 597 2115 ct
611 2052 926 2132 comprouincintibus
940 2055 1088 2126 Zounuk,
1109 2053 1226 2119 iudico

182 2163 283 2245 teuto
305 2162 419 2227 cornito
440 2162 481 2226 de
496 2161 658 2227 Chenadio
672 2162 825 2245 pristaldo
840 2164 968 2238 lonncn,
988 2171 1115 2245 portato
1131 2165 1226 2231 terro

183 2273 369 2341 iustificatos
385 2282 444 2339 eet.

269 2388 366 2462 (108)
387 2388 504 2451 Zouidn
525 2387 565 2450 de
587 2385 664 2451 nilla
684 2386 825 2451 Chroath
848 2387 988 2468 imoeciit
1010 2387 1156 2453 Gocham
1180 2390 1226 2457 (to

184 2498 298 2582 predio
311 2499 477 2573 Demetrii,
497 2519 554 2580 pro
567 2499 650 2562 boue
664 2498 772 2561 furtim
785 2499 844 2560 sibi
860 2500 994 2562 subiato.
1025 2499 1149 2564 Giechn
1164 2492 1228 2566 rn-

185 2619 249 2676 tem
271 2613 361 2675 duxit
381 2613 539 2693 quendam
560 2611 685 2673 nomine
705 2612 811 2674 Saden
832 2612 873 2675 de
895 2611 968 2674 uilla
982 2612 1083 2686 Bokn,
1105 2614 1228 2679 dicem

187 2723 274 2804 quod
289 2723 328 2784 ab
342 2723 412 2803 ipso
426 2723 541 2785 bouem
555 2722 642 2784 ittum
658 2722 801 2796 emisset,
822 2722 873 2785 iile
889 2732 993 2786 autem
1012 2743 1074 2785 non
1090 2735 1228 2791 contra·

187 2831 280 2905 dixit,
301 2832 358 2894 sed
373 2831 506 2893 asseruit
521 2831 608 2893 iilum
621 2833 737 2894 hortem
754 2854 822 2897 esse
837 2833 935 2896 filium
951 2854 1046 2897 uecce
1061 2854 1133 2898 sue.
1169 2839 1229 2903 coi

189 2961 262 3006 oum
286 2961 351 3005 non
376 2943 574 3016 crederetur,
607 2944 712 3006 Uitatis
736 2946 860 3008 curiatio
881 2965 988 3009 comes
1013 2946 1052 3009 de
1074 2951 1231 3024 Zounuk,

188 3074 246 3136 per
260 3053 445 3135 pristotdum
460 3057 586 3118 nomine
601 3056 740 3119 Nunchiz
758 3058 797 3118 od
813 3077 946 3120 examen
960 3058 1036 3121 ferri
1051 3061 1230 3127 candentis

136 3149 141 3155 ³
188 3167 272 3231 misit
292 3167 491 3231 Uoradinum.
524 3168 674 3231 obicum
700 3169 839 3251 prefatus
859 3170 963 3232 Saden
989 3169 1109 3233 ferrum
1134 3184 1231 3239 osset

189 3287 313 3361 portare
333 3289 477 3362 paratur,
503 3281 740 3362 prenominatus
762 3281 880 3344 Zauida
903 3282 1102 3345 renunciauit
1123 3303 1230 3351 caure

190 3411 263 3465 sue,
285 3392 392 3454 dicens
407 3393 493 3474 quod
516 3392 594 3455 salsa
615 3392 762 3473 opinione
785 3393 897 3455 ductus
917 3393 1032 3455 bouem
1051 3393 1142 3456 ilium
1163 3419 1232 3478 pro

188 3522 247 3566 suo
261 3504 344 3567 boue
359 3503 504 3582 cepisset.

272 3616 371 3688 (109)
399 3614 503 3676 Uedus
528 3615 568 3676 de
593 3613 669 3677 uitta
693 3614 800 3697 Gyorb
824 3616 962 3697 impeciit
986 3616 1154 3698 Opochum
1184 3622 1233 3688 de

190 3722 265 3785 uilia
279 3724 377 3787 Gnczt
389 3744 446 3806 pro
462 3725 555 3798 furto,
582 3725 737 3788 iudicibus
753 3726 889 3806 Quitqed
905 3727 1012 3791 curiati
1027 3730 1164 3803 comite,
1196 3745 1234 3798 ot

181 3833 288 3899 ‚bitoto
303 3836 461 3909 Forcaeio,
483 3837 632 3917 prietatdo
647 3840 755 3919 Zognn
769 3838 810 3902 de
824 3839 900 3902 nitla
915 3839 1050 3922 Uduory.
1072 3839 1235 3911 Ueradini

191 3946 303 4028 Opoch
317 3953 440 4027 portato
455 3947 541 4010 terro
554 3948 739 4015 iustificetur
753 3960 812 4016 est.

272 4058 373 4134 (110)
393 4058 484 4122 Anno
499 4060 654 4126 dominice
676 4061 905 4129 incarnacionis
919 4062 1087 4128 millesimo
1101 4064 1238 4134 docen-

191 4171 304 4243 torimo
320 4172 444 4239 decimo
456 4192 542 4239 nono
560 4175 767 4261 iounngionos
782 4176 878 4243 coni
891 4178 1064 4263 Korrznoy,
1082 4179 1238 4253 settim:
