2798 4764
474 370 580 414 crsrnr
603 371 791 415 neustriasis.
836 352 925 414 teto.
1152 350 1212 414 ott

189 545 249 609 que
265 524 463 606 quorundam
485 534 717 584 antecessorum
741 533 919 584 nostrornm
942 523 1136 603 temporibus
1150 542 1213 584 nou

187 636 288 697 solum
311 635 440 695 contusa
459 643 490 696 et
508 633 700 705 inordinata,
722 635 777 695 sed
795 655 874 712 nene
891 635 1012 713 penitus
1027 635 1058 693 in
1074 633 1214 715 preludi-

188 747 267 808 cium
288 764 404 806 corone
428 743 514 825 regie
535 744 659 805 fuerant
679 744 852 816 annullata,
874 745 989 823 placuit
1003 746 1141 825 ipsorum
1159 744 1214 806 do·

188 857 266 927 bita,
288 855 453 917 subiuncta
475 855 623 933 pensione
644 855 819 936 designare.
849 875 918 916 cnm
937 856 1041 936 itaque
1057 853 1215 917 condicio·

188 987 243 1028 nes
265 976 296 1029 et
312 967 415 1026 debita
431 965 523 1027 castri
538 965 733 1037 Geni-iensis,
755 966 834 1026 sicut
848 974 879 1027 et
895 974 1071 1027 ceterorum
1088 966 1213 1029 ordina·

189 1098 304 1148 remuS,
326 1077 502 1137 iuneuimus
518 1076 667 1137 uinitores
687 1086 810 1137 nostros
826 1078 856 1136 in
872 1077 944 1138 uilla
959 1077 1052 1156 Saglr,
1074 1076 1162 1157 Nyul,
1182 1084 1215 1138 et

188 1189 220 1249 in
235 1189 310 1250 uilla
324 1187 456 1269 Cyrian,
476 1188 507 1247 in
523 1187 596 1247 uilla
611 1187 694 1259 Ech,
717 1189 769 1267 qui
786 1188 871 1249 iuxta
886 1189 1144 1250 consuetudinem
1160 1207 1215 1250 eo·

188 1319 255 1358 rum
271 1298 410 1379 inprimis
427 1297 635 1378 persingulas
657 1298 836 1358 mansiones
856 1298 894 1358 de
909 1318 970 1358 una
986 1299 1096 1370 uinea,
1119 1317 1213 1379 quam

187 1409 245 1489 ipsi
261 1409 354 1470 iidem
371 1409 524 1480 colebant,
539 1409 577 1470 de
594 1409 697 1469 media
714 1418 801 1487 parte
820 1408 882 1468 uini
899 1409 976 1469 duas
993 1417 1097 1487 partes
1112 1409 1213 1482 nobis,

188 1521 314 1582 terciam
338 1541 413 1581 uero
438 1519 541 1580 comiti
565 1520 732 1592 lauriensi,
755 1519 856 1581 media
878 1527 963 1600 parte
978 1520 1016 1581 iis
1031 1528 1213 1582 remanente

188 1652 244 1713 pro
267 1632 387 1694 cultura
408 1650 481 1702 sna,
503 1631 626 1691 soluere
649 1639 896 1703 ‹rorrsueneraut‚
924 1651 1033 1692 eorum
1055 1630 1213 1693 condicio-

188 1763 259 1803 nem
275 1751 305 1802 et
320 1741 423 1802 debita
439 1741 683 1802 misericorditer·
697 1741 843 1803 duximus
859 1743 1048 1803 ordinanda:

270 1852 316 1930 (ll
351 1852 442 1925 Quod
468 1852 560 1912 iidem
588 1850 695 1931 populi
725 1852 763 1912 de
789 1853 927 1933 qualibet
953 1853 1114 1913 mansione
1139 1851 1215 1914 deut

189 1963 292 2024 comiti
314 1963 464 2022 lauriensi
489 1962 596 2041 uiginti
619 1960 747 2024 cubulos
770 1962 945 2042 bulgaricos
970 1964 1009 2024 de
1030 1964 1115 2035 uino,
1137 1971 1168 2026 et
1182 1963 1215 2024 in

188 2075 268 2134 sesto
290 2095 314 2133 s.
333 2073 494 2133 Michaelis
519 2071 642 2133 soluant
665 2072 769 2133 comiti
788 2074 1005 2134 buchariorum
1026 2094 1121 2135 unum
1137 2094 1215 2154 pon·

189 2185 246 2245 dus
261 2184 400 2245 similiter
416 2185 453 2243 de
470 2202 670 2263 unaquaque
687 2185 862 2252 mansione,
885 2204 943 2245 uec
963 2185 1080 2265 aliquid
1096 2184 1124 2245 ei
1144 2183 1214 2264 plus

189 2304 352 2357 teneantur
369 2293 502 2355 soluere.
534 2301 563 2354 et
579 2292 704 2353 omnino
720 2294 759 2353 ad
774 2302 909 2355 castrum
929 2338 1053 2354 ......
1076 2296 1107 2354 in
1127 2292 1213 2355 nullo

188 2406 278 2467 nobis
297 2414 471 2466 teneantur.

273 2514 319 2595 (2)
343 2519 419 2577 Itenr
435 2517 609 2587 statuimus,
625 2516 709 2596 qnod
724 2516 816 2576 iidem
833 2516 939 2596 populi
956 2537 1012 2578 nec
1028 2518 1213 2578 descensum

189 2628 324 2697 comitis,
347 2646 404 2687 nec
430 2626 545 2686 liberos
572 2625 734 2696 denarios,
756 2645 813 2686 nec
837 2627 1213 2706 bouern,necs1stpenz,

189 2759 251 2798 non
275 2738 412 2799 debitum
435 2736 626 2797 centurionis
648 2737 787 2809 soluaut,
810 2757 871 2797 non
887 2739 1100 2800 centurionem
1117 2738 1215 2800 habe·

189 2858 255 2919 ant,
283 2847 363 2908 sicut
385 2847 480 2908 ceteri
503 2855 677 2907 castrenses
698 2846 814 2908 habere
837 2857 1082 2921 consueuerant,
1111 2857 1141 2910 et
1157 2847 1214 2910 ha·

191 2961 284 3020 beant
300 2961 380 3019 inter·
395 2979 428 3019 se
444 2958 580 3019 uillicum
598 2957 730 3019 electum
748 2960 904 3020 communi
920 2959 1091 3020 uoluntate.

274 3070 318 3147 [33
350 3070 496 3129 tolonnis
523 3070 620 3129 eciaur
649 3077 684 3130 ut
710 3090 805 3152 supra
831 3071 969 3131 debiturn
995 3090 1103 3129 eornm
1128 3069 1213 3150 prius

191 3189 370 3241 annotatum
393 3199 497 3240 comes
518 3180 642 3240 racione
663 3180 736 3239 doni
759 3180 807 3240 uel
824 3179 1004 3241 deliciarum
1021 3179 1095 3239 nilril
1111 3180 1215 3259 exigat

191 3292 229 3351 ab
250 3292 305 3352 eis·
335 3312 398 3351 uon
414 3291 507 3350 iidem
528 3292 652 3350 racione
669 3291 902 3369 procuracionis
924 3297 1027 3349 nostre
1043 3288 1093 3347 uel
1109 3288 1214 3367 hospi·

189 3411 254 3464 turn
271 3411 445 3463 nostrorum
461 3401 576 3481 aliquid
593 3403 666 3460 dare
682 3409 857 3471 teneantur,
880 3399 939 3459 nisi
955 3409 1060 3460 nostre
1075 3399 1111 3458 iis
1125 3397 1213 3460 litere

188 3513 305 3575 luerint
330 3520 524 3592 presentate,
547 3512 622 3590 quid
645 3519 676 3572 et
698 3521 849 3592 truanturn
874 3511 1009 3571 debeant
1029 3510 1118 3581 dare,
1140 3529 1214 3572 con·

189 3624 333 3684 tinentes.

271 3733 317 3813 (l)
340 3736 417 3795 ltem
433 3734 577 3796 uolumus
593 3754 632 3794 ne
648 3752 754 3793 comes
769 3751 863 3811 snper
879 3751 933 3792 eos
950 3731 1128 3805 descendat,
1149 3753 1214 3797 uon

189 3866 259 3907 eurn
285 3847 448 3909 casualiter
469 3848 500 3907 iu
522 3847 625 3907 eundo
650 3846 701 3907 uel
726 3846 905 3917 redeundo,
935 3865 991 3905 seu
1015 3845 1089 3907 alias
1115 3855 1214 3909 treus·

189 3960 303 4030 eundo,
313 3958 433 4020 diucius
449 3958 629 4030 descendat,
641 3966 672 4018 et
686 3956 861 4019 necessaria
876 3958 1007 4038 recipiat
1016 3957 1098 4020 iusto
1109 3957 1215 4031 moda,

190 4071 309 4151 absque
326 4091 435 4131 eorum
450 4070 580 4132 lesione.

272 4179 318 4266 (5)
341 4182 418 4243 Item
432 4181 595 4244 statuimus
612 4189 645 4243 ut
659 4180 783 4245 curialis
799 4202 906 4246 comes
927 4191 998 4266 post
1015 4202 1048 4244 se
1064 4180 1215 4243 uicarium
