2798 4764
231 325 293 392 588
379 338 640 396 susurronem
660 337 795 387 arnonus
816 335 973 384 nonensis.
1017 319 1106 383 mro

233 495 391 559 diecesani
415 515 471 557 seu
493 492 626 557 aliorum
650 493 847 575 superiorum
870 489 1032 552 arbitrium
1051 489 1259 552 satisfecerint

232 607 274 671 de
296 607 416 670 damnis
439 615 469 668 et
488 605 608 667 iniuriis
630 604 783 688 irrogatis,
805 603 970 665 occasione
993 602 1131 683 predicta
1150 622 1259 664 mona-

233 717 329 783 sterio
345 727 375 779 et
390 715 530 780 ecclesiis
545 716 689 799 prefatis,
711 724 741 778 et
761 724 833 777 tunc
847 735 881 777 se
896 714 996 778 sciant
1010 714 1260 776 excommunica·

232 828 333 893 cionis
358 828 518 892 sentencie
541 829 721 901 subiacere,
746 847 765 889 n
788 847 865 909 qua,
893 825 979 888 iuxta
1002 833 1106 887 tamen
1126 825 1259 887 sormam

234 941 381 1014 ecclesie,
415 960 470 1022 per
495 940 679 1002 diocesanos
703 938 915 1000 satisfactione
940 938 1093 1017 premissa
1119 946 1150 998 et
1172 936 1260 997 suifi-

234 1053 328 1116 cienti
347 1052 475 1133 prestita
496 1052 662 1123 caucione,
684 1051 769 1132 quod
791 1050 920 1112 ulterius
934 1049 965 1109 in
983 1047 1094 1109 talibus
1109 1045 1160 1109 uel
1175 1048 1261 1109 simi-

233 1161 316 1226 libus
331 1182 393 1225 non
409 1162 563 1224 excedant
576 1162 698 1243 possint
713 1159 834 1224 absolui
849 1161 998 1240 prelatos.

175 1314 179 1320 -
233 1312 236 1317 ,
318 1269 384 1354 (51)
404 1272 547 1334 Presenti
562 1291 689 1354 quoque
704 1271 899 1333 declaramus
919 1278 1033 1333 statuto
1048 1277 1142 1351 atque
1157 1270 1261 1351 preci-

234 1384 354 1469 pimus,
376 1384 461 1465 quod
475 1403 663 1465 quecunque
679 1402 816 1465 persona
828 1381 978 1445 secularis
994 1381 1205 1464 cuiuscunque
1221 1382 1261 1444 sit

235 1494 444 1568 excellencia,
466 1492 622 1576 dignitatis
644 1502 696 1556 aut
716 1501 825 1566 status,
849 1500 1126 1575 quantumcunque
1147 1493 1260 1554 libera-

235 1605 308 1670 liter
326 1614 357 1668 et
375 1604 517 1667 absolute
540 1606 705 1679 concedat,
727 1605 828 1666 donec
844 1605 945 1666 tradat
960 1624 1015 1666 seu
1030 1604 1196 1666 tradidisse
1213 1605 1261 1664 in·

235 1715 388 1788 tenderit,
409 1713 462 1777 uel
475 1715 629 1788 intendat,
651 1715 785 1777 uoluerit
799 1716 850 1777 uel
870 1714 946 1777 uelit
964 1715 1187 1777 monasterinm
1204 1733 1261 1776 seu

238 1828 404 1900 ecclesias,
425 1828 457 1888 in
479 1828 591 1908 quibus
613 1826 661 1889 ius
682 1835 800 1890 tantum
820 1827 938 1889 obtinet
958 1835 1140 1909 patronatus
1155 1846 1262 1887 mona-

237 1937 338 2001 steriis
364 1936 416 1999 uel
440 1935 508 1998 aliis
530 1936 672 1999 ecclesiis
697 1936 891 2010 secularibus
912 1937 963 1999 uel
989 1938 1184 2018 regularibus
1205 1956 1262 1998 seu

238 2048 479 2131 quibuscunque
499 2047 567 2110 aliis
587 2048 647 2130 piis
662 2048 738 2110 locis
753 2048 806 2111 uel
819 2049 963 2130 personis
979 2048 1196 2111 ecclesiasticis
1210 2054 1264 2109 aut

236 2156 432 2221 secularibus
454 2157 531 2219 illud
546 2156 638 2220 faciat
654 2167 684 2221 et
698 2158 802 2221 iacere
818 2160 944 2232 debeat,
966 2161 1005 2221 de
1020 2158 1143 2221 illorum
1158 2159 1265 2220 diece-

237 2290 387 2334 sanorum
407 2291 464 2333 seu
484 2272 677 2351 prelatorum
696 2270 826 2333 licencia
845 2291 901 2333 seu
916 2290 1062 2344 assensu,
1083 2271 1264 2352 inquorum

239 2381 415 2445 diecesibus
440 2378 492 2443 uel
514 2380 730 2444 iurisdictione
756 2382 888 2444 ecclesie
911 2382 963 2444 uel
985 2382 1175 2444 monasteria
1195 2382 1265 2462 ipsa

240 2493 423 2556 consistunt.
461 2502 492 2556 et
511 2503 570 2555 tam
592 2492 734 2573 predicte
756 2512 906 2574 persone,
934 2513 1028 2575 quam
1048 2493 1107 2555 alie
1130 2514 1265 2575 persone

240 2603 450 2667 ecclesiastice
466 2603 628 2685 regulares
644 2611 698 2664 aut
711 2601 885 2676 seculares,
906 2605 1120 2686 cuiuscunque
1136 2605 1266 2676 ordinis,

241 2713 398 2794 dignitatis
413 2712 465 2775 uel
479 2722 585 2786 status,
600 2723 878 2796 quantumcunque
892 2712 1063 2777 liberaliter
1078 2725 1107 2778 et
1123 2715 1266 2777 absolute

241 2825 470 2896 concesserint,
498 2823 686 2885 donauerint
707 2824 757 2886 uel
779 2824 978 2899 tradiderint,
1004 2835 1058 2888 aut
1077 2827 1267 2898 concedant,

242 2934 360 2996 donent
381 2933 433 2996 uel
454 2935 593 3009 trudant,
615 2956 672 2998 sen
693 2936 904 3009 concessisse,
926 2938 1074 3010 donasse,
1103 2938 1267 3000 tradidisse

179 3050 182 3055 ’
240 3046 430 3112 intenderint
448 3045 500 3108 uel
519 3046 697 3119 intendant,
719 3047 907 3108 monasteria
923 3046 974 3110 uel
989 3048 1135 3111 ecclesias
1150 3047 1182 3109 in
1198 3049 1270 3130 qui·

241 3159 301 3222 bus
323 3160 371 3221 ius
393 3168 512 3220 tantum
528 3158 647 3220 obtinet
663 3166 856 3239 patronatus,
878 3159 955 3221 locis
970 3161 1021 3222 uel
1037 3161 1180 3241 personis
1196 3180 1270 3240 pre-

243 3270 332 3333 dictis
355 3269 431 3331 nihil
446 3269 530 3331 aliud
545 3267 736 3349 intelligatur
749 3288 805 3330 seu
822 3279 1019 3350 presumatur
1033 3270 1193 3343 conferre,
1215 3278 1270 3333 aut

243 3384 342 3446 eciam
362 3381 530 3445 contulisse
554 3400 611 3442 nec
632 3399 784 3462 persone,
806 3390 859 3443 aut
879 3381 947 3442 toea
969 3382 1108 3461 predicta
1128 3381 1213 3442 aliud
1229 3402 1269 3443 ex

242 3494 413 3556 collacione
435 3493 615 3555 huiusmodi
634 3491 790 3573 recipere,
811 3493 862 3554 uel
884 3494 1030 3575 aquirere
1052 3493 1214 3573 quamius
1237 3494 1269 3553 in

243 3606 353 3669 iisdem
376 3604 516 3668 ecclesiis
537 3625 594 3667 seu
617 3603 815 3666 monasteriis
837 3605 1070 3666 conferentibus
1086 3613 1270 3686 competens

242 3725 435 3799 patronatus.
457 3723 641 3787 statuentes,
655 3723 686 3777 et
700 3716 879 3796 expressius
895 3716 1095 3795 prohibentes
1110 3736 1149 3777 ne
1165 3717 1271 3797 alique

244 3845 379 3908 persone
401 3825 611 3889 ecclesiastice
633 3835 685 3888 aut
704 3826 802 3888 eciam
824 3827 992 3901 seculares,
1015 3829 1128 3909 quibus
1148 3828 1187 3889 de
1202 3847 1272 3888 mo-

243 3935 399 4010 nasteriis,
420 3936 471 3999 uel
486 3938 624 4001 ecelesiis
639 3938 818 4001 huiusmodi
832 3949 904 4002 sunt
916 3941 1118 4013 donaciones,
1140 3959 1273 4003 conces·

244 4048 359 4122 aiones,
382 4049 433 4111 uel
444 4049 634 4114 collaciones
645 4051 745 4127 tacte,
759 4051 812 4114 uel
825 4051 857 4113 in
871 4059 1033 4133 posterum
1045 4051 1136 4125 tieut,
1152 4051 1273 4134 aliquid

245 4161 305 4231 nisi
328 4169 478 4251 quactum
501 4164 640 4250 patronis
662 4163 814 4232 canonica
837 4163 908 4230 iura
929 4165 1107 4231 concedunt
1126 4165 1274 4252 exigere,
