2798 4764
241 362 330 412 seca
341 364 382 412 n.
394 363 485 412 neers
501 365 651 414 enarras
665 366 770 414 casim
786 362 991 414 sirmeum.
1012 346 1102 416 lib&
1125 347 1187 417 tea

160 521 363 595 conductum,
391 542 450 603 pro
471 523 613 604 ampliori
638 522 786 588 fidelitate
812 543 928 587 corone
954 524 1039 607 regie
1064 525 1187 608 impen-

161 634 273 695 denda.
309 633 424 696 talibus
449 654 524 717 ergo
550 636 706 718 tantisque
732 635 853 697 exirniis
878 637 1010 709 meritis,
1039 645 1069 699 et
1092 639 1186 702 obse·

161 745 279 827 quiosis
291 743 492 809 fidelitatibus
504 746 535 808 in
551 747 649 809 nostri
664 746 847 808 memoriam
862 747 1029 820 reuocatis,
1042 748 1185 812 uolentes

161 857 206 919 eis
221 858 413 940 respondere
434 858 566 940 gratuita
586 858 771 940 repensiua,
793 857 866 919 licet
880 857 938 939 ipsi
954 857 1085 920 luissent
1100 859 1186 940 prim

158 966 310 1030 libertatis
324 968 431 1050 utique
446 969 708 1042 commendanda,
723 976 827 1031 tamen
837 988 966 1030 suorum
982 969 1185 1030 seruiciorum

160 1081 191 1142 in
205 1080 464 1154 retribucionem,
486 1100 593 1144 eorum
609 1081 707 1143 eciam
728 1080 958 1144 instantissimis
978 1079 1185 1162 peticionibus
1202 1124 1209 1133 -

161 1192 201 1254 de
214 1189 408 1273 benignitate
425 1193 511 1274 regia
531 1191 686 1266 inclinati,
705 1191 783 1273 ipsis
797 1198 831 1254 et
843 1190 983 1273 ipsorum
998 1190 1186 1255 suecessori-

160 1304 219 1366 bus
235 1313 386 1386 perpetuo
402 1304 583 1367 Albensium
598 1304 714 1367 ciuium
729 1305 872 1367 dedimus
888 1304 1079 1366 libertatem:

242 1417 299 1491 (l)
322 1424 357 1478 ut
370 1416 491 1477 uillicus
511 1435 551 1478 ex
563 1435 597 1478 se
614 1415 690 1497 ipsis
705 1415 758 1496 qui
775 1436 830 1496 pro
845 1423 986 1498 tempore
1001 1416 1096 1478 luerit
1110 1436 1186 1479 con·

160 1529 300 1600 stitutus,
322 1547 431 1589 omnes
454 1544 565 1588 causas
588 1526 798 1607 pecuniarias,
827 1525 934 1588 ciuiles
958 1535 990 1589 et
1008 1526 1186 1590 criminales

161 1641 201 1702 ad
219 1641 317 1701 instar
334 1638 447 1700 ciuium
463 1636 644 1700 Albensium
667 1638 896 1719 predictorum,
923 1658 994 1700 cum
1019 1639 1185 1702 duodecim

160 1750 267 1814 iuratis
288 1752 402 1814 debeat
420 1750 484 1812 fine
499 1749 605 1812 debito
619 1750 776 1823 iudicare,
797 1769 857 1812 nec
870 1750 929 1832 ipsi
949 1753 1035 1814 ciues
1050 1753 1185 1816 listrian-

159 1883 211 1926 ses
228 1862 403 1945 aliquorum
422 1869 642 1923 extraneorum
662 1861 818 1934 iudicum,
847 1861 1053 1943 palatinorum
1075 1861 1187 1925 uideli-

160 1983 210 2037 cet
231 1981 262 2036 et
282 1973 431 2036 comitum
459 1971 699 2053 prouincialium
719 1971 843 2033 adstare
869 1971 987 2033 iudicio
1010 1981 1187 2047 teneantur,

159 2085 216 2147 sed
237 2083 265 2146 si
284 2102 380 2165 super
399 2082 505 2144 arduis
526 2080 665 2164 negociis
688 2079 823 2143 diffinire
844 2080 974 2144 forsitan
994 2082 1186 2163 ignorarent,

161 2193 306 2256 uolnerum
324 2200 358 2256 ut
380 2193 419 2255 ad
441 2200 580 2255 nostram
597 2192 790 2273 presenciam
813 2192 865 2254 nel
881 2192 1020 2274 magistri
1035 2193 1188 2257 Tauerni-

161 2324 267 2366 eorum
283 2305 324 2366 ad
337 2321 470 2366 examen
485 2323 542 2385 pro
558 2302 794 2364 determinanda
810 2310 840 2364 et
854 2302 1051 2381 impetranda
1065 2302 1187 2366 iusticie

44 2427 57 2443 ⁸
162 2423 386 2478 condocentes.

243 2527 302 2602 (ἲ)
331 2527 370 2588 Et
393 2525 651 2608 quociescunque
682 2524 875 2606 expedierit,
906 2530 1015 2586 contra
1043 2524 1186 2590 inimicos

160 2638 248 2721 regni
269 2637 385 2712 nostri,
406 2637 485 2700 datis
509 2657 549 2700 ex
570 2637 616 2700 eis
637 2635 804 2700 duodecim
825 2637 967 2710 armatis,
989 2638 1048 2700 snb
1068 2636 1185 2700 uexillo

159 2750 243 2833 regis
257 2748 443 2812 militabunt.

241 2863 299 2937 (3)
321 2861 442 2935 Quibus
466 2861 579 2935 eciam,
607 2869 641 2923 ut
663 2879 772 2922 eorum
794 2878 943 2923 numerus
963 2868 1127 2942 angeatur,
1152 2861 1186 2924 ia

158 2975 227 3056 ipso
241 2983 344 3036 castro
358 2972 502 3035 dedimus
524 2972 627 3035 lorum
646 2972 794 3046 liberum,
815 2972 900 3055 quod
915 2972 966 3035 die
984 2974 1092 3036 martis
1114 2992 1187 3054 per-

160 3096 254 3167 petuo
269 3084 456 3158 celebratur,
476 3084 535 3160 ita,
556 3085 642 3147 utin
664 3084 743 3148 illud
764 3086 927 3149 uenientes
948 3095 979 3149 et
1000 3085 1187 3148 recedentes

160 3196 200 3258 de
215 3196 328 3258 eodem
342 3196 409 3256 sine
429 3194 534 3276 aliquo
550 3196 656 3258 debito
670 3195 778 3258 tributi
799 3216 869 3259 cum
889 3194 955 3257 suis
976 3194 1186 3257 mercimoniis

160 3305 258 3369 libere
270 3307 416 3379 uenient,
436 3315 469 3369 et
482 3327 592 3371 secure
608 3308 767 3370 recedant.

243 3416 281 3478 Ut
299 3416 393 3498 igitur
407 3417 499 3479 buius
518 3429 624 3481 nostre
643 3419 794 3481 libertatis
815 3417 914 3479 series
935 3415 1033 3477 robur
1047 3415 1187 3479 obtineas

161 3534 314 3609 perpetue
327 3526 490 3602 firmitatis,
508 3538 669 3610 presentes
682 3528 802 3590 eisdem
817 3525 962 3589 dedimus
977 3525 1092 3588 litteras
1107 3526 1187 3608 dep-

161 3640 251 3723 plicis
262 3638 355 3721 sigilli
369 3639 466 3702 nostri
478 3640 651 3703 munimine
661 3640 834 3703 roboratas.
856 3639 961 3700 datum
972 3656 1055 3701 anno
1067 3636 1187 3701 domini

160 3750 326 3815 millesimo
341 3752 556 3814 ducentesimo
572 3751 833 3834 quinquagesimo
852 3759 976 3824 octauo,
996 3759 1108 3833 quarm
1127 3768 1186 3815 no·

161 3885 217 3929 nas
233 3865 436 3947 Septembris,
456 3864 545 3946 regni
559 3871 664 3929 autem
679 3882 763 3927 anno
775 3863 875 3926 tercio
889 3862 1022 3927 decimo.
