2798 4764
435 377 638 427 cossurnrro
663 378 840 427 srsonrus.
876 359 965 429 11⁸5.
999 374 1003 383 “
1152 349 1214 429 38¹!

273 533 316 618 (7)
339 537 494 600 Tiniensis
510 539 675 620 episcopus
696 537 812 599 habeat
831 538 939 599 sedem
955 556 1042 599 suam
1058 538 1090 599 in
1105 537 1217 612 Tenin,

191 658 221 713 et
236 650 351 714 habeat
370 650 426 713 has
441 651 621 732 parochias:
645 651 760 724 Teniu,
788 650 955 732 Campum,
977 650 1217 727 Verchzeccam,

191 762 273 823 Pset.

273 871 319 955 (8)
342 873 558 957 Traguriensis
574 875 740 957 episcopus
752 875 866 938 haheat
877 875 933 937 has
944 875 1124 957 parochias:
1140 877 1217 938 Tra·

191 985 328 1066 gurium,
352 984 436 1059 Brit,
461 985 641 1047 Sibenicum
658 995 800 1050 ettotam
817 988 997 1050 comitatum
1013 988 1152 1069 Zagorie.

272 1093 316 1176 (9)
339 1096 565 1160 Scardonensis
588 1099 753 1180 episcopus
783 1099 896 1162 habeat
916 1098 1123 1174 Scardonam,
1150 1098 1218 1162 un·-

192 1207 257 1281 ber,
279 1205 478 1288 Bcigradum
500 1229 571 1270 cum
587 1217 651 1270 tota
666 1209 805 1293 Sidraga.

272 1316 341 1398 (10)
363 1319 516 1381 Nouensis
540 1321 705 1402 episcopus
728 1321 844 1384 habeat
867 1322 1003 1397 Nonam,
1035 1330 1132 1386 totam
1154 1323 1217 1386 Lu·

190 1447 257 1490 cam
273 1438 304 1491 et
318 1430 517 1493 medietatem
533 1430 616 1492 Lice.

272 1538 336 1621 (11)
352 1541 521 1623 Signiensis
535 1542 701 1624 episcopus
713 1544 828 1607 habeat
838 1547 946 1608 sedem
958 1566 1044 1608 suam
1056 1547 1088 1609 in
1100 1546 1217 1630 Signia,

193 1659 223 1714 ct
245 1651 359 1714 habeat
384 1653 441 1715 has
467 1655 646 1735 parochias:
678 1656 833 1737 Signiam,
861 1658 1042 1721 Ketschiam
1067 1667 1163 1723 totam
1184 1666 1218 1724 ct

191 1765 391 1828 medictatem
407 1766 491 1827 Lice.

274 1876 337 1956 [12]
361 1876 580 1940 Corbaniensis
608 1879 774 1961 episcopus
799 1881 911 1946 habeat
934 1885 1043 1946 sedem
1070 1904 1158 1947 suam
1182 1883 1217 1946 in

191 1987 360 2060 Corbauia,
384 1997 413 2049 ct
428 1988 543 2052 habeat
557 1989 613 2052 has
633 1991 812 2072 parochias:
836 1993 1042 2067 Corbauiam,
1062 1994 1199 2057 Vinodoi
1210 2041 1220 2070 ,

190 2099 326 2171 Bussan,
347 2099 520 2180 Nouigrad,
542 2101 686 2174 Presnic‚
709 2102 776 2164 Pias
796 2110 826 2164 et
845 2103 1051 2165 Modrussam.

272 2208 338 2290 (13)
361 2212 526 2274 Pharensis
541 2213 708 2294 episcopus
722 2213 837 2276 habeat
851 2214 960 2276 sedem
975 2235 1064 2276 suam
1079 2215 1109 2276 in
1125 2214 1216 2289 Phar,

192 2331 222 2384 et
245 2321 360 2385 habeat
379 2322 437 2386 has
460 2324 641 2404 parochias:
665 2325 755 2396 Phar,
776 2324 918 2385 Braciam
940 2333 971 2386 et
986 2325 1119 2400 Lissum,
1140 2325 1217 2387 Cor-

191 2452 311 2506 ceram,
333 2433 455 2495 Lastam
473 2442 504 2494 et
517 2433 647 2506 diolcon
670 2440 813 2495 ettotam
828 2434 981 2495 Crainam.

272 2542 338 2624 (ii)
358 2544 501 2606 Ecclesia
521 2563 598 2606 nero
619 2565 643 2605 s.
655 2543 804 2624 Stephani
826 2544 906 2625 regis
929 2553 960 2607 et
976 2546 1094 2627 capelle
1109 2554 1216 2612 nostre

190 2655 222 2715 in
244 2653 365 2717 honore
389 2656 550 2718 sioannis
572 2654 783 2735 euangelisie,
806 2674 898 2736 qnam
921 2674 977 2716 nos
1001 2675 1095 2718 manu
1110 2662 1217 2720 nostru

193 2767 445 2828 consecrauimus
465 2767 546 2827 hanc
568 2765 801 2828 ordinacionem
822 2765 966 2839 fecimus,
989 2769 1073 2848 quod
1096 2771 1123 2830 ei
1145 2774 1219 2850 post

194 2878 463 2958 archiepiscopum
486 2879 589 2940 nuilus
611 2878 723 2959 presit,
744 2879 803 2941 nisi
823 2880 970 2940 sacerdos
993 2880 1022 2940 ci
1044 2881 1218 2955 ordinatus,

193 2991 241 3051 cui
257 2990 314 3050 hos
337 2991 477 3051 redditus
493 2992 650 3052 communi
674 2989 832 3054 uoluntate
855 2992 986 3055 fratrum
1007 2992 1049 3054 ibi
1068 2993 1218 3057 assisten-

193 3102 274 3162 cium
290 3102 520 3164 concessimus:
537 3102 661 3164 uincam
681 3124 772 3165 unam
789 3103 820 3164 in
833 3103 926 3176 Biaci,
941 3124 1033 3184 quam
1050 3104 1217 3183 aquodam

193 3216 217 3274 T
220 3216 378 3295 ragurino,
400 3215 463 3275 sdio
479 3216 605 3276 Firmini
622 3216 833 3297 Calogeorgii‚
855 3215 976 3277 iusticia
996 3215 1148 3287 dictante,
1168 3215 1217 3276 iu-

193 3325 274 3386 dicio
294 3326 468 3398 Pirsciniri,
499 3334 572 3388 tunc
594 3328 618 3385 T
621 3326 738 3407 ragurii
763 3327 882 3388 comitis
904 3326 1091 3406 recepimus.
1128 3323 1216 3386 cuius

193 3455 285 3498 cause
311 3436 485 3518 prestaldus
511 3445 559 3499 est
583 3438 683 3498 Cerne
711 3437 793 3499 filius
818 3436 980 3518 Cypriani,
1010 3443 1104 3497 testes
1125 3443 1215 3498 sunt:

190 3550 300 3611 Petrus
315 3550 447 3631 iupanus
467 3549 549 3610 fitius
564 3549 737 3630 Gregorclli
757 3555 788 3610 et
803 3547 955 3608 Martinus
970 3548 1009 3609 de
1024 3548 1215 3624 Benedicite,

192 3669 222 3722 et
238 3660 286 3721 aiii
303 3661 514 3742 quamplures.
537 3669 568 3722 et
579 3661 685 3721 itidem
698 3661 728 3721 in
740 3661 824 3721 Biaci
837 3668 950 3721 terram
964 3660 1002 3722 ad
1015 3660 1094 3722 duos
1105 3660 1216 3736 boues,

191 3771 305 3833 bouem
322 3783 352 3834 et
367 3792 506 3834 uaccam.
529 3777 691 3835 statuimus
706 3773 860 3853 siquidem
878 3780 912 3833 ut
927 3771 1002 3834 nudi
1017 3771 1143 3834 omnino
1157 3771 1216 3836 ho-

191 3885 309 3945 minum
324 3883 415 3946 liceat
430 3885 511 3945 hanc
528 3885 669 3966 paginam
686 3893 790 3946 nostre
806 3884 1041 3946 constitucionis
1057 3892 1088 3946 et
1102 3883 1217 3947 confir·

191 3995 339 4056 marionis
355 3997 542 4077 iufringere,
565 3994 616 4057 uei
631 3995 660 4057 ei
675 3995 869 4077 aliquatenus
885 3995 1051 4057 contraire.
1072 3994 1217 4077 quisquis

191 4127 266 4168 uero
283 4128 360 4169 ausu
376 4109 537 4170 temerario
553 4107 584 4169 id
600 4108 704 4169 iacere
719 4107 936 4179 attentauerit,
965 4106 1217 4188 indignacionem

192 4218 415 4301 omnipotentis
439 4219 491 4282 dei
511 4226 544 4284 ct
562 4226 703 4281 nostram
725 4224 758 4281 et
776 4217 908 4281 fratrum
928 4224 1108 4280 nostrorum
1121 4213 1218 4281 maio·
