2798 4764
177 320 239 405 630
280 334 543 408 murras
556 335 772 413 nwnaroanu
785 337 827 407 nr
840 335 1000 407 mmmmm.
1034 319 1126 410 1298.

176 498 367 557 mercatores
381 489 509 573 exigere
525 489 709 555 nullatenus·
721 497 923 572 presumant,
947 491 1005 553 sed
1022 491 1138 553 iustum
1157 491 1219 552 tri·

176 603 302 675 butum,
323 600 457 683 qualiter
470 608 613 682 tempore
628 601 746 664 domini
758 601 832 663 Bele
847 601 932 684 regis
946 600 1045 664 felicis
1059 601 1217 667 recorda·

178 712 288 786 aionis,
308 712 359 774 aui
373 711 471 774 nostri
486 709 637 774 carissimi
653 711 736 793 exigi
752 719 977 786 consueuerat,
998 731 1087 774 more
1102 713 1215 777 debito

177 832 209 889 et
222 833 373 887 consueto
389 825 515 907 exigant
527 843 624 904 snper
638 823 734 904 ipsos.
748 822 894 897 scientes,
908 824 993 906 quod
1008 824 1034 885 si
1049 823 1102 907 qni
1116 818 1215 887 secus

178 935 320 1008 fecerint,
337 944 368 997 et
382 936 510 997 eosdem
526 943 717 997 mercatores
731 935 859 996 racione
874 934 980 996 tributi
995 935 1125 998 indebiti
1142 955 1216 997 mo-

177 1049 339 1122 lestarent,
360 1067 400 1110 ex
414 1055 489 1110 tune
500 1047 630 1109 eosdem
645 1045 676 1108 in
692 1046 787 1109 rebus
803 1053 835 1109 et
848 1046 993 1128 personis
1007 1048 1071 1108 suis
1087 1046 1216 1108 lacere-

178 1179 247 1248 mus
262 1158 482 1232 condemnari,
496 1165 528 1221 et
542 1178 638 1239 super
652 1157 869 1240 possessiones
884 1156 1076 1231 eorundem,
1088 1157 1123 1218 in
1138 1157 1218 1239 qui-

177 1271 237 1334 bus
258 1269 371 1333 salsum
389 1269 537 1333 tributum
553 1261 743 1354 exigeretur,
764 1271 805 1350 ad
818 1289 927 1333 manus
942 1278 1064 1334 nostras
1078 1269 1216 1335 donnini

178 1382 364 1448 laceremus.

261 1491 305 1575 (3)
327 1492 477 1557 Uolumus
498 1492 598 1557 eciam
612 1496 698 1577 quod
720 1493 820 1576 siqui
840 1512 881 1555 ex
901 1492 1016 1555 nostris
1036 1492 1215 1557 baronibus

177 1604 210 1669 in
223 1604 288 1668 suis
304 1606 554 1687 possessionibus
569 1605 719 1668 tributum
733 1603 951 1688 potencialiter
960 1605 1045 1686 exigi
1058 1604 1219 1682 lacerent,

178 1737 266 1780 suam
282 1716 465 1800 dignitatem
480 1718 621 1781 amittere
636 1718 758 1799 possint
772 1738 811 1780 en
826 1719 906 1800 ipso.

261 1829 297 1889 ln
311 1829 401 1890 cuins
415 1829 461 1890 rei
479 1828 663 1891 memoriam
680 1839 928 1913 perpetuamque
942 1829 1122 1892 firmitatem
1138 1850 1221 1912 pre·

180 1948 287 2001 sentes
302 1940 513 2001 concessimus
528 1939 649 2014 literas,
672 1940 804 2021 duplicis
819 1941 909 2023 sigilli
923 1942 1020 2003 nostri
1035 1941 1219 2007 munimine

177 2051 351 2113 roboratas.
373 2051 480 2113 datum
495 2070 553 2131 per
563 2071 674 2114 manus
685 2051 811 2117 discreti
827 2052 887 2114 uiri
902 2051 1040 2134 magistri
1055 2051 1221 2134 Gregorii,

177 2163 322 2225 Albensis
353 2161 485 2226 ecclesie
513 2164 680 2245 prepositi,
715 2164 787 2227 aule
812 2172 918 2228 nostre
944 2164 1222 2242 nicecancellnrii,

178 2275 282 2338 dilecti
297 2285 329 2337 et
342 2274 444 2338 tidelis
460 2277 568 2339 nostri.
589 2288 673 2340 anno
686 2277 807 2340 domini
819 2277 1025 2341 mccxcvtt.
1049 2277 1140 2358 regni
1157 2297 1222 2342 au·

177 2395 241 2452 tem
255 2387 355 2450 nostri
369 2408 451 2451 anno
466 2398 589 2451 octauo.

500 2621 765 2637 “”-“““““““”
711 2621 881 2636 *vd-‘⁸2:-

461 2792 922 2868 CONSTITUTlONES

178 2968 238 3011 PER
259 2966 417 3011 tantatos
438 2969 479 3010 ET
497 2966 626 3013 notamus
647 2969 740 3012 ansul
754 2969 919 3012 nuscanum
940 2970 1021 3014 APUD
1035 2971 1220 3020 accensu!

254 3081 397 3126 saaraim
417 3079 558 3126 nttttotttlnt
582 3080 613 3124 lli
634 3080 710 3124 PEST
731 3081 812 3125 ANNO
833 3082 990 3126 ttccxct'ttt
1009 3082 1128 3127 FACTAE·

454 3234 476 3284 Ε
495 3238 638 3284 transnmto
657 3231 781 3283 Uladislui
799 3233 820 3283 l.
842 3232 923 3297 regis.

261 3509 485 3571 Constitncionea
506 3528 561 3589 per
583 3512 709 3589 prelatos
733 3521 758 3569 et
783 3511 904 3571 barones
929 3530 964 3572 ac
987 3512 1096 3572 nobiles
1123 3518 1217 3594 repsi

179 3621 333 3701 baccaris,
350 3634 477 3701 teorpore
492 3623 693 3683 coronacione}
703 3620 816 3684 dodras
831 3625 915 3701 repis,
933 3623 1004 3684 dicti
1017 3624 1051 3683 de
1065 3622 1213 3705 Uenaeiia,

176 3735 270 3810 facte,
294 3745 452 3813 sequuntur
465 3735 498 3796 io
511 3734 588 3794 bunc
603 3736 737 3795 modum:

259 3845 414 3925 Tempore
439 3845 656 3911 coronacionis
680 3847 797 3910 domini
816 3848 944 3910 Andree
972 3848 1056 3930 regis
1077 3846 1215 3917 illustris

178 3952 338 4035 Hungarie
362 3955 418 4017 etsi
438 3975 501 4017 non
517 3977 625 4021 omnes
645 3959 847 4021 condiciones
869 3980 926 4022 sen
941 3960 1101 4022 libertates
1115 3965 1216 4046 regni

176 4065 335 4150 Hungarie
358 4067 396 4128 ab
419 4067 548 4152 antiquo
570 4070 754 4146 obseruate,
783 4072 919 4156 quedam
940 4079 1046 4136 tamen
1068 4093 1109 4135 ex
1131 4075 1215 4156 ipsis

176 4179 369 4247 libertatibus
391 4189 424 4247 et
437 4181 675 4247 condicionibus
695 4183 849 4251 notabiles
872 4194 905 4250 et
922 4186 992 4270 plus
1011 4188 1219 4273 necessarie,
