2798 4764
207 316 269 383 ata
370 332 396 381 s.
410 333 564 383 sarnum
584 333 674 380 arou
694 333 902 381 nncrnronuu
922 334 1016 381 nicea
1038 334 1060 381 r.

209 510 280 555 mus
303 489 353 553 dei
378 488 676 552 excommunicetur.
708 488 800 553 decet
823 488 907 553 enim
928 496 964 553 ut
986 490 1239 572 indignacionem

208 601 306 683 ipsius
322 600 440 663 domini
454 599 537 681 regis
552 599 690 674 senciat,
712 598 801 664 cuius
816 600 1033 663 beniuolencie
1048 608 1245 683 contemptor

210 720 243 777 et
264 712 496 775 constitucionis
520 712 738 793 preuaricator
759 713 873 775 existit.
901 712 1123 775 nichilominus
1139 722 1244 777 tamen

209 844 266 887 rex
294 844 349 885 sue
376 822 589 885 concessionis
619 821 845 886 immunitatem
872 823 912 885 ab
936 823 1081 885 omnibus
1111 823 1244 886 dicionis

208 954 265 998 sue
285 934 405 996 illesam
424 933 607 996 conseruari
627 933 791 1015 precipiat,
813 953 976 996 assensum
995 953 1073 996 uero
1094 955 1157 996 non
1173 955 1244 1016 pre-

208 1046 282 1108 beat
297 1045 473 1126 improuide
490 1044 725 1117 affirmantibus,
747 1064 810 1106 non
826 1045 943 1107 debere
959 1065 1029 1108 esse
1045 1067 1096 1108 res
1109 1047 1243 1108 domini·

210 1174 279 1232 cas,
300 1157 332 1218 id
347 1164 395 1218 est
410 1155 537 1218 domino
553 1155 785 1217 dominancium
800 1156 938 1218 traditas.
966 1157 1009 1219 ita
1024 1164 1097 1220 sunt
1111 1158 1170 1219 sub
1185 1158 1241 1220 de·

209 1267 353 1333 tensione
378 1268 480 1349 regis,
504 1267 595 1330 sicuti
619 1267 745 1348 proprie
770 1287 826 1330 sue
851 1267 1052 1341 hereditatis,
1079 1268 1243 1351 magisque

210 1380 362 1453 adnectat,
384 1380 458 1461 quia
473 1388 590 1461 quanto
606 1378 684 1441 deus
699 1376 911 1442 excellencior
926 1385 975 1441 est
988 1379 1135 1452 bomine,
1157 1388 1242 1444 tanto

210 1491 405 1574 prestancior
426 1498 474 1552 est
494 1489 602 1551 diuina
624 1509 719 1551 causa
738 1489 914 1551 mortalium
929 1491 1142 1571 possessione.
1163 1511 1242 1574 quo·

208 1603 291 1666 circa
306 1603 469 1684 decipitur,
484 1602 626 1684 quisquis
642 1602 711 1681 plus
726 1603 758 1663 in
775 1602 906 1683 propriis
919 1621 1012 1684 quam
1027 1602 1061 1664 in
1076 1602 1240 1665 dominicis

210 1717 306 1779 rebus
321 1715 481 1797 gloriatur.
511 1733 644 1795 quarum
661 1714 838 1776 diuinarum
853 1735 960 1776 rerum
976 1714 1126 1778 defensor
1141 1723 1172 1777 et
1186 1733 1240 1777 cu·

209 1833 274 1891 stos
289 1825 450 1888 diuinitate
477 1832 620 1897 statutus,
643 1823 784 1907 diligenti
806 1844 881 1886 cura
903 1844 968 1887 non
988 1824 1090 1887 sulum
1105 1844 1159 1887 cas
1174 1844 1241 1887 ser-

209 1957 303 2011 uare,
331 1938 387 1999 sed
410 1934 511 1998 eciam
532 1934 740 2018 multiplicare
763 1935 872 2009 debet,
900 1937 1063 2018 magisque
1086 1936 1156 2010 illa,
1178 1957 1240 2018 que

210 2048 345 2112 diximus
360 2048 591 2129 prestanciora‚
614 2067 709 2129 quam
724 2065 782 2109 sua
793 2047 966 2109 defendere
981 2055 1105 2129 oportet
1120 2056 1151 2110 et
1165 2068 1241 2130 aug·

209 2167 361 2224 mantare.
388 2160 415 2220 si
430 2159 499 2241 quis
514 2159 609 2241 igitur
622 2159 750 2221 insanus
770 2156 1014 2239 inoportunitate
1034 2157 1240 2239 improbitatis

207 2291 264 2336 sue
279 2290 388 2353 regem
402 2290 420 2332 a
434 2276 522 2332 recto
538 2279 720 2351 peruertera
736 2269 944 2349 temptauerit,
965 2267 1121 2352 nullisque
1138 2288 1241 2332 reme·

207 2383 267 2447 diis
291 2381 425 2464 mitigari
449 2400 543 2464 posse
564 2383 651 2444 uisus
674 2381 786 2455 luerit,
807 2379 881 2443 licet
903 2378 1062 2462 obsequiis
1084 2380 1240 2463 aliquibus

206 2494 391 2559 transitoriis
414 2494 454 2557 sit
474 2495 689 2565 necessarius,
712 2493 943 2555 abscindendus
962 2494 1002 2556 ab
1026 2512 1064 2555 eo
1083 2492 1240 2573 proicien-

207 2607 329 2686 dusque
352 2614 413 2680 cst,
442 2606 528 2669 iuxta
549 2604 625 2667 illud
651 2602 886 2687 euangelicum:
907 2605 934 2666 si
956 2624 1031 2685 pes,
1053 2623 1163 2666 manus
1187 2605 1240 2667 uel

207 2717 316 2780 oculus
331 2727 402 2779 tuus
417 2717 604 2780 scandalizat
620 2725 664 2789 te,
680 2727 808 2798 amputa
823 2714 874 2778 uel
889 2735 964 2777 erue
981 2735 1070 2789 eum,
1086 2724 1117 2778 et
1131 2715 1238 2797 proice

207 2828 318 2893 abste.

290 2941 329 3001 ll.
369 2941 414 3001 De
425 2950 566 3020 potestate
579 2940 777 3019 episcoporum
790 2960 876 3020 super
890 2961 934 3002 m
948 2942 1162 3012 ecclesiasticos,
1191 2961 1239 3002 eo·

207 3052 724 3133 rumquecoouenieaciocamloicis.
752 3050 899 3114 Uolumus
910 3059 944 3114 ut
955 3052 1094 3135 episcopi
1105 3051 1241 3115 babeant

207 3174 394 3250 potestatem
406 3184 455 3226 res
466 3163 692 3227 ecclesiasticas
701 3164 878 3244 prouidere,
890 3184 1002 3246 regere
1012 3173 1043 3227 et
1052 3165 1240 3246 gubernare,

206 3288 302 3363 atque
314 3278 497 3359 dispensare
513 3277 686 3338 secundum
698 3278 880 3339 canonicam
896 3277 1122 3340 auctoritatem.
1144 3276 1239 3338 Uolu-

208 3412 277 3455 mus
299 3398 333 3452 ut
350 3398 382 3453 et
402 3389 473 3451 laici
494 3389 526 3450 in
546 3408 655 3451 eorum
676 3388 848 3451 ministerio
864 3388 1014 3452 obediant
1028 3389 1185 3470 episcopis
1200 3389 1239 3450 ad

206 3504 361 3585 regendas
376 3502 536 3574 ecclesias,
558 3502 670 3563 uiduas
685 3508 717 3562 et
731 3501 890 3582 orphanos
907 3501 1135 3573 defensandos,
1158 3508 1190 3562 et
1205 3507 1238 3560 ut

208 3612 392 3675 obedientes
407 3613 469 3674 sint
483 3613 523 3674 ad
538 3632 649 3675 eorum
665 3611 922 3676 christianitatem
936 3612 1134 3674 seruandam.
1164 3629 1240 3670 con·

207 3724 448 3806 sencientesque
477 3723 542 3786 sint
562 3724 693 3787 comites
718 3731 750 3786 et
769 3723 889 3786 iudices
911 3721 1088 3805 presulibus
1111 3719 1174 3780 suis
1198 3720 1238 3781 ad

207 3834 346 3898 iusticias
361 3833 538 3909 iaciendas,
560 3835 645 3899 iuxta
660 3842 810 3919 precepta
824 3833 903 3916 legis
917 3833 1034 3896 diuina.
1061 3839 1093 3893 et
1105 3829 1239 3893 nullate·

208 3964 267 4011 uus
291 3963 349 4029 per
373 3943 546 4026 aliquorum
572 3947 770 4008 mendacium
794 3944 846 4008 uel
870 3944 982 4007 salsum
1008 3939 1240 4016 testimonium,

207 4075 312 4140 neque
334 4056 525 4141 periurium,
546 4064 600 4122 aut
613 4077 670 4140 per
684 4055 840 4141 premium
853 4053 905 4120 lex
919 4056 1001 4122 iusta
1014 4055 1048 4119 in
1062 4052 1167 4142 aliquo
1183 4054 1239 4119 de·

207 4178 369 4263 pacetur.
