2798 4764
207 300 267 369 ns
362 317 483 369 stsorrs
504 317 547 369 os
568 316 651 367 rm
672 314 771 364 orsrs
791 313 1003 379 norosnoson
1022 291 1081 381 (l).

204 482 344 560 poterat,
365 473 528 543 innitendo
547 471 779 549 nichilominus,
800 472 887 555 quod
905 491 976 537 osm
995 469 1107 539 uidere
1127 469 1239 555 digne-

205 595 409 669 renumque
434 593 577 649 mortem.
607 583 660 668 qui
675 582 819 667 quamuis
838 582 872 645 in
885 583 982 647 corde
996 581 1177 658 habuisset,
1196 583 1237 645 ob

205 699 336 777 nimiam
350 705 520 781 egestatem
535 704 635 761 taetus
648 695 859 770 uerecundia,
880 695 927 757 ire
942 695 1111 761 recusauit
1141 715 1240 783 quem

207 831 280 889 oum
297 812 336 877 de
351 809 456 877 medio
470 808 627 875 sublatum
641 808 861 892 opposuisset,
887 805 962 871 licet
975 807 1064 875 multi
1079 806 1238 891 principes

207 922 247 989 de
256 920 423 989 Germanis
433 919 492 984 sibi
502 919 642 1002 copulari
654 916 922 984 matrimonialiter
932 918 1114 994 uoluissent,
1124 919 1238 1003 spretis

207 1033 362 1115 omnibus,
383 1052 445 1115 que
459 1031 598 1097 hahebat
611 1031 763 1095 secularia
778 1030 895 1095 iaciens
910 1031 1108 1105 uenumdari,
1129 1031 1238 1116 egenis

208 1154 256 1211 est
268 1143 389 1229 largite.
417 1144 486 1229 ipsa
501 1163 579 1207 uero
595 1142 739 1207 monialis
754 1144 885 1217 effecta,
913 1142 1118 1209 arctissimam
1142 1142 1237 1207 uitem

207 1257 396 1323 deducendo
410 1255 556 1339 migrauit
569 1255 611 1319 sd
625 1255 801 1329 domiuum,
816 1262 849 1319 et
861 1253 894 1317 in
907 1253 1031 1337 prelato
1046 1254 1238 1321 monasterio

207 1369 378 1444 tumulata,
400 1368 481 1433 sicut
494 1375 602 1431 sancta
616 1376 797 1433 ueneratur.

289 1481 365 1545 Post
379 1479 578 1543 Salomonem
602 1499 679 1543 uero
693 1478 837 1561 regnauit
851 1477 968 1541 Geioha
989 1477 1079 1541 annis
1094 1477 1192 1543 tribus
1207 1485 1243 1540 et·

206 1598 351 1665 mortuus
366 1598 429 1665 est,
452 1590 543 1653 Uacie
559 1609 654 1673 qnam
668 1588 816 1653 fundasse
833 1587 947 1651 dieitur
961 1587 1144 1672 tumulatur.
1168 1595 1241 1671 post

208 1701 360 1767 Geioham
372 1721 451 1765 uero
465 1701 609 1784 regumn
619 1697 782 1764 Ladislaus
794 1700 886 1762 XXX
897 1698 986 1763 annis
1001 1707 1034 1765 et
1043 1698 1140 1763 tribus
1151 1718 1239 1763 men-

208 1813 294 1881 sibus
307 1812 341 1877 in
355 1813 474 1877 Wsrod
490 1811 668 1895 requiescit.
697 1811 784 1876 istius
799 1811 894 1895 igitur
908 1810 1101 1892 temporibus
1120 1809 1153 1873 in
1167 1830 1240 1893 sep-

208 1931 272 1989 tem
287 1922 397 1988 castris
411 1923 443 1989 in
458 1931 582 1997 monte,
603 1923 656 2007 qui
667 1921 823 2007 llyrioleis
838 1922 962 1997 diener,
982 1922 1071 1987 Bessi
1082 1921 1243 2007 llunpsris

207 2034 415 2110 infestissimi,
436 2035 568 2119 spoliata
588 2035 748 2119 Hungaria
769 2034 926 2118 fugientes
946 2034 1189 2118 coniunguntur,
1210 2043 1244 2099 et

207 2164 266 2231 par
280 2147 416 2209 eundem
432 2145 611 2210 ladislaum
624 2166 732 2230 regem
747 2166 784 2210 ao
797 2146 964 2231 ilungaros
973 2144 1076 2211 taliter
1090 2164 1241 2229 superan-

207 2265 268 2335 tur,
290 2268 323 2323 ut
336 2280 395 2325 neo
412 2281 491 2325 unus
505 2281 545 2326 es
560 2261 634 2346 ipsis
648 2261 748 2325 fertur
760 2263 961 2327 remansisse.

290 2370 437 2436 Lsdislao
458 2382 563 2437 autem
584 2373 718 2458 migrato
740 2374 884 2459 regnauit
898 2382 969 2458 post
983 2394 1056 2439 eum
1070 2373 1153 2439 tilius
1167 2373 1240 2439 Gei-

208 2482 267 2547 ohe
280 2484 366 2567 regis
381 2484 595 2549 Kalomannus
617 2485 707 2549 annis
722 2485 752 2548 X
771 2494 802 2549 et
822 2493 906 2559 octo,
927 2485 1016 2550 cuins
1030 2505 1146 2569 eorpus
1159 2484 1242 2548 iacet

206 2593 296 2657 nne.
325 2595 376 2657 hie
397 2596 527 2678 quidem
548 2597 655 2680 presul
670 2606 753 2671 erat,
784 2606 815 2661 et
829 2597 943 2660 exinde
959 2597 1126 2664 translatus
1141 2597 1173 2661 io
1187 2617 1239 2663 re·

207 2724 280 2788 gem
303 2714 481 2769 coronatur.
512 2708 653 2782 Qunwes
674 2709 761 2773 enim
780 2709 914 2771 Kalman
938 2719 986 2774 est
1006 2719 1144 2785 uooatus,
1166 2729 1239 2773 cum

207 2813 304 2877 libros
317 2814 472 2890 habebat,
494 2817 525 2880 in
540 2817 654 2900 quihus
673 2827 707 2881 ut
726 2818 894 2903 episeopus
906 2818 1033 2904 tepebat
1046 2839 1119 2887 suos
1133 2819 1239 2886 horu.

207 2924 266 2989 iste
283 2945 409 3010 quoque
424 2927 457 2989 in
472 2928 615 3012 llegnum
630 2929 786 2994 Dalmaeie
807 2931 904 2995 misso
921 2934 1061 2998 exercitu
1074 2931 1179 2997 occidi
1191 2932 1239 2997 ie·

207 3035 250 3100 eit
273 3056 380 3118 regem
404 3037 529 3102 Petrum
537 3083 548 3114 ,
569 3040 622 3122 qui
644 3040 801 3125 ilungaris
826 3042 858 3105 in
883 3043 1057 3120 montibus,
1085 3044 1138 3128 qui
1153 3043 1238 3109 Gosd

207 3146 354 3211 (licuntur
373 3167 555 3224 occurrens,
578 3160 626 3215 est
648 3152 791 3217 deuictus
811 3154 845 3216 in
865 3154 1025 3221 montibus
1048 3155 1239 3229 memoretis,

207 3267 243 3323 et
259 3261 390 3324 occisus.
411 3261 496 3325 uode
518 3261 613 3327 iidem
634 3272 756 3327 montes
779 3285 880 3350 usque
899 3265 995 3331 hodie
1017 3265 1049 3329 iu
1062 3265 1238 3351 hungarico

207 3370 302 3436 Patnr
313 3373 431 3437 Gozdia
443 3375 654 3439 nominantur.
673 3377 768 3441 sedes
778 3377 862 3441 enim
872 3376 966 3441 huius
978 3378 1071 3461 Regis
1082 3386 1114 3443 et
1123 3376 1238 3441 solium

207 3481 241 3545 in
256 3485 366 3549 Tenen
389 3495 458 3550 erat
473 3486 608 3551 ciuitate.
636 3487 698 3550 hoo
714 3508 790 3572 erpo
805 3487 899 3564 iacto,
921 3498 954 3553 et
967 3509 1064 3572 regno
1077 3488 1237 3555 Dalmatio

207 3597 414 3677 conquistato,
434 3600 552 3681 galeas,
574 3620 671 3663 naues
687 3608 719 3663 et
733 3601 840 3665 teritos
855 3620 926 3663 cnm
941 3601 1065 3665 Uenetis
1080 3600 1238 3675 solidauit,

207 3704 333 3767 mittens
355 3728 425 3772 eum
447 3709 493 3771 eis
512 3711 685 3774 exercitum
701 3710 922 3793 ilungarorum
947 3711 980 3774 in
994 3710 1157 3791 Apuliam,
1183 3711 1239 3775 unt

205 3812 397 3898 llonopolim
420 3827 452 3881 et
472 3818 683 3883 Brundusium
712 3819 853 3884 ciuitates
874 3827 1083 3903 occuparunt,
1114 3821 1276 3945 ciuibus*

206 3924 394 4011 quibusdam
413 3927 510 3993 fidem
529 3929 655 3993 Uenetis
676 3930 928 3995 obseruantibus.
957 3948 1092 4011 eumque
1107 3931 1238 3997 easdem

206 4035 349 4102 eiuitetes
365 4037 405 4100 sd
419 4038 590 4103 tenendum
605 4039 731 4105 Uenetis
752 4040 967 4125 reliquissent,
988 4040 1148 4106 concitatis
1164 4061 1237 4107 cur·

206 4147 294 4215 sibus
312 4146 442 4235 plenum
456 4149 583 4235 Apulis,
611 4151 644 4217 in
664 4151 853 4237 quibusdem
873 4152 950 4221 locis
964 4154 1166 4223 deuastontes
1181 4155 1237 4224 tri·
