2798 4764
490 980 635 1043 INCIPIT
657 980 928 1046 CAPITULACIO.

596 1139 827 1151 ———

273 1249 297 1306 1,
384 1249 425 1300 De
440 1249 617 1300 obseruanda
633 1246 769 1300 catholica
784 1250 850 1301 tide.

273 1341 309 1391 lt.
384 1341 425 1392 De
440 1356 496 1392 non
512 1341 718 1392 contemnendo
734 1342 924 1394 ecclesiastico
940 1349 1022 1394 stato.

271 1433 321 1484 iit.
382 1434 422 1485 De
436 1434 626 1498 impendendo
641 1434 751 1484 honore
766 1435 941 1498 pontificum.

272 1525 319 1583 tv,
380 1525 421 1576 De
437 1527 546 1577 honore
562 1527 717 1591 principum
731 1532 758 1577 et
772 1527 901 1577 militnm.

271 1616 304 1668 V.
384 1618 425 1668 De
441 1619 646 1669 obseruacione
660 1618 754 1668 iudicii
769 1625 796 1669 et
809 1620 964 1683 paciencie.

270 1709 317 1760 Vi.
382 1709 423 1760 Dc
438 1713 569 1762 tencione
585 1710 725 1774 hospitum
741 1716 768 1760 et
782 1712 963 1763 nutrimento.

270 1800 331 1850 vii.
382 1800 422 1852 De
438 1802 628 1867 magnitudino
643 1802 764 1852 consilii.

270 1891 347 1947 vni.
382 1891 423 1942 De
438 1894 625 1943 exsecucione
643 1893 777 1949 fitiorum.

269 1981 320 2032 ix.
384 1983 425 2034 oe
440 1985 644 2036 obseruacione
659 1985 810 2036 oracionis.

268 2072 307 2124 1.
383 2075 425 2126 os
439 2077 541 2140 pietate
556 2083 584 2128 et
596 2077 790 2128 misericordia
804 2078 960 2142 ceterisque
974 2075 1135 2127 uirtutibus.

393 2270 531 2309 BXPUCU'
553 2270 756 2309 eaeirneeero.
798 2269 910 2309 INCiPU'
928 2268 1027 2307 Lissa.

279 2527 458 2590 Cirrrcsnrr
482 2529 504 2589 1.
547 2530 590 2591 De
604 2530 786 2591 obseruando
802 2529 945 2589 catholico
959 2528 1025 2607 fide.
1066 2525 1224 2600 Quoniam

195 2641 234 2703 ad
256 2641 371 2722 regalis
395 2641 552 2722 dignitatis
575 2641 718 2704 ordinem
744 2661 808 2703 non
831 2647 955 2722 oportet
980 2638 1037 2701 nisi
1059 2637 1172 2701 fideles
1193 2645 1226 2701 et

194 2751 347 2815 catholica
372 2751 435 2815 fide
459 2752 596 2814 imbutos
622 2753 789 2825 accedere,
814 2751 931 2815 idcirco
957 2760 1063 2814 sancte
1088 2749 1164 2813 fidei
1188 2749 1222 2812 in

193 2864 306 2927 nostris
322 2864 475 2929 mandatis
490 2864 623 2945 primum
639 2865 749 2927 damus
763 2865 877 2927 locum.
901 2863 1053 2946 imprimis
1069 2861 1220 2945 precipio,

194 2977 352 3049 consilior,
374 2977 493 3039 suadeo
507 2975 550 3038 fiii
566 2976 743 3050 carissime,
757 2977 784 3038 si
798 2976 935 3058 regalem
951 2975 1039 3056 cupis
1053 2974 1222 3037 honestare

194 3105 359 3160 coronam,
381 3094 415 3149 ut
435 3086 530 3149 iidem
553 3087 756 3169 apostolicam
772 3095 803 3149 et
817 3085 1002 3149 cathoiicam
1020 3084 1073 3147 tali
1089 3084 1223 3166 diligen·

194 3199 241 3259 cia
263 3207 294 3260 et
315 3199 456 3261 custodia
472 3218 659 3271 conserues,
679 3207 714 3260 ut
728 3198 872 3260 omnibus
894 3195 949 3258 tibi
965 3215 983 3257 a
999 3196 1059 3257 deo
1074 3193 1222 3257 subiectis

194 3307 372 3390 exemplum
387 3309 446 3380 sis,
469 3309 635 3391 cunctique
651 3308 854 3371 ecclesiastici
868 3306 922 3369 filii
937 3306 1049 3368 merito
1064 3314 1094 3367 te
1109 3322 1223 3366 uerum

195 3418 363 3481 christiane
380 3419 583 3501 professionis
598 3421 761 3482 nominent
775 3419 894 3492 uirum,
907 3417 974 3479 sine
986 3435 1047 3499 qua
1062 3435 1120 3498 pro
1135 3421 1222 3478 certo

193 3530 471 3593 sciasChristianus
483 3531 667 3594 nondiceris
678 3531 729 3593 uei
740 3530 874 3594 ecclesie
885 3528 977 3591 titius.
988 3527 1041 3610 qni
1049 3526 1131 3589 enim
1141 3524 1223 3592 falso

194 3642 341 3713 credunt,
362 3641 414 3704 uei
427 3641 522 3704 fidem
537 3642 627 3704 bonis
649 3661 713 3704 non
733 3640 864 3723 implent
882 3648 913 3703 et
932 3649 1044 3703 ornant
1064 3638 1224 3721 operibus,

195 3753 268 3834 quia
288 3752 367 3814 fides
386 3753 455 3815 sine
477 3773 572 3835 opere
594 3753 743 3825 moritur,
764 3773 823 3814 nec
845 3752 896 3814 hio
917 3751 1049 3814 honeste
1073 3756 1224 3836 regnant,

194 3881 253 3924 nec
269 3871 378 3924 eterno
394 3883 493 3945 regno
509 3863 561 3925 uei
576 3882 694 3925 corona
714 3862 911 3944 participant.
939 3863 965 3925 si
985 3881 1064 3925 uero
1084 3861 1224 3925 retinens

193 3982 316 4037 scutum
330 3973 421 4047 fidei,
442 3973 561 4038 habeas
576 3974 675 4037 eciam
690 3973 812 4055 paleam
827 3973 945 4037 salutis.
966 3972 1016 4036 his
1031 3973 1159 4055 quidem
1174 3990 1225 4034 ar·

194 4086 359 4148 mamentis
374 4093 483 4148 contra
496 4086 635 4149 nisibiies
657 4093 687 4148 et
706 4083 881 4148 inuisibiles
902 4084 1040 4167 legitime
1060 4084 1224 4145 decertare

194 4198 312 4284 poteris
327 4195 480 4262 inimicos.
513 4217 587 4262 nam
600 4205 635 4263 ut
648 4196 691 4260 ait
703 4195 882 4281 apostolus:
904 4213 998 4259 nemo
1014 4189 1225 4266 coronabitur,
