2798 4764
315 366 574 422 comburenaum
594 371 729 423 saroam
751 370 908 420 nmmo.
946 352 1043 420 lm.
1126 353 1193 421 lidii
1265 447 1267 450 y

164 532 265 605 ciam,
282 530 432 594 uidelicet
454 549 511 611 per
525 529 778 601 odilicacionem,
799 527 1023 602 relectionem,
1045 536 1076 592 et
1096 547 1192 612 repas¹

164 644 320 724 racionem
346 642 549 706 ecclesiarum
582 649 614 704 et
640 640 901 703 monasteriorum
931 641 1035 703 multis
1060 649 1091 703 et
1117 639 1194 704 latis

164 750 424 836 possessionibus,
447 751 589 824 edificiis,
609 751 739 823 iuribus,
761 750 943 832 priuilegiis,
971 749 1195 832 prerogatinir,

163 864 452 929 otimmuoilatibus
464 863 640 926 dolatorum
658 862 826 943 antiquitas
842 862 909 942 ipsa
926 862 1011 923 omni
1025 860 1120 942 digna
1134 880 1194 924 ne-.

164 975 333 1040 neracione
348 980 379 1036 et
393 973 573 1038 imilacione
588 981 727 1045 testatur,
754 973 885 1034 multum
900 972 1044 1052 prolecto
1059 970 1097 1034 ab
1109 970 1205 1053 anti·,

163 1107 297 1169 quornm
312 1093 344 1148 et
357 1086 508 1149 maiorum
523 1104 652 1147 suorum
668 1085 814 1147 uidentur
829 1083 967 1165 uestigiis
980 1083 1119 1155 deniare,
1134 1083 1195 1165 qni.

164 1197 312 1261 ecclosias
335 1197 419 1276 ipsas
440 1196 493 1258 uel
514 1215 622 1258 eorum
645 1196 727 1257 bona
748 1214 804 1255 seo
823 1195 891 1255 iura
906 1194 1086 1267 destruunt,
1107 1193 1197 1256 scin·—

164 1308 258 1379 duot,
281 1313 452 1386 occupant,
473 1306 524 1368 uel
539 1306 692 1368 inuadunt
706 1325 763 1366 seu
779 1323 887 1369 earum
903 1304 1066 1386 priuilegia
1088 1314 1120 1367 et
1132 1306 1194 1367 inu

164 1418 329 1481 munitates
344 1416 541 1490 imminuunt,
561 1417 614 1480 nel
627 1416 808 1497 infringunt,
830 1425 883 1478 aut
898 1418 952 1496 qui
967 1416 1079 1479 talibus
1094 1417 1197 1481 tacite·

164 1531 215 1594 nel
230 1547 377 1610 expresse
392 1529 605 1601 consenciunt,
619 1548 676 1592 seu
690 1528 743 1610 qui
758 1528 831 1592 talia
846 1537 878 1591 et
890 1528 939 1589 bis
953 1529 1065 1591 similia
1080 1536 1195 1595 contu,

164 1642 258 1705 deum
273 1639 403 1720 eiusque
419 1638 580 1702 ecclesiam
596 1649 691 1720 alque
712 1640 869 1701 ministros
891 1639 986 1720 impie
1005 1640 1194 1702 commitem·

163 1762 210 1815 tes
232 1774 288 1834 per
303 1759 459 1832 assumpte
481 1751 642 1832 potestatis
663 1748 715 1814 nei
733 1750 952 1814 iurisdictionis
972 1750 1110 1812 officinm
1124 1770 1190 1813 non

165 1874 385 1946 compescunt,
407 1872 438 1925 et
459 1864 499 1925 ab
518 1862 594 1944 ipsis
618 1863 771 1926 desistere
794 1883 850 1944 per
872 1863 1012 1924 remedia
1033 1871 1189 1944 oportuna

162 1995 227 2038 non
242 1982 368 2057 coguut,
386 1975 580 2040 declaramus
595 1973 688 2054 igitur
704 1981 797 2054 alque
813 1974 1020 2046 decernimus,
1043 1973 1196 2038 ecclesian,

164 2098 196 2151 et
210 2085 437 2151 ecclesiasticas
451 2104 604 2166 personas
622 2084 663 2147 ab
678 2085 825 2147 omnibus
842 2087 978 2166 angariis
993 2095 1024 2149 et
1038 2106 1194 2169 perangae·

164 2199 227 2270 riis,
249 2197 464 2260 exactionibus
487 2205 518 2259 et
541 2196 747 2268 collectione
769 2195 835 2259 aliis
853 2197 1197 2277 superinductionibus,

165 2308 324 2378 oneribus,
337 2306 520 2368 muneribus
535 2306 671 2370 sordidis
686 2306 852 2379 laicorum,
872 2328 930 2370 nec
953 2328 1016 2369 non
1032 2328 1049 2368 a
1071 2315 1193 2390 presta·

166 2417 307 2481 cionibos
331 2417 534 2488 tributorum,
565 2417 767 2497 pedagiorum
777 2454 793 2490 ,‹
818 2438 875 2480 seu
902 2419 1103 2500 uectigalium
1133 2436 1197 2500 pro·

166 2527 385 2590 ecclesiasticis
400 2527 552 2608 personis,
574 2527 780 2600 coctionibus,
801 2536 833 2593 et
845 2530 938 2591 rebus
951 2531 1107 2611 ipsorum,
1128 2549 1196 2612 qao

166 2660 228 2701 non
248 2646 340 2703 eausa
364 2639 556 2702 mercimonii
579 2639 646 2703 siue
669 2640 916 2720 negociacionis,
937 2643 993 2704 sed
1009 2662 1066 2722 pro
1080 2642 1145 2703 suis
1159 2649 1193 2705 et

165 2751 371 2814 ecclesiarum
395 2770 522 2813 suarum
547 2750 785 2814 necessitatibus
807 2773 865 2833 per
884 2760 1014 2825 terram,
1042 2755 1109 2815 siue
1133 2773 1191 2834 per

165 2883 277 2945 aquam
291 2863 409 2924 ducunt
421 2882 478 2924 seu
493 2870 665 2937 transeunt,
679 2863 806 2926 omnino
817 2866 972 2928 immunes
987 2873 1017 2928 et
1028 2873 1191 2947 exemptae

164 2995 248 3046 esse,
269 2974 355 3037 iuxta
369 2973 534 3037 canonicas
549 2983 581 3037 et
595 2974 750 3055 legitimas
767 2977 958 3051 sanctiones,
980 2996 1038 3038 uec
1059 2996 1114 3058 per
1134 2976 1199 3038 ali·-

165 3107 243 3168 quos
256 3087 469 3168 cuiuscunque
484 3087 663 3159 altitudinis,
678 3087 909 3159 iurisdictionis,
924 3108 979 3151 seu
991 3089 1090 3149 eciam
1101 3095 1198 3166 pote-1

166 3197 251 3260 statis
270 3198 309 3258 ad
324 3195 431 3259 talium
447 3200 674 3276 preslacionem
689 3218 782 3280 posse
798 3198 849 3259 uel
864 3199 979 3259 debere
995 3197 1150 3276 compelli.

248 3304 320 3385 (60)
344 3309 382 3370 Et
396 3308 469 3387 quin
484 3307 514 3368 iu
530 3327 628 3387 regno
642 3306 819 3387 llungocie,
841 3314 873 3368 et
887 3304 953 3367 aliis
971 3305 1061 3368 terris
1082 3313 1199 3369 nostre.

164 3416 333 3498 legacionis
356 3416 488 3479 ecclesie
510 3426 540 3478 et
562 3416 771 3478 ecclesiastico
794 3436 927 3496 persone
950 3415 1087 3480 amultis
1109 3425 1140 3478 et
1154 3416 1190 3479 in

165 3526 268 3588 multis
283 3536 314 3589 el
329 3527 442 3601 uariis,
464 3547 560 3608 super
574 3527 721 3608 predictis
737 3535 768 3589 ct
783 3525 850 3592 allis
865 3526 1029 3599 similibus,
1050 3526 1189 3590 indebite

164 3648 195 3702 et
215 3649 324 3702 contra
344 3640 499 3702 iusticiam
521 3648 743 3719 aggrauantur,
769 3640 801 3702 iu
823 3639 994 3719 periculum
1016 3639 1190 3703 animarum

164 3750 286 3813 illorum
309 3752 364 3833 qui
392 3749 465 3813 talia
491 3757 604 3831 agunt,
638 3757 669 3813 et
693 3749 898 3812 ecclesiarum
924 3767 960 3810 ac
985 3768 1199 3830 personarum.

165 3862 445 3925 ecclesiasticarum
471 3882 534 3923 non
558 3860 714 3925 modicum
736 3862 975 3933 detrimentum,
1005 3871 1038 3924 et
1057 3862 1198 3944 deroga*-

165 3973 287 4034 cionem
302 3975 511 4041 ecclesiastice
524 3973 685 4045 libertatis,
700 3992 757 4034 nos
779 3981 883 4035 autem
903 3973 1077 4036 animarum
1098 3971 1199 4037 saluo·

165 4091 196 4143 et
217 4080 420 4147 ecclesiarum
445 4103 483 4147 ac
509 4103 714 4166 personarum
738 4082 1021 4147 ecclesiasticarum
1045 4082 1201 4145 immani·-

165 4194 222 4259 tati
240 4213 337 4276 super
355 4193 415 4265 bac
434 4195 604 4278 prouidere
625 4194 785 4286 uolentes,
806 4195 983 4263 ducimus
1002 4195 1199 4271 malleum,
