2798 4764
223 344 285 413 did
400 362 550 412 uanum
570 363 641 410 mm
660 363 733 409 som
753 361 941 409 scurronum.
984 343 1073 407 tm.

234 565 238 571 .
308 519 387 593 (17)
407 518 485 581 ltem
507 536 603 599 super
618 515 772 579 dicatores
790 514 1015 587 calusinarum,
1038 513 1089 575 uel
1103 531 1256 595 procura·

227 628 352 694 ciouum
373 637 425 691 aut
440 630 650 691 descensuum
673 627 811 690 exhibita
833 626 1063 698 satisfactione,
1085 625 1184 687 banus
1198 625 1256 687 de·

225 761 373 806 scensum
387 741 492 803 iacere
507 758 570 801 non
586 739 690 812 debet,
705 739 764 801 nisi
775 739 854 800 iusta
866 756 960 799 causa
973 737 1061 818 regni
1073 745 1105 797 et
1115 736 1254 818 legitime

225 851 418 916 imminente.
448 860 480 914 et
503 851 626 913 nobiles
647 870 684 913 ac
704 850 907 932 iobbagiones
934 857 1108 911 castrorum
1132 850 1172 912 de
1199 849 1256 910 de-

226 963 387 1029 scensibus
402 964 474 1026 bani
488 963 606 1025 debent
621 981 721 1043 usque
737 961 804 1023 dies
817 982 843 1023 s.
854 960 977 1023 Martini
993 961 1095 1022 modis
1110 962 1256 1023 omnihus

227 1077 377 1159 expediri.

309 1188 388 1263 (¹8)
409 1188 487 1250 ltem
508 1186 618 1269 siquis
640 1185 672 1248 in
686 1184 841 1247 soluendo
858 1184 1070 1257 mardurinas,
1091 1184 1255 1247 collectam

227 1308 347 1383 septem
362 1299 578 1372 denariorum,
600 1298 714 1360 iudicia
730 1296 942 1368 exercitualia,
965 1295 1015 1358 uel
1030 1297 1127 1357 eciam
1142 1295 1257 1357 collec-

226 1419 290 1476 tam
305 1430 367 1492 qne
390 1409 422 1471 io
443 1430 542 1492 regno
560 1409 628 1472 fieri
648 1407 825 1490 continget,
846 1428 903 1470 seu
918 1407 1033 1469 iudicia
1055 1407 1087 1469 in
1102 1406 1216 1488 quibus
1230 1408 1257 1469 si

228 1522 391 1588 conuictus
413 1528 581 1584 contumax
604 1521 756 1584 exstiterit
777 1528 808 1582 et
830 1520 967 1593 rebellis,
989 1539 1094 1583 comes
1109 1520 1258 1601 Zagrabi·

229 1630 313 1696 ensis
328 1633 379 1694 uel
391 1632 557 1694 Crisicusis
572 1652 644 1693 oum
659 1652 722 1693 uuo
738 1633 777 1694 de
793 1631 986 1693 coiudicibus
1001 1632 1059 1692 sibi
1075 1675 1200 1692 ......
1216 1631 1258 1695 ed

229 1745 417 1828 exigendum
440 1744 607 1825 procedet,
638 1750 776 1805 assumto
797 1763 904 1805 secum
931 1742 1109 1805 testimonio
1131 1743 1257 1825 capituli

228 1855 448 1939 Zagrabiensis
471 1855 522 1917 uel
536 1855 739 1929 Csasmeusis,
760 1875 818 1937 pro
841 1875 879 1918 eo
901 1876 940 1917 ne
962 1855 1033 1938 plus
1053 1855 1136 1917 iusto
1150 1856 1257 1919 debito

230 1966 383 2050 exigatur.

312 2079 390 2153 (19)
411 2077 451 2139 Et
470 2077 503 2138 in
525 2096 677 2159 processu
698 2098 756 2140 suo
775 2097 872 2159 super
893 2078 1030 2159 aliquem
1053 2079 1190 2140 nobilem
1206 2078 1258 2141 uel

229 2189 450 2273 iobbagionem
462 2189 554 2251 castri
568 2189 754 2252 descensum
769 2189 874 2253 fecere
890 2210 952 2251 non
969 2189 1111 2263 debebit,
1133 2191 1189 2252 sed
1205 2211 1260 2253 ex·

229 2320 344 2384 pensas
360 2320 438 2384 quas
458 2301 569 2362 fecerit
589 2301 829 2373 descendendo,
851 2300 890 2362 de
910 2301 1000 2362 bortis
1015 2300 1116 2362 eciam
1130 2302 1263 2383 recipiet

230 2413 433 2481 contumacis.

315 2525 394 2599 (20)
416 2524 547 2604 Insuper
563 2523 717 2596 uolumus,
738 2525 797 2586 sub
812 2525 940 2587 silencio
955 2545 1048 2605 pene,
1071 2527 1156 2607 quod
1173 2527 1262 2589 nobi·

229 2633 276 2697 les
287 2635 319 2695 in
329 2635 459 2717 Zagoria
472 2642 503 2698 et
514 2634 581 2696 aliis
594 2635 791 2696 comitatibus
806 2635 969 2708 similibus,
981 2657 1019 2698 eo
1036 2637 1087 2698 die
1102 2646 1195 2718 prout
1210 2638 1262 2698 alii

232 2745 419 2818 descensum
439 2745 514 2806 dare
536 2765 599 2806 non
623 2754 802 2818 tencantur,
825 2766 882 2809 nec
902 2749 970 2810 eius
989 2749 1114 2812 adstare
1137 2750 1262 2823 iudicio,

232 2855 289 2918 sed
305 2856 404 2916 banus
419 2875 473 2917 eos
488 2856 637 2919 iudicabit
655 2877 714 2937 pro
730 2866 870 2937 temporo
887 2859 1083 2922 constitutos.

316 2967 398 3040 (21)
421 2966 501 3028 Saue
518 2966 701 3029 collectores
717 2970 816 3029 eciam
839 2972 1091 3033 mardurinorum
1113 2994 1174 3035 non
1192 2996 1262 3036 cum

233 3076 372 3160 pluribus
393 3079 565 3159 procedere
589 3079 743 3153 debeant,
768 3080 825 3141 uisi
845 3101 915 3143 cuin
937 3083 1104 3146 duodecim
1129 3085 1263 3146 homini-

232 3189 308 3262 bus,
331 3189 485 3253 habentes
502 3190 572 3252 XlV
588 3211 704 3271 equos,
727 3202 758 3255 et
777 3213 840 3254 non
858 3193 974 3275 plures.
1001 3197 1115 3278 quibus
1134 3198 1262 3279 quidem

233 3300 273 3363 de
287 3301 427 3383 qualibet
444 3301 628 3364 condicione
648 3323 707 3384 pro
723 3303 907 3368 uictualibus
924 3307 1130 3370 administrari
1150 3310 1264 3372 debeat

234 3433 385 3487 muua,
405 3434 461 3476 seu
477 3413 608 3496 gallina,
630 3434 724 3478 auser
738 3436 838 3489 unus,
861 3418 989 3501 quatrio
1004 3420 1106 3481 euboli
1123 3421 1162 3482 de
1180 3422 1264 3495 uino,

233 3543 304 3587 cum
319 3525 433 3587 eubulo
449 3525 514 3586 toni
532 3526 705 3607 palmarum
722 3527 789 3590 Xll.
817 3529 923 3591 cubuli
940 3530 978 3591 de
995 3530 1109 3611 pabulo
1125 3552 1195 3592 curn
1211 3552 1266 3593 cu-

231 3634 307 3697 hulo
321 3645 455 3716 quatuor
471 3637 641 3718 palmarum
663 3645 695 3699 et
717 3657 779 3699 non
803 3631 900 3712 ultra,
921 3649 1014 3720 prout
1035 3639 1133 3701 felicis
1157 3662 1264 3701 recor·

233 3745 372 3809 ducionis
384 3747 502 3809 domini
518 3747 616 3811 nostri
632 3748 759 3812 illustris
775 3751 857 3832 regis
869 3751 942 3813 Bele
957 3750 989 3812 in
1004 3750 1172 3832 priuilegio
1189 3772 1266 3815 con-

233 3853 359 3918 tinctor.

318 3969 397 4043 (22)
420 3966 609 4034 Collectores
633 3980 737 4035 autem
757 3980 879 4055 septem
902 3972 1101 4035 denariorum
1120 3976 1170 4038 uel
1185 3977 1267 4040 iudi-

234 4077 354 4143 ciorum
367 4081 535 4155 exercitus,
549 4083 588 4146 de
603 4084 771 4149 medietate
787 4085 946 4148 habebunt
961 4087 1131 4152 descensus
1147 4111 1267 4152 memo-

220 4190 305 4256 rati.
332 4192 469 4290 dictique
484 4193 667 4261 collectores
687 4199 940 4263 mardurinerum
959 4198 1100 4265 incuriis
1115 4203 1266 4268 nobilium
