<?xml version="1.0" encoding="UTF-8"?>
<!DOCTYPE html PUBLIC "-//W3C//DTD XHTML 1.0 Transitional//EN"
    "http://www.w3.org/TR/xhtml1/DTD/xhtml1-transitional.dtd">
<html xmlns="http://www.w3.org/1999/xhtml" xml:lang="en" lang="en">
 <head>
  <title>
</title>
<meta http-equiv="Content-Type" content="text/html;charset=utf-8" />
  <meta name='ocr-system' content='tesseract 3.04.00' />
  <meta name='ocr-capabilities' content='ocr_page ocr_carea ocr_par ocr_line ocrx_word'/>
</head>
<body>
  <div class='ocr_page' id='page_1' title='image "./rerumhungaricar00endlgoog/rerumhungaricar00endlgoog_0535.png"; bbox 0 0 2798 4764; ppageno 0'>
   <div class='ocr_carea' id='block_1_1' title="bbox 546 974 960 1065">
    <p class='ocr_par' dir='ltr' id='par_1_1' title="bbox 546 974 960 1065">
     <span class='ocr_line' id='line_1_1' title="bbox 546 974 960 1065; baseline -0.007 -2"><span class='ocrx_word' id='word_1_1' title='bbox 546 977 749 1065; x_wconf 73' lang='lat' dir='ltr'><strong>sutum</strong></span> <span class='ocrx_word' id='word_1_2' title='bbox 774 977 814 1062; x_wconf 80' lang='lat' dir='ltr'><strong>V.</strong></span> <span class='ocrx_word' id='word_1_3' title='bbox 839 974 960 1060; x_wconf 79' lang='lat' dir='ltr'><strong>tuuis</strong></span> 
     </span>
    </p>
   </div>
   <div class='ocr_carea' id='block_1_2' title="bbox 204 1163 1216 1388">
    <p class='ocr_par' dir='ltr' id='par_1_2' title="bbox 204 1163 1216 1388">
     <span class='ocr_line' id='line_1_2' title="bbox 204 1163 1216 1263; baseline -0.01 -16"><span class='ocrx_word' id='word_1_4' title='bbox 204 1234 210 1247; x_wconf 92' lang='lat'><strong><em>.</em></strong></span> <span class='ocrx_word' id='word_1_5' title='bbox 287 1169 551 1263; x_wconf 73' lang='lat' dir='ltr'><strong>LIBERTAS</strong></span> <span class='ocrx_word' id='word_1_6' title='bbox 584 1166 860 1245; x_wconf 67' lang='lat' dir='ltr'><strong>nosplwnt</strong></span> <span class='ocrx_word' id='word_1_7' title='bbox 886 1167 957 1240; x_wconf 75' lang='lat' dir='ltr'><strong>nu}</strong></span> <span class='ocrx_word' id='word_1_8' title='bbox 983 1163 1216 1239; x_wconf 68' lang='lat' dir='ltr'><strong>innituit).</strong></span> 
     </span>
     <span class='ocr_line' id='line_1_3' title="bbox 652 1323 847 1388; baseline -0.015 0"><span class='ocrx_word' id='word_1_9' title='bbox 652 1323 847 1388; x_wconf 79' lang='lat' dir='ltr'><strong>uccnxxr.</strong></span> 
     </span>
    </p>
   </div>
   <div class='ocr_carea' id='block_1_3' title="bbox 558 1493 946 1562">
    <p class='ocr_par' dir='ltr' id='par_1_3' title="bbox 558 1493 946 1562">
     <span class='ocr_line' id='line_1_4' title="bbox 558 1493 946 1562; baseline -0.013 -12"><span class='ocrx_word' id='word_1_10' title='bbox 558 1497 582 1550; x_wconf 77' lang='lat' dir='ltr'>B</span> <span class='ocrx_word' id='word_1_11' title='bbox 601 1495 749 1548; x_wconf 77' lang='lat' dir='ltr'><strong>meminus</strong></span> <span class='ocrx_word' id='word_1_12' title='bbox 765 1493 946 1562; x_wconf 71' lang='lat' dir='ltr'><strong>protogrrphst</strong></span> 
     </span>
    </p>
   </div>
   <div class='ocr_carea' id='block_1_4' title="bbox 234 1801 1273 2337">
    <p class='ocr_par' dir='ltr' id='par_1_4' title="bbox 234 1801 1273 2337">
     <span class='ocr_line' id='line_1_5' title="bbox 322 1801 1271 1887; baseline -0.004 -20"><span class='ocrx_word' id='word_1_13' title='bbox 322 1804 499 1887; x_wconf 77' lang='lat' dir='ltr'><strong>Stephanus</strong></span> <span class='ocrx_word' id='word_1_14' title='bbox 525 1804 576 1869; x_wconf 82' lang='lat' dir='ltr'><strong>dei</strong></span> <span class='ocrx_word' id='word_1_15' title='bbox 600 1803 705 1887; x_wconf 76' lang='lat' dir='ltr'><strong>grecia</strong></span> <span class='ocrx_word' id='word_1_16' title='bbox 728 1803 905 1886; x_wconf 79' lang='lat' dir='ltr'><strong>Hungerie,</strong></span> <span class='ocrx_word' id='word_1_17' title='bbox 925 1802 1099 1877; x_wconf 80' lang='lat' dir='ltr'><strong>Delmecie,</strong></span> <span class='ocrx_word' id='word_1_18' title='bbox 1121 1801 1271 1876; x_wconf 79' lang='lat' dir='ltr'><strong>Croucie,</strong></span> 
     </span>
     <span class='ocr_line' id='line_1_6' title="bbox 234 1912 1273 1995; baseline -0.007 -14"><span class='ocrx_word' id='word_1_19' title='bbox 234 1915 353 1989; x_wconf 82' lang='lat' dir='ltr'><strong>-lisme,</strong></span> <span class='ocrx_word' id='word_1_20' title='bbox 373 1916 499 1989; x_wconf 82' lang='lat' dir='ltr'><strong>Seruio,</strong></span> <span class='ocrx_word' id='word_1_21' title='bbox 524 1913 671 1988; x_wconf 73' lang='lat' dir='ltr'><strong>Gallicis,</strong></span> <span class='ocrx_word' id='word_1_22' title='bbox 696 1912 900 1988; x_wconf 83' lang='lat' dir='ltr'><strong>Lodomerie,</strong></span> <span class='ocrx_word' id='word_1_23' title='bbox 923 1913 1089 1987; x_wconf 85' lang='lat' dir='ltr'><strong>Comenie,</strong></span> <span class='ocrx_word' id='word_1_24' title='bbox 1109 1913 1273 1995; x_wconf 73' lang='lat' dir='ltr'><strong>uulgaris-</strong></span> 
     </span>
     <span class='ocr_line' id='line_1_7' title="bbox 237 2024 1272 2113; baseline -0.005 -21"><span class='ocrx_word' id='word_1_25' title='bbox 237 2046 304 2113; x_wconf 77' lang='lat' dir='ltr'><strong>que</strong></span> <span class='ocrx_word' id='word_1_26' title='bbox 317 2047 388 2102; x_wconf 81' lang='lat' dir='ltr'><strong>rex,</strong></span> <span class='ocrx_word' id='word_1_27' title='bbox 402 2025 547 2090; x_wconf 86' lang='lat' dir='ltr'><strong>omnihus</strong></span> <span class='ocrx_word' id='word_1_28' title='bbox 561 2024 675 2090; x_wconf 79' lang='lat' dir='ltr'><strong>Christi</strong></span> <span class='ocrx_word' id='word_1_29' title='bbox 688 2025 833 2090; x_wconf 84' lang='lat' dir='ltr'><strong>fidelihus</strong></span> <span class='ocrx_word' id='word_1_30' title='bbox 850 2033 1011 2107; x_wconf 71' lang='lat' dir='ltr'>presentes</span> <span class='ocrx_word' id='word_1_31' title='bbox 1026 2025 1131 2088; x_wconf 77' lang='lat' dir='ltr'><strong>literas</strong></span> <span class='ocrx_word' id='word_1_32' title='bbox 1145 2025 1272 2107; x_wconf 88' lang='lat' dir='ltr'><strong>inspee-</strong></span> 
     </span>
     <span class='ocr_line' id='line_1_8' title="bbox 236 2135 1271 2215; baseline -0.007 -11"><span class='ocrx_word' id='word_1_33' title='bbox 236 2140 333 2215; x_wconf 76' lang='lat' dir='ltr'><strong>tnris,</strong></span> <span class='ocrx_word' id='word_1_34' title='bbox 359 2139 493 2203; x_wconf 74' lang='lat' dir='ltr'><strong>salutem</strong></span> <span class='ocrx_word' id='word_1_35' title='bbox 511 2138 546 2202; x_wconf 90' lang='lat' dir='ltr'><strong>in</strong></span> <span class='ocrx_word' id='word_1_36' title='bbox 565 2139 706 2202; x_wconf 86' lang='lat' dir='ltr'><strong>omnium</strong></span> <span class='ocrx_word' id='word_1_37' title='bbox 726 2137 891 2201; x_wconf 85' lang='lat' dir='ltr'><strong>seluetore.</strong></span> <span class='ocrx_word' id='word_1_38' title='bbox 917 2137 998 2199; x_wconf 91' lang='lat' dir='ltr'><strong>sicut</strong></span> <span class='ocrx_word' id='word_1_39' title='bbox 1019 2137 1050 2198; x_wconf 93' lang='lat' dir='ltr'><strong>in</strong></span> <span class='ocrx_word' id='word_1_40' title='bbox 1071 2135 1271 2200; x_wconf 82' lang='lat' dir='ltr'><strong>multitudine</strong></span> 
     </span>
     <span class='ocr_line' id='line_1_9' title="bbox 237 2248 1270 2337; baseline -0.003 -22"><span class='ocrx_word' id='word_1_41' title='bbox 237 2253 343 2337; x_wconf 60' lang='lat' dir='ltr'><strong>gentis</strong></span> <span class='ocrx_word' id='word_1_42' title='bbox 357 2271 468 2333; x_wconf 81' lang='lat' dir='ltr'><strong>regum</strong></span> <span class='ocrx_word' id='word_1_43' title='bbox 481 2251 581 2333; x_wconf 71' lang='lat' dir='ltr'><strong>gloria</strong></span> <span class='ocrx_word' id='word_1_44' title='bbox 594 2259 628 2314; x_wconf 88' lang='lat' dir='ltr'><strong>et</strong></span> <span class='ocrx_word' id='word_1_45' title='bbox 640 2250 743 2315; x_wconf 87' lang='lat' dir='ltr'><strong>honor</strong></span> <span class='ocrx_word' id='word_1_46' title='bbox 756 2248 926 2313; x_wconf 78' lang='lat' dir='ltr'><strong>attenditur</strong></span> <span class='ocrx_word' id='word_1_47' title='bbox 940 2249 972 2310; x_wconf 88' lang='lat' dir='ltr'><strong>in</strong></span> <span class='ocrx_word' id='word_1_48' title='bbox 986 2249 1201 2332; x_wconf 74' lang='lat' dir='ltr'><strong>gubernendo,</strong></span> <span class='ocrx_word' id='word_1_49' title='bbox 1222 2248 1270 2312; x_wconf 86' lang='lat' dir='ltr'><strong>sic</strong></span> 
     </span>
    </p>
   </div>
   <div class='ocr_carea' id='block_1_5' title="bbox 173 2361 1274 4226">
    <p class='ocr_par' dir='ltr' id='par_1_5' title="bbox 173 2361 1272 3886">
     <span class='ocr_line' id='line_1_10' title="bbox 238 2361 1272 2446; baseline -0.005 -17"><span class='ocrx_word' id='word_1_50' title='bbox 238 2363 585 2429; x_wconf 80' lang='lat' dir='ltr'><strong>iuoouoeruueienihue</strong></span> <span class='ocrx_word' id='word_1_51' title='bbox 605 2363 820 2426; x_wconf 79' lang='lat' dir='ltr'><strong>municionum</strong></span> <span class='ocrx_word' id='word_1_52' title='bbox 840 2362 929 2446; x_wconf 75' lang='lat' dir='ltr'><strong>regui</strong></span> <span class='ocrx_word' id='word_1_53' title='bbox 951 2361 1095 2424; x_wconf 79' lang='lat' dir='ltr'><strong>defensio</strong></span> <span class='ocrx_word' id='word_1_54' title='bbox 1116 2370 1148 2424; x_wconf 88' lang='lat' dir='ltr'><strong>et</strong></span> <span class='ocrx_word' id='word_1_55' title='bbox 1161 2361 1272 2424; x_wconf 87' lang='lat' dir='ltr'><strong>suhdi-</strong></span> 
     </span>
     <span class='ocr_line' id='line_1_11' title="bbox 238 2472 1270 2558; baseline -0.004 -18"><span class='ocrx_word' id='word_1_56' title='bbox 238 2484 344 2540; x_wconf 90' lang='lat' dir='ltr'><strong>torum</strong></span> <span class='ocrx_word' id='word_1_57' title='bbox 363 2475 527 2558; x_wconf 74' lang='lat' dir='ltr'><strong>multiplex</strong></span> <span class='ocrx_word' id='word_1_58' title='bbox 550 2473 750 2539; x_wconf 86' lang='lat' dir='ltr'><strong>commodum</strong></span> <span class='ocrx_word' id='word_1_59' title='bbox 770 2480 968 2555; x_wconf 81' lang='lat' dir='ltr'><strong>procuretur.</strong></span> <span class='ocrx_word' id='word_1_60' title='bbox 995 2472 1070 2535; x_wconf 91' lang='lat' dir='ltr'><strong>hinc</strong></span> <span class='ocrx_word' id='word_1_61' title='bbox 1092 2483 1154 2546; x_wconf 89' lang='lat' dir='ltr'><strong>est,</strong></span> <span class='ocrx_word' id='word_1_62' title='bbox 1182 2474 1270 2556; x_wconf 86' lang='lat' dir='ltr'><strong>quod</strong></span> 
     </span>
     <span class='ocr_line' id='line_1_12' title="bbox 240 2584 1270 2666; baseline -0.004 -16"><span class='ocrx_word' id='word_1_63' title='bbox 240 2586 280 2650; x_wconf 78' lang='lat' dir='ltr'><strong>nd</strong></span> <span class='ocrx_word' id='word_1_64' title='bbox 302 2588 523 2649; x_wconf 83' lang='lat' dir='ltr'><strong>uniuersorum</strong></span> <span class='ocrx_word' id='word_1_65' title='bbox 546 2584 693 2648; x_wconf 78' lang='lat' dir='ltr'><strong>noticiam</strong></span> <span class='ocrx_word' id='word_1_66' title='bbox 717 2595 779 2648; x_wconf 88' lang='lat' dir='ltr'><strong>tem</strong></span> <span class='ocrx_word' id='word_1_67' title='bbox 802 2585 997 2666; x_wconf 82' lang='lat' dir='ltr'><strong>presencium</strong></span> <span class='ocrx_word' id='word_1_68' title='bbox 1013 2603 1106 2666; x_wconf 84' lang='lat' dir='ltr'><strong>quem</strong></span> <span class='ocrx_word' id='word_1_69' title='bbox 1125 2594 1270 2665; x_wconf 87' lang='lat' dir='ltr'><strong>posteru-</strong></span> 
     </span>
     <span class='ocr_line' id='line_1_13' title="bbox 239 2694 1271 2778; baseline -0.001 -19"><span class='ocrx_word' id='word_1_70' title='bbox 239 2716 327 2771; x_wconf 86' lang='lat' dir='ltr'><strong>rum,</strong></span> <span class='ocrx_word' id='word_1_71' title='bbox 349 2696 462 2758; x_wconf 82' lang='lat' dir='ltr'><strong>horum</strong></span> <span class='ocrx_word' id='word_1_72' title='bbox 476 2695 558 2758; x_wconf 89' lang='lat' dir='ltr'><strong>serie</strong></span> <span class='ocrx_word' id='word_1_73' title='bbox 574 2694 731 2758; x_wconf 89' lang='lat' dir='ltr'><strong>uoluimus</strong></span> <span class='ocrx_word' id='word_1_74' title='bbox 754 2696 940 2777; x_wconf 86' lang='lat' dir='ltr'><strong>peruenire:</strong></span> <span class='ocrx_word' id='word_1_75' title='bbox 961 2695 1116 2778; x_wconf 82' lang='lat' dir='ltr'><strong>placuisse</strong></span> <span class='ocrx_word' id='word_1_76' title='bbox 1132 2696 1222 2758; x_wconf 85' lang='lat' dir='ltr'><strong>nobis</strong></span> <span class='ocrx_word' id='word_1_77' title='bbox 1238 2705 1271 2759; x_wconf 88' lang='lat' dir='ltr'><strong>et</strong></span> 
     </span>
     <span class='ocr_line' id='line_1_14' title="bbox 239 2805 1269 2891; baseline 0.002 -24"><span class='ocrx_word' id='word_1_78' title='bbox 239 2805 358 2891; x_wconf 80' lang='lat' dir='ltr'><strong>placet,</strong></span> <span class='ocrx_word' id='word_1_79' title='bbox 379 2806 519 2888; x_wconf 75' lang='lat' dir='ltr'><strong>hospites</strong></span> <span class='ocrx_word' id='word_1_80' title='bbox 534 2815 657 2868; x_wconf 89' lang='lat' dir='ltr'><strong>nostros</strong></span> <span class='ocrx_word' id='word_1_81' title='bbox 673 2807 712 2868; x_wconf 90' lang='lat' dir='ltr'><strong>de</strong></span> <span class='ocrx_word' id='word_1_82' title='bbox 728 2805 853 2868; x_wconf 79' lang='lat' dir='ltr'><strong>laurino</strong></span> <span class='ocrx_word' id='word_1_83' title='bbox 875 2807 914 2868; x_wconf 87' lang='lat' dir='ltr'><strong>ad</strong></span> <span class='ocrx_word' id='word_1_84' title='bbox 938 2816 1074 2871; x_wconf 79' lang='lat' dir='ltr'><strong>castrum</strong></span> <span class='ocrx_word' id='word_1_85' title='bbox 1096 2807 1269 2870; x_wconf 79' lang='lat' dir='ltr'><strong>transferre</strong></span> 
     </span>
     <span class='ocr_line' id='line_1_15' title="bbox 239 2918 1272 3000; baseline 0.002 -20"><span class='ocrx_word' id='word_1_86' title='bbox 239 2918 421 2989; x_wconf 77' lang='lat' dir='ltr'><strong>lensiense,</strong></span> <span class='ocrx_word' id='word_1_87' title='bbox 442 2936 664 2998; x_wconf 81' lang='lat' dir='ltr'><strong>permansuros</strong></span> <span class='ocrx_word' id='word_1_88' title='bbox 680 2918 719 2980; x_wconf 89' lang='lat' dir='ltr'><strong>de</strong></span> <span class='ocrx_word' id='word_1_89' title='bbox 734 2926 841 2982; x_wconf 88' lang='lat' dir='ltr'><strong>cetero</strong></span> <span class='ocrx_word' id='word_1_90' title='bbox 854 2918 886 2979; x_wconf 92' lang='lat' dir='ltr'><strong>in</strong></span> <span class='ocrx_word' id='word_1_91' title='bbox 900 2918 969 3000; x_wconf 89' lang='lat' dir='ltr'><strong>ipso</strong></span> <span class='ocrx_word' id='word_1_92' title='bbox 983 2926 1102 2992; x_wconf 78' lang='lat' dir='ltr'><strong>cestro,</strong></span> <span class='ocrx_word' id='word_1_93' title='bbox 1124 2919 1156 2980; x_wconf 91' lang='lat' dir='ltr'><strong>in</strong></span> <span class='ocrx_word' id='word_1_94' title='bbox 1171 2918 1222 2980; x_wconf 84' lang='lat' dir='ltr'><strong>illu</strong></span> <span class='ocrx_word' id='word_1_95' title='bbox 1239 2927 1272 2982; x_wconf 92' lang='lat' dir='ltr'><strong>et</strong></span> 
     </span>
     <span class='ocr_line' id='line_1_16' title="bbox 243 3025 1271 3113; baseline -0.001 -20"><span class='ocrx_word' id='word_1_96' title='bbox 243 3029 355 3093; x_wconf 84' lang='lat' dir='ltr'><strong>endem</strong></span> <span class='ocrx_word' id='word_1_97' title='bbox 369 3025 524 3101; x_wconf 81' lang='lat' dir='ltr'><strong>libertate,</strong></span> <span class='ocrx_word' id='word_1_98' title='bbox 542 3048 604 3111; x_wconf 84' lang='lat' dir='ltr'><strong>qua</strong></span> <span class='ocrx_word' id='word_1_99' title='bbox 619 3028 705 3091; x_wconf 90' lang='lat' dir='ltr'><strong>ciues</strong></span> <span class='ocrx_word' id='word_1_100' title='bbox 720 3037 751 3091; x_wconf 87' lang='lat' dir='ltr'><strong>et</strong></span> <span class='ocrx_word' id='word_1_101' title='bbox 765 3028 905 3111; x_wconf 87' lang='lat' dir='ltr'><strong>hospites</strong></span> <span class='ocrx_word' id='word_1_102' title='bbox 920 3031 1017 3092; x_wconf 89' lang='lat' dir='ltr'><strong>nostri</strong></span> <span class='ocrx_word' id='word_1_103' title='bbox 1031 3031 1184 3092; x_wconf 80' lang='lat' dir='ltr'><strong>Albenses</strong></span> <span class='ocrx_word' id='word_1_104' title='bbox 1198 3050 1271 3113; x_wconf 78' lang='lat' dir='ltr'><strong>gre-</strong></span> 
     </span>
     <span class='ocr_line' id='line_1_17' title="bbox 240 3139 1272 3223; baseline -0.002 -18"><span class='ocrx_word' id='word_1_105' title='bbox 240 3140 390 3214; x_wconf 80' lang='lat' dir='ltr'><strong>tulrntur,</strong></span> <span class='ocrx_word' id='word_1_106' title='bbox 411 3149 553 3203; x_wconf 81' lang='lat' dir='ltr'><strong>exemtos</strong></span> <span class='ocrx_word' id='word_1_107' title='bbox 567 3139 768 3204; x_wconf 87' lang='lat' dir='ltr'><strong>nihilominus</strong></span> <span class='ocrx_word' id='word_1_108' title='bbox 790 3141 948 3216; x_wconf 81' lang='lat' dir='ltr'><strong>niudicio,</strong></span> <span class='ocrx_word' id='word_1_109' title='bbox 968 3141 1192 3215; x_wconf 87' lang='lat' dir='ltr'><strong>iurisdictione,</strong></span> <span class='ocrx_word' id='word_1_110' title='bbox 1212 3162 1272 3223; x_wconf 93' lang='lat' dir='ltr'><strong>po·</strong></span> 
     </span>
     <span class='ocr_line' id='line_1_18' title="bbox 239 3250 1271 3328; baseline -0.001 -10"><span class='ocrx_word' id='word_1_111' title='bbox 239 3261 354 3319; x_wconf 79' lang='lat' dir='ltr'><strong>testate</strong></span> <span class='ocrx_word' id='word_1_112' title='bbox 377 3260 409 3316; x_wconf 91' lang='lat' dir='ltr'><strong>et</strong></span> <span class='ocrx_word' id='word_1_113' title='bbox 431 3250 570 3314; x_wconf 82' lang='lat' dir='ltr'><strong>iudicatu</strong></span> <span class='ocrx_word' id='word_1_114' title='bbox 594 3254 717 3318; x_wconf 87' lang='lat' dir='ltr'><strong>comitis</strong></span> <span class='ocrx_word' id='word_1_115' title='bbox 740 3253 923 3328; x_wconf 75' lang='lat' dir='ltr'><strong>lentiensis,</strong></span> <span class='ocrx_word' id='word_1_116' title='bbox 951 3263 983 3317; x_wconf 90' lang='lat' dir='ltr'><strong>et</strong></span> <span class='ocrx_word' id='word_1_117' title='bbox 1002 3254 1125 3316; x_wconf 85' lang='lat' dir='ltr'><strong>curialis</strong></span> <span class='ocrx_word' id='word_1_118' title='bbox 1146 3254 1271 3318; x_wconf 89' lang='lat' dir='ltr'><strong>comitis</strong></span> 
     </span>
     <span class='ocr_line' id='line_1_19' title="bbox 241 3363 1061 3447; baseline -0.004 -18"><span class='ocrx_word' id='word_1_119' title='bbox 241 3363 291 3429; x_wconf 76' lang='lat' dir='ltr'><strong>sui</strong></span> <span class='ocrx_word' id='word_1_120' title='bbox 304 3371 459 3447; x_wconf 89' lang='lat' dir='ltr'><strong>perpetuo</strong></span> <span class='ocrx_word' id='word_1_121' title='bbox 473 3371 505 3426; x_wconf 90' lang='lat' dir='ltr'><strong>et</strong></span> <span class='ocrx_word' id='word_1_122' title='bbox 519 3364 634 3444; x_wconf 81' lang='lat' dir='ltr'><strong>puriter</strong></span> <span class='ocrx_word' id='word_1_123' title='bbox 648 3364 822 3447; x_wconf 82' lang='lat' dir='ltr'><strong>expeditos,</strong></span> <span class='ocrx_word' id='word_1_124' title='bbox 843 3367 886 3427; x_wconf 81' lang='lat' dir='ltr'><strong>its</strong></span> <span class='ocrx_word' id='word_1_125' title='bbox 900 3365 1061 3428; x_wconf 88' lang='lat' dir='ltr'><strong>uidelicet:</strong></span> 
     </span>
     <span class='ocr_line' id='line_1_20' title="bbox 228 3474 1272 3558; baseline 0.003 -21"><span class='ocrx_word' id='word_1_126' title='bbox 228 3514 231 3520; x_wconf 94' lang='lat'><em>-</em></span> <span class='ocrx_word' id='word_1_127' title='bbox 327 3477 385 3550; x_wconf 84' lang='lat' dir='ltr'><strong>(l)</strong></span> <span class='ocrx_word' id='word_1_128' title='bbox 408 3475 494 3558; x_wconf 90' lang='lat' dir='ltr'><strong>quud</strong></span> <span class='ocrx_word' id='word_1_129' title='bbox 516 3474 653 3537; x_wconf 87' lang='lat' dir='ltr'><strong>uillicum</strong></span> <span class='ocrx_word' id='word_1_130' title='bbox 674 3496 767 3558; x_wconf 89' lang='lat' dir='ltr'><strong>quem</strong></span> <span class='ocrx_word' id='word_1_131' title='bbox 791 3478 830 3539; x_wconf 89' lang='lat' dir='ltr'><strong>de</strong></span> <span class='ocrx_word' id='word_1_132' title='bbox 850 3487 953 3539; x_wconf 84' lang='lat' dir='ltr'><strong>cestro</strong></span> <span class='ocrx_word' id='word_1_133' title='bbox 976 3476 1134 3539; x_wconf 84' lang='lat' dir='ltr'><strong>uolueriut</strong></span> <span class='ocrx_word' id='word_1_134' title='bbox 1154 3477 1272 3558; x_wconf 76' lang='lat' dir='ltr'><strong>eligent</strong></span> 
     </span>
     <span class='ocr_line' id='line_1_21' title="bbox 241 3585 1272 3671; baseline 0.003 -23"><span class='ocrx_word' id='word_1_135' title='bbox 241 3586 325 3648; x_wconf 84' lang='lat' dir='ltr'><strong>iuter</strong></span> <span class='ocrx_word' id='word_1_136' title='bbox 341 3604 392 3657; x_wconf 85' lang='lat' dir='ltr'><strong>se,</strong></span> <span class='ocrx_word' id='word_1_137' title='bbox 415 3606 509 3666; x_wconf 88' lang='lat' dir='ltr'><strong>quern</strong></span> <span class='ocrx_word' id='word_1_138' title='bbox 532 3585 666 3648; x_wconf 88' lang='lat' dir='ltr'><strong>electum</strong></span> <span class='ocrx_word' id='word_1_139' title='bbox 688 3588 778 3650; x_wconf 88' lang='lat' dir='ltr'><strong>nohis</strong></span> <span class='ocrx_word' id='word_1_140' title='bbox 799 3591 1042 3671; x_wconf 80' lang='lat' dir='ltr'><strong>presentehunt,</strong></span> <span class='ocrx_word' id='word_1_141' title='bbox 1065 3597 1096 3650; x_wconf 90' lang='lat' dir='ltr'><strong>et</strong></span> <span class='ocrx_word' id='word_1_142' title='bbox 1116 3608 1173 3651; x_wconf 91' lang='lat' dir='ltr'><strong>nos</strong></span> <span class='ocrx_word' id='word_1_143' title='bbox 1193 3589 1272 3670; x_wconf 89' lang='lat' dir='ltr'><strong>ipsis</strong></span> 
     </span>
     <span class='ocr_line' id='line_1_22' title="bbox 244 3694 1272 3784; baseline 0.008 -28"><span class='ocrx_word' id='word_1_144' title='bbox 244 3694 515 3769; x_wconf 85' lang='lat' dir='ltr'><strong>conlirmuhimue,</strong></span> <span class='ocrx_word' id='word_1_145' title='bbox 543 3697 596 3777; x_wconf 90' lang='lat' dir='ltr'><strong>qui</strong></span> <span class='ocrx_word' id='word_1_146' title='bbox 616 3718 727 3762; x_wconf 87' lang='lat' dir='ltr'><strong>omnes</strong></span> <span class='ocrx_word' id='word_1_147' title='bbox 749 3718 861 3761; x_wconf 81' lang='lat' dir='ltr'><strong>causus</strong></span> <span class='ocrx_word' id='word_1_148' title='bbox 883 3701 1021 3784; x_wconf 87' lang='lat' dir='ltr'><strong>ipsorum</strong></span> <span class='ocrx_word' id='word_1_149' title='bbox 1044 3709 1108 3762; x_wconf 85' lang='lat' dir='ltr'><strong>tum</strong></span> <span class='ocrx_word' id='word_1_150' title='bbox 1134 3700 1272 3764; x_wconf 84' lang='lat' dir='ltr'><strong>maiores</strong></span> 
     </span>
     <span class='ocr_line' id='line_1_23' title="bbox 173 3805 679 3886; baseline 0.01 -19"><span class='ocrx_word' id='word_1_151' title='bbox 173 3854 175 3859; x_wconf 21' lang='lat' dir='ltr'><strong>s</strong></span> <span class='ocrx_word' id='word_1_152' title='bbox 244 3805 357 3868; x_wconf 81' lang='lat' dir='ltr'><strong>dehent</strong></span> <span class='ocrx_word' id='word_1_153' title='bbox 371 3814 403 3868; x_wconf 89' lang='lat' dir='ltr'><strong>et</strong></span> <span class='ocrx_word' id='word_1_154' title='bbox 417 3807 516 3886; x_wconf 87' lang='lat' dir='ltr'><strong>possit</strong></span> <span class='ocrx_word' id='word_1_155' title='bbox 530 3806 679 3872; x_wconf 81' lang='lat' dir='ltr'><strong>indicere.</strong></span> 
     </span>
    </p>

    <p class='ocr_par' dir='ltr' id='par_1_6' title="bbox 243 3917 1274 4226">
     <span class='ocr_line' id='line_1_24' title="bbox 327 3917 1273 4006; baseline 0.014 -30"><span class='ocrx_word' id='word_1_156' title='bbox 327 3917 383 3990; x_wconf 69' lang='grc' dir='ltr'><strong>(Ξ)</strong></span> <span class='ocrx_word' id='word_1_157' title='bbox 406 3924 437 3978; x_wconf 90' lang='lat' dir='ltr'><strong>et</strong></span> <span class='ocrx_word' id='word_1_158' title='bbox 456 3917 483 3979; x_wconf 89' lang='lat' dir='ltr'><strong>si</strong></span> <span class='ocrx_word' id='word_1_159' title='bbox 503 3917 587 3980; x_wconf 83' lang='lat' dir='ltr'><strong>idem</strong></span> <span class='ocrx_word' id='word_1_160' title='bbox 606 3918 728 3984; x_wconf 88' lang='lat' dir='ltr'><strong>uillicus</strong></span> <span class='ocrx_word' id='word_1_161' title='bbox 745 3921 897 3986; x_wconf 77' lang='lat' dir='ltr'><strong>iusticiam</strong></span> <span class='ocrx_word' id='word_1_162' title='bbox 915 3922 1151 4006; x_wconf 82' lang='lat' dir='ltr'><strong>querulantibus</strong></span> <span class='ocrx_word' id='word_1_163' title='bbox 1165 3923 1273 3989; x_wconf 85' lang='lat' dir='ltr'><strong>lucere</strong></span> 
     </span>
     <span class='ocr_line' id='line_1_25' title="bbox 243 4028 1274 4117; baseline 0.008 -26"><span class='ocrx_word' id='word_1_164' title='bbox 243 4035 413 4099; x_wconf 73' lang='lat' dir='ltr'><strong>recusaret,</strong></span> <span class='ocrx_word' id='word_1_165' title='bbox 426 4047 490 4090; x_wconf 92' lang='lat' dir='ltr'><strong>non</strong></span> <span class='ocrx_word' id='word_1_166' title='bbox 504 4028 653 4111; x_wconf 85' lang='lat' dir='ltr'><strong>hospites,</strong></span> <span class='ocrx_word' id='word_1_167' title='bbox 666 4032 723 4094; x_wconf 83' lang='lat' dir='ltr'><strong>sed</strong></span> <span class='ocrx_word' id='word_1_168' title='bbox 737 4031 860 4095; x_wconf 82' lang='lat' dir='ltr'><strong>uillicus</strong></span> <span class='ocrx_word' id='word_1_169' title='bbox 873 4033 915 4096; x_wconf 86' lang='lat' dir='ltr'><strong>ed</strong></span> <span class='ocrx_word' id='word_1_170' title='bbox 929 4042 1064 4097; x_wconf 83' lang='lat' dir='ltr'><strong>nostrum</strong></span> <span class='ocrx_word' id='word_1_171' title='bbox 1076 4035 1274 4117; x_wconf 80' lang='lat' dir='ltr'><strong>presencium</strong></span> 
     </span>
     <span class='ocr_line' id='line_1_26' title="bbox 245 4138 882 4226; baseline 0.005 -18"><span class='ocrx_word' id='word_1_172' title='bbox 245 4139 332 4208; x_wconf 79' lang='lat' dir='ltr'><strong>iuxta</strong></span> <span class='ocrx_word' id='word_1_173' title='bbox 344 4138 433 4226; x_wconf 76' lang='lat' dir='ltr'><strong>regui</strong></span> <span class='ocrx_word' id='word_1_174' title='bbox 447 4140 705 4207; x_wconf 82' lang='lat' dir='ltr'><strong>consuetudinem</strong></span> <span class='ocrx_word' id='word_1_175' title='bbox 721 4153 882 4211; x_wconf 83' lang='lat' dir='ltr'><strong>euocetur.</strong></span> 
     </span>
    </p>
   </div>
   <div class='ocr_carea' id='block_1_6' title="bbox 0 0 1412 4764">
    <p class='ocr_par' dir='ltr' id='par_1_7' title="bbox 0 0 1412 4764">
     <span class='ocr_line' id='line_1_27' title="bbox 0 0 1412 4764; baseline 0 0"><span class='ocrx_word' id='word_1_176' title='bbox 0 0 1412 4764; x_wconf 95' lang='lat' dir='ltr'><strong> </strong></span> 
     </span>
    </p>
   </div>
  </div>
 </body>
</html>
