2798 4764
204 355 269 424 hid
392 348 693 422 unsaros-sams
711 370 841 420 susarcr
860 370 949 421 oucss
962 351 1026 440 (dl

204 527 273 594 loca
287 526 321 590 in
336 525 449 611 quihus
464 525 565 590 sancti
579 524 739 590 dormiunt
751 523 913 602 lustraret,
933 525 1033 590 sicnhi
1045 526 1153 591 diuina
1166 548 1238 613 gra-

206 641 255 705 cia
286 648 467 704 sanctorum
490 637 718 702 intercessione
745 638 833 701 illum
860 639 1011 703 uisitaret.
1045 639 1107 704 hoc
1134 649 1241 706 autam

206 753 313 818 diuina
337 750 530 814 uisitacionis
556 749 680 834 signnm
702 750 801 825 foret,
830 751 986 834 siquando
1009 751 1108 815 lorica
1131 751 1240 817 fractis

207 863 349 928 cathenis
368 862 400 925 in
415 870 522 945 partos
536 859 719 944 paradisos,
740 867 773 924 et
786 868 871 924 carta
885 861 981 924 nichil
1000 862 1151 945 scriptum
1165 881 1243 927 con·

205 975 330 1041 tineret
358 973 468 1037 ahiens
483 993 559 1056 erqo
573 972 626 1035 ille
644 971 852 1055 plurimorum
875 972 944 1035 loca
963 979 1145 1036 sanctorum
1166 993 1241 1057 par-

208 1086 340 1170 agranis,
360 1085 532 1149 nouissime
546 1085 579 1146 ln
593 1083 762 1148 Ierusalem
776 1084 815 1147 ad
830 1084 1031 1167 sepulchrum
1051 1086 1169 1150 domini
1182 1107 1240 1151 uc·

208 1197 311 1272 niens,
326 1197 576 1261 misericordiam
589 1194 633 1258 ihi
648 1196 826 1277 expectauit
839 1195 878 1259 ah
893 1214 932 1258 eo
947 1195 1002 1279 qui
1018 1202 1109 1260 sanat
1123 1197 1242 1261 contri·

210 1316 259 1374 tos
278 1309 373 1373 corde
396 1316 428 1372 et
443 1306 555 1390 alligat
576 1306 785 1371 contricioues
805 1326 925 1371 eorum.
946 1307 1004 1370 sed
1018 1307 1162 1372 dominus
1176 1327 1241 1371 non

211 1419 349 1484 ostendit
361 1417 395 1480 in
407 1418 461 1483 illo
474 1418 623 1482 uirtutem
637 1438 725 1482 suam
738 1418 772 1480 in
787 1417 914 1481 ciuitate
928 1419 1065 1493 munita,
1086 1427 1241 1501 quatenus

212 1531 253 1595 ad
266 1530 392 1595 laudem
406 1540 439 1595 et
453 1529 583 1613 gloriam
598 1531 680 1593 heati
696 1530 855 1594 Homerici
869 1537 1095 1594 reseruaretur.
1118 1530 1242 1594 interea

212 1641 295 1705 lama
307 1641 391 1704 heatl
405 1639 554 1723 Stephani
576 1639 661 1722 regis
680 1640 860 1715 Pannonio,
881 1641 921 1703 ad
936 1639 1025 1702 cuius
1039 1639 1240 1722 sepulchrum

212 1750 396 1836 quotidiana
408 1750 527 1814 liehaut
537 1750 686 1815 miracula
695 1749 826 1833 insignis
836 1751 1022 1815 habebatur.
1044 1770 1242 1815 consumma·

211 1870 309 1947 toque
328 1863 440 1925 itinere
462 1862 512 1924 uir
531 1882 627 1944 supra
650 1870 841 1927 memoratus
861 1863 972 1927 Alham
995 1864 1157 1946 peruenit,
1187 1863 1242 1927 uhi

213 1991 329 2058 corpus
343 1973 428 2037 heati
443 1971 593 2056 Stephani
607 1973 805 2037 reconditum
818 1973 1038 2038 uenerahatur.
1058 1992 1195 2056 cumque
1208 1974 1242 2036 in

212 2085 283 2150 aliis
295 2085 396 2149 uirtus
410 2085 462 2149 dei
477 2091 509 2148 et
522 2084 707 2148 intercessio
721 2085 806 2168 regis
820 2085 928 2148 eximii
945 2085 1064 2148 crehris
1083 2081 1242 2148 miraculis

210 2197 328 2282 largius
348 2199 534 2280 attingeret,
556 2215 654 2278 penes
678 2215 713 2260 so
736 2216 808 2260 cum
832 2198 1008 2261 iuramento
1030 2195 1243 2271 confirmauit,

213 2311 299 2395 quod
313 2309 352 2374 de
365 2310 437 2372 loco
451 2307 586 2372 ecclesie
601 2327 637 2373 se
651 2326 716 2370 non
730 2316 942 2383 ammoneret,
962 2327 1128 2391 quousque
1143 2308 1245 2372 domi-

212 2442 272 2486 nus
286 2423 318 2485 in
333 2442 373 2486 eo
387 2405 583 2494 ostenderet,
605 2420 713 2504 quanti
728 2421 830 2484 meriti
843 2421 955 2485 heatus
965 2419 1143 2503 Stephanus
1157 2420 1243 2502 apud

213 2533 317 2616 ipsum
338 2542 432 2597 esset.
461 2533 580 2597 sactum
601 2542 650 2596 est
668 2541 773 2596 autem
790 2553 862 2597 cum
880 2539 965 2596 esset
982 2532 1062 2595 hora
1075 2533 1139 2596 diei
1152 2532 1243 2617 quasi

214 2644 282 2706 llll.
296 2664 335 2707 ex
349 2644 444 2706 nimia
460 2645 601 2726 corporis
622 2644 809 2726 fatigacione
825 2653 857 2708 et
871 2644 973 2708 cordis
996 2644 1187 2708 contricione
1210 2644 1242 2706 ln

214 2756 349 2821 ecclesia
362 2756 414 2818 ille
429 2755 630 2818 ohdormiuit.
651 2756 739 2818 alluit
752 2762 857 2818 autem
872 2756 915 2818 illi
926 2776 965 2819 ex
977 2758 1121 2840 supernis
1131 2756 1243 2821 heatus

214 2866 392 2950 Stephanus
408 2866 531 2930 dicens:
547 2885 641 2949 surge
656 2885 716 2929 nec
730 2867 763 2928 in
777 2866 895 2929 meritis
910 2869 988 2931 meis
998 2888 1146 2951 prosume
1159 2870 1242 2951 apud

214 2975 323 3052 deum,
344 2976 493 3060 quonlam
506 2995 570 3039 non
584 2975 707 3039 sufficio
721 2996 778 3059 pro
795 2984 826 3042 tc
840 2979 1047 3043 intercedere.
1068 2979 1149 3044 uade
1165 3000 1242 3064 erqo

214 3090 256 3155 ad
269 3089 468 3172 sepulchrum
482 3087 538 3152 lilii
557 3087 619 3152 mei
634 3089 716 3152 beati
731 3089 907 3166 llcmcrici,
928 3090 1032 3174 ipsum
1052 3091 1244 3158 intercesso-

213 3222 281 3267 rem
295 3201 386 3265 hahe.
407 3201 473 3283 ipsc
489 3200 604 3282 estqui
619 3199 651 3262 in
665 3199 845 3283 uirginitate
861 3200 922 3265 deo
933 3200 1132 3284 complacuit,
1154 3203 1243 3266 cuius

213 3316 403 3379 uestimenta
418 3333 482 3377 uon
497 3320 571 3376 sunt
584 3313 795 3395 coinquinata.
816 3312 868 3376 hic
881 3313 1025 3397 sequitur
1036 3332 1152 3397 agnum
1163 3332 1244 3396 quo-

214 3442 348 3508 cumque
368 3424 451 3488 ierit.
479 3425 546 3507 ipsc
569 3431 618 3488 est
635 3424 734 3488 eciem
756 3444 797 3488 ex
816 3445 928 3488 eorum
948 3443 1081 3490 numero
1096 3424 1150 3507 qui
1170 3432 1243 3488 ante

213 3534 361 3600 thronum
377 3538 427 3601 dei
442 3546 568 3602 cantant
582 3538 738 3601 canticum
759 3556 895 3612 nouum,
917 3538 1004 3621 quod
1023 3556 1118 3600 nemo
1138 3542 1245 3619 potest

215 3655 341 3711 mutare
364 3651 423 3712 nisi
443 3651 488 3724 is,
510 3652 565 3733 qui
585 3651 675 3733 uirgo
697 3658 754 3714 est.
782 3651 893 3714 eadem
913 3649 1020 3732 itaque
1041 3648 1121 3711 hora
1135 3645 1188 3709 illo
1203 3645 1242 3708 de

214 3775 347 3840 sompno
361 3779 510 3841 surgens,
532 3763 573 3825 ad
587 3762 787 3846 sepulchrum
809 3761 892 3825 heati
905 3743 1063 3824 llemerici
1084 3759 1116 3820 in
1131 3756 1244 3820 eadem

214 3866 348 3933 ecclesia
362 3871 466 3933 statim
480 3871 650 3948 festinauit,
665 3882 697 3937 et
711 3892 782 3936 cum
796 3870 913 3936 ihidem
928 3868 1116 3953 prouolutus
1129 3875 1245 3942 oraret,

213 3989 345 4063 repente
358 3980 456 4045 lorica
468 3981 575 4047 fractis
590 3984 731 4049 cathenis
743 4003 802 4068 par
811 3982 961 4068 plurimas
976 3987 1080 4064 partes
1095 3982 1197 4046 diuisa
1210 3981 1244 4045 in

213 4098 331 4160 mam
357 4091 518 4176 prosiluit,
551 4093 656 4158 multis
683 4094 716 4158 in
744 4092 878 4160 ecclesia
906 4092 1132 4159 admirantibus
1158 4094 1245 4160 unde

213 4211 302 4276 tauta
313 4204 391 4276 terri
404 4205 570 4274 musonio
584 4206 722 4274 sonitum
737 4206 887 4276 dodisset
914 4224 951 4275 rs
965 4211 1070 4273 sutem
1085 4206 1245 4277 declarata
