2798 4764
214 299 258 383 u}
419 295 572 379 'aueum
592 317 694 371 onera
712 317 922 373 euronotus
942 307 1024 384 (m

214 478 434 543 ultrasiiuanus
460 477 591 541 audiens
615 478 785 543 aduentum
808 477 893 551 eius,
925 478 1128 561 congregarit
1151 498 1243 542 eror-

215 593 310 659 eitum
329 610 438 664 suum,
467 598 499 654 et
516 589 600 673 repit
620 589 817 654 uelocissimo
839 610 932 655 eursu
952 591 1092 673 equitare
1116 592 1243 656 obuiam

216 704 263 779 ei,
283 685 318 766 nt
330 723 403 768 eum
418 722 475 784 per
489 710 594 785 portas
607 701 779 766 Mezeainas
794 702 987 784 prohiberet.
1013 703 1072 767 sed
1085 703 1243 777 Tuhutum

215 835 279 879 uno
303 816 354 878 die
374 813 486 887 siluam
507 813 740 895 pertransiens,
763 813 802 876 ad
816 813 945 875 tluuiurn
959 814 1064 879 Atmaa
1088 815 1245 896 peruenit.

215 936 288 994 tune
311 935 440 1008 uterque
463 925 621 991 exercitus
650 924 690 987 ad
712 925 848 988 inuicem
874 934 1104 1005 peruenerunt,
1135 925 1243 990 medio

214 1037 312 1101 ssuuio
333 1037 548 1101 interiacente.
577 1036 640 1097 dux
661 1054 739 1097 uero
753 1034 853 1098 Gelon
876 1034 1002 1100 uolebat
1021 1037 1108 1120 quod
1129 1036 1173 1101 ibi
1186 1055 1251 1101 eos.

214 1149 398 1233 prohiberet
411 1167 481 1211 eum
495 1146 660 1230 sagittariis
674 1147 749 1211 suis.

297 1377 367 1451 (27)
394 1375 439 1439 De
458 1383 551 1437 morte
570 1371 674 1437 Getas.
719 1373 813 1436 Mane
832 1381 937 1437 autem
955 1372 1054 1447 iacto,
1084 1373 1248 1444 Tuhuttna-

215 1496 287 1554 ante
304 1505 449 1550 auroram
473 1484 579 1549 diuisit
600 1484 772 1547 exercitum
793 1503 883 1546 auum
905 1485 939 1546 in
961 1485 1039 1549 duas
1060 1495 1182 1569 partes,
1210 1496 1247 1563 et

215 1609 336 1684 partem
359 1597 489 1663 atteram
513 1596 597 1658 misit
617 1614 728 1678 parum
749 1595 908 1677 superius,
928 1605 964 1659 ut
983 1599 1114 1662 transito
1135 1599 1244 1675 fluuio,

216 1709 363 1775 militibus
377 1707 478 1772 Gelou
490 1706 714 1780 nescientibus,
733 1726 869 1789 pugnam
882 1707 1135 1789 ingrederentur,
1156 1710 1243 1793 quod

217 1822 262 1887 rio
279 1821 395 1885 tactum
417 1826 475 1882 est.
503 1829 535 1882 et
549 1818 622 1900 quia
641 1817 745 1883 leuem
759 1817 938 1882 habuerunt
957 1820 1137 1895 tramitum,
1157 1829 1244 1885 utra·

214 1953 276 2018 que
294 1931 378 1995 acies
400 1931 515 2013 pariter
529 1928 569 1993 ari
592 1930 793 2012 pugnandum
814 1938 1043 2012 peruenerunt,
1073 1941 1105 1995 et
1124 1951 1245 2015 pugna-

214 2054 280 2108 tum
293 2050 342 2108 est
354 2043 435 2106 inter
450 2062 505 2105 eos
519 2042 642 2116 aeriter,
656 2044 714 2105 sed
731 2043 805 2107 uieti
818 2051 891 2106 sunt
903 2043 1016 2109 milites
1030 2045 1118 2109 ducis
1133 2045 1243 2120 Gelon,

214 2167 246 2221 st
259 2176 301 2221 ex
314 2155 360 2219 eis
374 2153 461 2217 muri
475 2154 640 2227 interiecti,
655 2155 760 2236 plures
774 2174 853 2219 uero
866 2156 957 2236 capti.
978 2175 1049 2218 cuna
1064 2156 1163 2220 Gelon
1178 2159 1243 2220 dux

214 2288 324 2334 eorum
344 2268 405 2330 hoe
422 2266 568 2340 uidisset,
589 2274 662 2329 tune
685 2287 741 2346 pro
763 2267 947 2332 defensione
969 2269 1032 2333 uite
1047 2288 1118 2331 eurn
1132 2270 1242 2352 paueia

212 2381 319 2465 fugam
330 2381 428 2463 oepit,
448 2379 504 2462 qui
516 2398 587 2441 cum
600 2378 741 2462 fugeret,
763 2399 933 2462 properans
948 2380 988 2443 ad
1003 2388 1137 2445 castrum
1149 2401 1241 2443 auum

213 2493 298 2556 iuxta
320 2491 450 2556 fluuium
476 2492 588 2553 Zomua
613 2493 771 2572 positum,
791 2491 916 2554 milites
941 2491 1099 2556 Tuhutum
1132 2491 1243 2556 audaci

213 2623 307 2669 eursu
332 2610 573 2684 persequentes,
595 2602 707 2665 ducena
728 2601 860 2665 Geinum
881 2601 966 2665 iuxta
986 2601 1116 2664 fluuium
1138 2602 1242 2684 (lopus

213 2712 446 2778 interfecerunt.
475 2719 547 2773 tune
566 2711 757 2775 habitatores
776 2718 858 2774 terre
879 2711 1023 2774 uidentes
1038 2719 1170 2774 mortem
1185 2712 1243 2775 ‹io-

214 2824 290 2887 mini
304 2823 368 2896 sui,
387 2841 442 2885 sua
458 2821 583 2903 propria
597 2819 758 2885 uoluntate
772 2821 933 2884 dexteram
947 2820 1068 2896 dantes,
1082 2822 1243 2886 dominum

213 2937 272 2999 sibi
293 2933 456 3016 elegerunt
469 2932 627 2997 Tuhutum
649 2940 768 3014 patrem
788 2933 908 3007 Horou,
929 2941 961 2996 et
980 2932 1013 2997 in
1031 2934 1104 2998 loco
1118 2935 1172 3000 illo
1188 2937 1242 3018 qui

215 3046 327 3109 dieitur
346 3043 496 3116 Eaculeu,
520 3042 615 3106 fidem
634 3062 705 3105 eum
725 3043 899 3108 iuramento
920 3043 1141 3121 firmauerunt,
1170 3057 1202 3111 et
1222 3066 1241 3111 a

213 3157 265 3220 die
279 3155 367 3219 loeus
382 3152 434 3216 iiie
448 3162 645 3235 nuncupatus
659 3163 707 3218 est
719 3156 872 3228 Eseuleu,
893 3160 1030 3240 eoquod
1050 3159 1094 3221 ibi
1114 3160 1241 3224 iuraue-

213 3276 295 3333 runt
317 3267 476 3331 Tuhutum
489 3286 567 3330 uero
581 3286 599 3330 a
612 3266 663 3331 die
677 3266 730 3331 illo
744 3278 859 3332 terram
872 3268 956 3332 itiam
967 3271 1100 3335 obtinuit
1113 3271 1240 3353 pacifice

214 3380 396 3455 stfelieiter,
406 3379 462 3443 sed
477 3380 642 3462 posteritas
656 3380 723 3465 eius
737 3400 837 3464 nsque
847 3382 887 3446 ad
899 3391 1042 3465 tempora
1050 3385 1150 3448 sancti
1159 3384 1243 3467 regis
1321 3459 1325 3464 ,

214 3491 365 3575 Stephani
385 3490 527 3556 obtinuit.
557 3491 715 3555 Tuhutum
736 3512 813 3556 uero
832 3495 942 3576 genuit
960 3495 1112 3568 Horam,
1139 3495 1243 3559 Horra

214 3603 322 3688 genuit
334 3602 466 3669 Geulum
481 3611 514 3667 et
526 3604 644 3677 Zubor,
666 3604 764 3669 Geuia
778 3605 886 3688 genuit
900 3606 979 3669 duaa
992 3604 1088 3679 filias,
1109 3627 1246 3688 quarum

213 3733 279 3785 una
291 3714 461 3775 uocabatur
475 3712 609 3778 Caroldu
630 3723 661 3778 et
675 3712 771 3780 aitera
785 3713 924 3789 Saroitu,
944 3720 976 3779 et
988 3717 1091 3780 Sarolt
1104 3716 1163 3779 fuit
1176 3737 1242 3781 ma·

213 3834 263 3890 ter
284 3825 384 3890 saneti
402 3824 487 3907 regis
503 3824 664 3908 Stephani.
702 3826 838 3889 Zumbor
861 3845 938 3889 uero
960 3826 1069 3908 genuit
1088 3826 1249 3892 minorem.

214 3934 361 4012 Geularn,
382 3945 502 4020 patrem
516 3938 583 4001 Bue
603 3945 634 4002 et
646 3937 770 4012 Buene,
789 3946 929 4020 tempore
943 3937 1030 4000 ouius
1044 3948 1172 4004 sanutus
1184 3959 1247 4004 rex.

213 4049 390 4133 Stephanus
412 4049 589 4133 auhiupauit
601 4048 660 4112 sihi
674 4056 789 4113 terram
803 4051 882 4115 ultra
893 4049 1064 4125 ailuanam,
1087 4059 1120 4114 et
1139 4051 1242 4134 ipsum

214 4159 347 4229 oenum
365 4159 504 4243 uinctum
524 4160 557 4225 in
572 4159 764 4243 hungariam
786 4160 890 4238 duxit,
909 4168 941 4227 et
960 4181 1018 4246 per
1037 4181 1148 4230 omnes
1169 4165 1248 4236 dies·
