2798 4764
270 333 418 397 nursam
431 332 571 385 nerscom
585 335 656 388 erra
671 333 699 385 s.
710 333 865 387 erorssrr
882 336 978 390 mm
993 316 1074 409 (ast
1128 320 1188 392 tes

157 496 400 560 misericorditer
430 495 624 561 descendere
655 496 825 580 flagitabat.
864 498 950 580 quod
977 518 1048 563 cum
1076 498 1188 565 sedulo

158 606 328 690 spiritualis
353 608 501 672 desiderii
526 608 743 690 frequentaret
767 608 888 684 officio,
917 620 1011 677 nocte
1035 614 1188 696 quadam,

158 721 275 803 templo
292 720 342 783 dei
357 720 451 801 longe
466 727 598 794 remoto,
620 720 830 785 descenderat
845 723 962 804 quippe
976 742 1048 788 cum
1062 725 1115 789 illo
1129 744 1188 791 sao

158 850 274 914 magno
290 839 321 895 et
335 830 431 894 nobili
446 833 607 906 comitatu,
627 830 698 904 fixis
713 833 854 896 tentoriis
868 834 901 895 in
919 836 1103 916 campestris
1122 856 1188 901 am·

159 944 318 1026 plitudinis
339 944 420 1018 loco,
443 944 554 1007 ceteris
575 962 689 1025 sopore
712 945 882 1026 depressis,
903 966 1035 1029 surgens
1058 947 1188 1027 alecto,

157 1054 335 1119 cubiculum
364 1056 467 1118 cordis
496 1056 667 1138 ingressus,
698 1056 830 1138 genibus
858 1057 957 1133 flexis,
989 1059 1096 1122 clauso
1124 1059 1189 1125 erle

158 1167 273 1241 hostio,
295 1175 404 1230 eterne
426 1166 643 1230 miseracionis
666 1167 792 1229 ianuam
812 1168 977 1250 gemitibus
1002 1177 1035 1232 ct
1052 1168 1189 1234 lacrimis
1245 1239 1248 1242 ,

159 1278 314 1361 pulsabat.
343 1296 479 1359 cumque
499 1277 620 1340 diucius
640 1276 917 1359 deprecacionibus
936 1279 1111 1356 insisteret,
1132 1279 1189 1344 do·

160 1391 235 1452 mini
256 1390 304 1453 sui
325 1389 409 1472 regis
431 1389 532 1452 eterni
546 1389 693 1452 ministris
708 1389 748 1451 ad
762 1391 977 1472 suscipiendas
996 1411 1105 1475 preces
1120 1393 1188 1456 eius

161 1499 435 1576 conuenientibus,
456 1500 573 1585 papilio
594 1520 690 1583 super
705 1521 776 1564 enm
792 1510 939 1565 extensus
961 1522 980 1565 a
998 1512 1083 1567 terra
1101 1503 1189 1568 leue·

161 1622 219 1677 tus.
241 1614 357 1676 tamdiu
376 1612 518 1697 pendere
541 1613 624 1694 cepit
637 1613 669 1675 in
683 1619 774 1687 aere,
796 1614 898 1676 donec
912 1614 961 1677 uir
975 1614 1026 1677 dei
1041 1615 1074 1677 in
1087 1634 1123 1678 se
1136 1634 1189 1681 re·

158 1746 282 1799 uersus,
303 1744 321 1788 a
342 1724 612 1807 contemplacione
635 1725 777 1807 spiritum
798 1724 954 1789 relaxauit
975 1726 1013 1789 ab
1028 1727 1188 1792 oracione.

158 1838 243 1920 quod
262 1835 336 1899 licet
353 1835 553 1899 inuisibiliter
571 1836 616 1897 illi
636 1836 709 1910 soli,
731 1837 785 1919 qui
806 1857 859 1900 res
881 1837 970 1901 nouit
988 1845 1071 1913 ante,
1092 1859 1188 1923 quam

158 1948 249 2023 liant,
270 1948 382 2031 suique
403 1947 517 2011 secreti
537 1947 669 2011 consciis
684 1947 802 2031 angelis
823 1950 934 2013 fuisset
946 1951 1106 2033 cognitum
1121 1952 1188 2016 cui·

159 2057 230 2121 dam
252 2066 358 2122 tamen
383 2078 495 2142 magne
520 2059 726 2141 simplicitatis
750 2071 781 2125 et
804 2061 991 2125 innocencie
1014 2063 1100 2138 uiro,
1132 2064 1188 2148 qui

158 2178 231 2233 tunc
245 2171 337 2234 simili
351 2170 482 2234 forsitan
498 2171 634 2235 instabat
647 2172 749 2253 operi,
770 2171 933 2236 uisibiliter
948 2180 996 2235 est
1008 2174 1188 2238 manifesta-

158 2291 236 2345 tum.
264 2301 358 2363 qoem
373 2301 429 2345 rex
444 2265 569 2345 sanctus
584 2282 713 2347 archani
734 2283 782 2345 sui
796 2283 956 2346 conscium
971 2302 1040 2347 csse
1055 2303 1111 2364 per
1124 2283 1188 2367 spi·

161 2393 254 2455 ritum
268 2402 408 2457 sanctum
423 2393 569 2468 edoctus,
595 2394 684 2456 adse
699 2401 861 2467 uocatum,
882 2393 1005 2456 blandis
1018 2394 1107 2476 prius
1121 2415 1188 2458 ser·

162 2502 307 2566 monibus
326 2504 402 2587 quid
425 2504 555 2567 uidisset
574 2504 804 2578 sciscitabatur,
826 2512 896 2586 post
917 2504 1013 2587 regiis
1037 2503 1127 2567 donis
1148 2523 1188 2569 eo

161 2614 269 2690 ditato,
292 2636 333 2678 ne
355 2616 406 2679 cui
428 2616 636 2698 patefaceret,
658 2615 866 2700 quoadusque
887 2615 954 2700 ipse
976 2636 1034 2680 rex
1054 2616 1189 2694 uiueret,

158 2729 417 2794 interminabatur
431 2728 471 2792 ei.

243 2951 316 3036 (17)
337 2953 434 3017 Fama
448 2953 583 3016 nominis
598 2953 646 3016 sui
667 2953 700 3016 in
720 2953 846 3017 auribus
862 2952 1029 3017 multarum
1045 2955 1189 3038 gencium

160 3065 347 3129 secularium
369 3066 499 3140 diffusa,
520 3074 552 3128 et
573 3064 698 3128 iudiciis
719 3066 782 3128 oris
803 3066 852 3129 sui
874 3065 989 3129 celebri
1006 3063 1099 3130 laude
1119 3067 1191 3131 ubi-

161 3196 221 3260 que
250 3178 539 3250 innotescentibus,
570 3177 732 3259 sexaginta
755 3176 815 3239 uiri
839 3177 1022 3252 bessorum,
1054 3196 1189 3260 quorum

162 3291 305 3373 superius
329 3289 529 3352 mencionem
552 3288 737 3363 habuimus,
767 3306 839 3350 cum
863 3288 1013 3351 uniuerso
1037 3296 1190 3372 apparatu

162 3419 237 3473 suc,
264 3399 412 3463 uidelicet
426 3399 495 3463 auri
510 3409 542 3464 et
555 3399 676 3481 argenti
691 3397 892 3482 copiositate,
912 3397 1073 3480 multaque
1087 3399 1192 3464 uarie·

163 3518 225 3572 tate
246 3520 517 3585 ornamentorum,
538 3512 679 3573 curribus
699 3510 836 3584 onustis,
859 3511 898 3573 de
919 3510 1059 3592 partibus
1076 3509 1191 3593 Bulga·

161 3641 268 3685 rorum
289 3624 428 3707 egressi,
450 3624 491 3687 ad
513 3642 621 3705 regem
642 3623 752 3686 uenire
773 3621 926 3696 uolentes,
948 3621 1088 3685 terminis
1109 3620 1236 3699 Pan-ta
1280 3674 1287 3681 .

161 3735 328 3797 noniorum
342 3733 682 3818 appropinguauerant.
703 3742 735 3797 at
748 3731 835 3796 multi
849 3752 1031 3807 seruorum,
1053 3752 1190 3817 quorum
1241 3714 1254 3736 '¹

163 3863 273 3908 cereos
296 3854 347 3909 cst
368 3845 490 3908 animus
512 3844 596 3908 flecti
614 3844 647 3906 in
665 3842 797 3918 uicium,
817 3842 1017 3926 malignitatis
1037 3842 1107 3907 face
1120 3861 1192 3907 sue·

161 3957 262 4031 censi,
279 3956 405 4020 obuiam
418 3956 479 4020 illis
493 3957 648 4021 exierunt.
670 3957 824 4038 quosdam
838 3955 943 4039 gladio
955 3961 1191 4037 percusserunt,

161 4067 266 4131 omnia
281 4087 343 4150 que
357 4087 468 4132 eorum
483 4067 609 4133 fuerant
622 4065 812 4141 auferentes,
832 4085 951 4131 uacuos
969 4073 1001 4131 et
1013 4065 1191 4130 semineces

160 4179 366 4268 reliquerunt
390 4179 437 4250 illi
456 4178 573 4249 iudicio
593 4178 680 4268 regis
694 4179 771 4266 quid
791 4187 896 4247 actum
909 4177 1028 4264 quidue
1048 4174 1191 4265 perpesd
