2798 4764
174 350 261 398 arna
277 351 318 397 rr.
333 351 422 396 naurs
436 351 584 396 arsanias
599 351 754 398 nosnrru
770 352 976 399 iurauerant.
1004 333 1093 399 uta.
1135 335 1196 401 t55

171 513 202 566 et
224 504 273 565 die
296 504 378 564 iouis
405 505 597 577 celebretur,
629 515 659 565 et
684 514 828 585 preterea
852 506 952 566 iorum
980 507 1196 587 quotidianum

171 615 311 695 quotidie
327 615 489 675 habeatnr.

253 724 316 804 [19]
340 726 529 787 Uniuersitas
546 746 620 787 uero
635 727 767 788 ciuitatis
779 728 956 806 supradicte
974 729 1060 789 uobis
1074 736 1197 791 tenetur

170 838 208 898 ad
224 838 356 898 seruicia
371 837 589 918 infrascripta:
613 858 683 898 cum
700 839 782 899 enim
798 860 853 899 rex
864 840 1084 919 ilungarorum
1101 861 1197 920 expe-

171 949 325 1010 dicionem
342 949 379 1009 ad
396 959 500 1028 partes
516 950 694 1021 maritimas,
711 950 759 1010 uel
773 950 963 1012 Cariutbiam
977 951 1026 1011 uel
1039 953 1194 1013 niustriam

171 1061 275 1121 faeere
299 1060 447 1132 uoluerit,
470 1060 542 1120 dicti
567 1060 652 1121 eines
669 1060 779 1120 decem
802 1061 915 1122 milites
932 1062 1051 1122 mittere
1069 1072 1196 1123 tenean-

170 1180 220 1233 tur
235 1191 304 1232 cum
320 1171 414 1231 armis
429 1171 611 1232 militaribus
626 1179 800 1252 apparatos
819 1181 963 1251 preterea
978 1171 1103 1232 domino
1119 1173 1196 1253 regi,

171 1282 297 1362 ‹puando
313 1282 414 1360 ipsum
429 1280 502 1341 illuc
516 1283 561 1342 ire
577 1283 788 1361 contingeret,
810 1283 925 1344 debent
941 1284 1014 1344 dare
1031 1303 1086 1361 pro
1104 1303 1196 1362 pran-

171 1393 222 1452 dio
239 1383 402 1452 duodecim
426 1393 538 1464 boues,
559 1392 642 1452 miiie
660 1412 755 1472 panes
776 1401 806 1453 et
820 1401 955 1472 quatuor
970 1392 1101 1454 tonellus
1118 1393 1195 1466 uini,

171 1504 242 1565 duci
257 1511 360 1564 autem
376 1504 473 1564 tocius
490 1503 670 1574 Seleuciae,
693 1503 719 1563 si
741 1504 780 1563 sit
795 1504 834 1566 de
849 1504 935 1583 prole
950 1505 1052 1584 regia,
1074 1504 1194 1566 medie-

171 1623 264 1675 tatem
279 1615 491 1694 predictorum
508 1614 581 1674 dare
597 1623 752 1675 tenentur.

252 1723 424 1804 tautirano
448 1746 526 1786 uero
548 1746 604 1804 pro
628 1735 770 1804 tempore
790 1727 974 1799 constituto,
1004 1747 1066 1787 non
1089 1736 1195 1789 tamen

171 1838 334 1909 uicebano,
356 1837 432 1897 nihii
456 1837 539 1897 atiud
559 1837 683 1897 soluere
707 1845 881 1910 teneantur,
902 1836 960 1898 nisi
985 1837 1016 1896 in
1040 1836 1194 1917 principio

170 1947 312 2009 introitus
335 1947 464 2008 banatus
487 1967 582 2007 unum
605 1947 734 2018 bouem,
763 1956 887 2008 centum
912 1967 1025 2027 panas,
1046 1947 1194 2009 tunellum

173 2079 264 2120 unam
281 2060 362 2130 uini,
384 2059 480 2119 semel
495 2059 643 2139 quamdiu
660 2059 820 2119 durauerit
839 2060 869 2118 iu
885 2059 1011 2119 banatu.

252 2170 316 2249 (21)
338 2172 418 2231 Sane
434 2170 474 2230 ab
489 2170 632 2230 omnibus
654 2169 718 2229 istis
739 2169 879 2229 seruiciis
898 2188 998 2247 usque
1018 2168 1195 2249 quinquen·

170 2282 254 2341 nium
270 2291 361 2342 eruut
376 2280 463 2341 liberi
481 2290 511 2343 et
526 2282 689 2352 immunes,
708 2288 862 2341 transacto
878 2280 1092 2360 quinquennio
1108 2288 1194 2341 tene·

171 2392 294 2454 buntur.

251 2501 314 2583 (22)
337 2505 412 2565 item
434 2504 530 2564 iidem
553 2505 637 2565 ciues
661 2504 821 2564 troluntate
845 2511 1019 2582 spontanea
1043 2523 1192 2584 superse

171 2624 392 2686 assumserunt,
408 2616 492 2695 qnod
505 2616 651 2694 expensis
667 2614 800 2694 propriis
812 2614 927 2674 dictum
941 2623 1078 2676 montem
1090 2614 1194 2676 Grech

169 2746 259 2787 muro
273 2726 450 2786 firmissimo
466 2727 705 2788 communirent.

251 2834 315 2917 (23)
337 2838 383 2898 au
406 2838 670 2899 sustentacionem
692 2847 796 2898 autem
817 2837 975 2916 hospitum
998 2836 1029 2896 in
1052 2836 1192 2917 predicto

171 2961 275 3012 monte
290 2949 503 3011 habitancium
519 2949 660 3009 dedimus
676 2958 790 3012 terrani
806 2947 888 3008 eirca
903 2948 1038 3009 eundem
1054 2956 1192 3008 montem

171 3063 292 3133 Grecb,
314 3069 486 3123 statuentes
502 3080 570 3121 eam
586 3062 704 3121 eisdem
723 3060 895 3140 hospitibus
916 3060 975 3120 sub
990 3058 1080 3119 certis
1102 3058 1195 3120 metis

172 3181 203 3234 et
217 3173 367 3235 distinctis
384 3181 535 3253 perpetuo
552 3173 781 3252 possidendam.

252 3283 290 3344 Ut
313 3283 406 3363 igitur
430 3283 512 3343 dicta
535 3282 695 3342 ordinacio
719 3289 825 3341 nostra
849 3290 880 3341 et
896 3281 1046 3340 dictorum
1065 3277 1192 3340 libertas

171 3392 327 3472 hospitum
347 3392 435 3453 firma
458 3401 489 3453 et
511 3389 698 3452 inuiolabiiis
722 3398 876 3470 perpetuo
898 3397 1093 3468 perseueret,
1121 3408 1194 3468 pre·

172 3524 243 3564 sens
268 3505 313 3564 eis
338 3503 536 3584 priuilegium
558 3501 780 3572 concessimus,
802 3519 896 3560 auree
917 3498 1000 3558 buile
1021 3498 1192 3558 munimine

172 3623 323 3695 perpetuo
339 3612 571 3674 confirmantes.
593 3613 704 3672 Datum
720 3610 803 3691 apud
816 3609 994 3679 Vereucha,
1012 3628 1067 3688 per
1082 3627 1193 3670 manus

171 3726 307 3806 magistri
322 3724 500 3794 Benedicti,
522 3722 670 3803 prepositi
685 3721 838 3792 athensis,
859 3720 930 3780 aute
948 3726 1054 3779 nostre
1070 3717 1193 3780 cancei-

169 3833 254 3907 larii‚
277 3834 367 3896 eiecti
389 3835 421 3894 in
442 3833 712 3913 archiepiscopum
728 3830 942 3893 Coiocensem.
984 3831 1074 3890 Anno
1090 3829 1193 3890 incar-

169 3948 309 4010 nacionis
339 3947 494 4008 dominice
520 3945 684 4006 millesimo
709 3943 924 4004 ducentesimo
953 3940 1192 4021 quadragesimo

170 4059 319 4120 secundo.
334 4058 415 4117 XVI.
430 4056 556 4120 kalend.
576 4055 768 4126 Decembris,
782 4053 869 4134 regni
881 4059 985 4114 autem
997 4050 1095 4114 nostri
1110 4069 1193 4113 anno

170 4179 292 4231 octauo.
