2798 4764
381 328 557 376 moeuau
572 329 695 378 manes
714 329 904 379 morum
922 307 1004 396 (37).
1145 312 1209 383 U

261 593 327 679 (37)
347 597 393 659 lte
413 597 603 660 destruction
620 596 785 661 Noomilto
806 608 833 660 ct
854 596 1025 661 monosterii
1042 597 1079 660 da
1099 594 1207 678 opu.

178 709 262 786 Ouid
284 708 395 792 plnrat
426 727 538 771 uersus
560 707 734 771 Orodinnm
759 718 791 772 et
815 708 1011 772 Chendinum
1033 708 1208 789 procedere

176 823 382 903 inceperunt,
403 818 437 881 in
453 820 558 883 medio
573 839 701 894 eorum,
722 819 904 884 Nona-uilli
920 820 1062 893 dimissa,
1090 831 1207 884 nomota

178 934 267 998 errius
286 933 368 1014 Perg
390 931 508 1006 inerat,
536 931 569 994 in
591 951 654 1015 qua
674 932 819 994 homines
840 933 1037 1015 septuaginta
1060 930 1206 998 uillarum

178 1046 304 1109 luerem
321 1045 520 1126 congregati,
546 1051 580 1106 et
605 1044 733 1107 dimisso
756 1045 949 1108 monasterio
970 1045 1068 1126 Egres
1092 1042 1208 1107 Cister-

178 1159 292 1222 cionsis
307 1157 441 1231 ordinis,
462 1154 495 1217 in
511 1156 596 1238 qnod
612 1164 760 1238 tanquam
773 1157 926 1220 munitum
940 1165 1079 1219 cestrum
1100 1175 1134 1219 se
1149 1156 1207 1221 mi·

177 1269 249 1333 lites
263 1278 296 1331 et
309 1266 405 1330 multe
420 1267 547 1330 domine
562 1274 758 1349 receperant.
787 1285 848 1329 nec
864 1267 985 1330 'sartari
999 1267 1069 1330 loca
1085 1266 1138 1330 illa
1151 1286 1207 1352 ag»

178 1380 268 1464 greci
281 1379 466 1450 noluerunt,
481 1397 647 1461 quousque
662 1377 860 1440 circumcirca
874 1385 960 1441 esset
972 1387 1056 1442 terre
1070 1379 1208 1445 totnlltce

179 1490 331 1554 dmolata.
360 1489 418 1552 sed
433 1488 591 1553 interdum
606 1488 703 1570 aliqui
718 1488 926 1562 accedebant,
946 1495 979 1552 et
991 1490 1032 1552 ab
1045 1489 1205 1572 {iungaris
1327 1475 1333 1488 κ

179 1602 325 1664 militibus
347 1619 567 1683 permagnum
587 1607 671 1662 terre
686 1598 825 1680 spacium
846 1598 1044 1680 fugabantur,
1063 1601 1106 1664 ite
1120 1602 1208 1685 qued

176 1714 349 1777 credebant
361 1712 492 1776 &miter
503 1731 539 1774 se
556 1711 702 1784 intactos,
720 1718 848 1792 propter
861 1730 950 1774 suem
965 1713 1141 1794 potenciam
1153 1733 1207 1779 res

176 1844 316 1888 manere
337 1825 464 1887 undem
478 1831 550 1905 post
562 1821 662 1887 tocius
678 1830 761 1886 terre
775 1821 858 1886 illius
873 1824 1125 1899 desolacionem,
1139 1826 1207 1890 Ro

178 1937 359 2009 thenorum,
382 1935 607 2008 Cumanorum,
627 1933 847 2017 Hungarornm
862 1936 1071 2017 oapitnorum,
1088 1955 1207 2018 panco-

176 2047 362 2111 comeciam
379 2048 578 2109 Tartarorum
601 2045 797 2109 multitudine
820 2045 974 2119 adunata,
996 2045 1103 2109 uillam
1118 2067 1205 2132 mag-

176 2178 249 2220 nam
263 2157 403 2239 undique
420 2157 658 2229 circumdantes,
677 2157 717 2219 ed
732 2175 869 2238 pugnam
884 2157 1023 2237 captiuos
1038 2156 1206 2238 Hungeroo

176 2271 401 2353 premiserunt3
421 2277 454 2332 et
467 2268 528 2332 illis
541 2266 713 2332 intercutis
728 2267 874 2341 totaliter,
896 2267 1046 2338 Bellieni,
1067 2267 1207 2339 lamala*

177 2381 247 2456 lite,
269 2381 399 2446 Comani
413 2381 612 2463 postmodum
628 2388 859 2462 pugnauerunt.
893 2380 1015 2444 Tartari
1029 2397 1106 2442 uero
1121 2387 1206 2447 retro

176 2500 249 2578 post
262 2513 372 2558 omnes
385 2501 521 2566 stantes,
541 2492 684 2556 ridebant
704 2490 745 2554 de
760 2509 834 2553 casu
851 2497 883 2555 et
900 2490 991 2553 ruina
1002 2491 1149 2566 illorum,
1172 2498 1208 2557 et

175 2606 414 2670 retrocedentes
428 2623 448 2669 a
461 2623 567 2688 pugne
580 2623 726 2678 suornm,
748 2602 865 2667 debant
879 2603 1125 2685 quamplurimos
1147 2622 1206 2669 o*

176 2717 277 2799 regini
298 2715 491 2799 gladiorum,
510 2716 554 2779 itu
567 2717 653 2800 qnod
674 2715 751 2798 ipsis
773 2715 937 2803 dichoreo
950 2715 1104 2789 noctibus,
1126 2736 1206 2800 pop·

176 2829 324 2895 nantibus
337 2848 395 2912 per
408 2848 501 2891 unam
516 2828 741 2909 septimanam,
761 2836 792 2891 et
806 2827 932 2891 fossatis
946 2827 1093 2910 impletis,
1112 2846 1207 2912 copa-

178 2950 251 3006 mnt
274 2939 392 3007 uitam.
422 2939 536 3004 milites
558 2940 654 3023 igitur
676 2947 707 3003 et
729 2940 881 3014 dominas,
911 2959 974 3022 que
996 2940 1094 3004 multe
1116 2949 1208 3027 errat

175 3060 264 3115 extra
277 3053 310 3115 in
325 3071 448 3134 campo,
465 3051 498 3115 in
513 3070 576 3115 una
589 3059 691 3133 parte,
705 3059 739 3114 ct
750 3051 885 3117 rusticos
899 3055 932 3116 iu
946 3050 1007 3117 elie
1020 3059 1206 3134 posuerunt

176 3184 214 3226 ac
227 3163 379 3247 pecunia,
400 3162 511 3237 mmm,
534 3162 692 3236 uestibus,
712 3171 747 3226 et
758 3161 827 3227 aliis
840 3163 933 3227 honis
947 3163 1081 3244 receptis
1095 3163 1136 3225 eb
1148 3163 1207 3239 oia,

177 3284 210 3338 et
230 3275 418 3357 quibusdam
442 3274 564 3338 dnobus
587 3273 700 3356 puellis
723 3275 892 3359 resomatis
914 3276 955 3338 ed
977 3275 1091 3347 uitam,
1113 3281 1145 3337 et
1164 3275 1206 3341 ut

176 3385 281 3446 insum
295 3404 403 3448 eorum
413 3383 567 3459 ieiunis,
583 3401 655 3448 cum
668 3386 831 3449 securibm
845 3395 878 3449 ot
890 3383 1003 3467 gladiis
1013 3403 1124 3448 omnes
1134 3402 1207 3451 orn·

177 3493 290 3558 delites
301 3495 534 3561 interfecerunt.
563 3494 607 3560 illi
621 3497 750 3580 quidem
764 3496 963 3561 solummodo
977 3502 1205 3572 remanserant,

178 3609 232 3692 qni
252 3609 489 3673 intermortuos
511 3609 677 3690 repentino
699 3628 776 3675 casu
797 3609 991 3683 decidentes,
1012 3607 1117 3673 alieno
1130 3626 1206 3675 aaa·
1308 3635 1322 3657 ·

175 3719 271 3802 peine
285 3718 454 3793 cruentati,
473 3738 509 3783 se
524 3719 684 3784 occultare
698 3719 876 3784 noluerunt
895 3740 916 3783 o
930 3719 1036 3783 dolorl
1057 3737 1078 3781 o
1093 3719 1207 3787 crude-

174 3826 247 3894 litas
272 3840 305 3894 et
324 3831 430 3915 relies
451 3828 599 3898 mmaois
622 3829 733 3913 populi
756 3831 927 3903 immet
952 3831 1101 3914 namqui
1120 3838 1207 3899 taum

177 3945 279 4027 gentis
307 3943 430 4008 medem
461 3962 541 4010 sana
572 3950 678 4008 menta
708 3943 948 4020 considerarem
983 3942 1070 4008 huuc
1102 3940 1208 4010 tom

175 4075 288 4138 agrum
302 4055 464 4139 sangraioia
480 4055 587 4121 tenne
600 4055 707 4119 dicere
722 4062 839 4136 posset
863 4054 990 4121 lenden
1004 4061 1077 4136 post
1090 4072 1207 4136 pancos

178 4168 262 4246 dies,
290 4169 411 4249 dictum
431 4168 607 4237 mooun
627 4186 688 4234 ooo
704 4166 1050 4330 monasteriuwlissm
1072 4164 1209 4239 obnit-
