2798 4764
188 324 230 402 ’ω
410 350 547 403 suomi
566 355 666 402 essm
687 357 896 406 nuscanum
917 342 999 420 (utu

188 507 277 570 nium
298 507 511 572 transiueruut
531 509 618 572 iuxta
639 510 768 572 fluuium
784 510 922 596 Sonyou.
965 522 997 576 et
1010 513 1083 577 inde
1099 515 1219 597 effossi

189 627 263 683 sunt
284 639 340 702 per
358 627 464 700 partes
486 619 578 682 cusiri
593 619 722 695 Gnmnr,
743 631 775 685 et
788 629 944 686 uenerunt
957 642 1059 706 usque
1073 625 1114 688 ud
1127 645 1218 689 mou·

187 740 254 796 tem
269 724 430 803 bulbndn,
452 737 483 792 et
498 730 572 793 inde
588 732 627 792 nd
642 739 746 812 partes
757 732 905 815 Nougmd
919 734 1096 807 uenientes,
1115 754 1218 818 usque

190 845 230 906 ud
245 843 375 905 fluuium
391 841 498 924 Caliga
517 850 747 922 peruenerunt,
768 843 841 906 binc
854 863 934 906 uero
946 846 1148 926 egredientes
1161 856 1219 930 pcc

189 955 379 1037 crepidinem
391 954 526 1016 Danubii
540 953 680 1027 inerunt,
702 962 734 1017 et
748 955 877 1020 fluuium
887 956 1082 1021 Wereuecee
1096 966 1218 1023 bunoc-

189 1077 291 1140 untes,
305 1076 404 1128 castra
418 1067 524 1130 metuti
539 1075 613 1129 sunt
626 1067 712 1129 iuxta
726 1067 857 1128 dnninm
870 1067 961 1150 ani.
982 1075 1015 1131 et
1025 1070 1099 1151 quit
1109 1070 1217 1134 dimus

188 1180 292 1262 gracie
312 1179 344 1240 in
360 1179 404 1241 eis
420 1187 501 1250 emt,
523 1176 623 1241 timuit
637 1196 693 1240 eos
707 1179 809 1241 omnis
823 1177 929 1257 bnmn,
950 1188 982 1243 et
994 1178 1128 1245 maxime
1142 1182 1216 1246 idco
1321 1166 1324 1170 Δ

186 1292 339 1356 timebunt
354 1308 420 1364 eos,
434 1288 509 1372 quia
522 1289 687 1353 uuidierunt
695 1291 808 1352 ducem
819 1291 1005 1372 brpudinm,
1024 1292 1123 1355 iiiium
1134 1293 1215 1359 dimi

186 1403 275 1465 ducis
297 1422 337 1463 cx
360 1401 510 1484 progenie
530 1400 633 1463 dibile
660 1402 743 1483 regis
763 1402 975 1465 descendisse.
1007 1411 1083 1466 tunc
1104 1422 1215 1471 omnes

185 1513 289 1577 Sciuui
298 1511 488 1575 habitatores
498 1520 598 1585 terre,
616 1513 670 1593 quii
683 1513 782 1593 urimo
793 1522 882 1576 crunt
892 1513 1107 1588 satanicum,
1120 1530 1216 1599 prop·

184 1635 235 1689 ter
256 1625 399 1687 timorem
421 1643 547 1696 eornm,
573 1644 686 1685 sc-sun
708 1624 807 1687 iibens
831 1635 943 1706 sponte
966 1627 1215 1709 subingcuemnt

186 1739 250 1811 eis,
271 1737 358 1800 nniio
372 1756 500 1798 manum
522 1735 721 1810 subleuante,
743 1737 830 1799 etita
845 1756 915 1799 cum
931 1757 1045 1820 magno
1057 1739 1169 1802 timore
1182 1748 1215 1803 ct
1268 1816 1271 1820 ⁴

83 1897 86 1903 -
184 1859 321 1914 tremore
342 1849 522 1911 seruiebunt
544 1848 606 1920 eis,
628 1865 664 1909 ac
678 1848 704 1909 si
719 1848 793 1911 olim
808 1849 926 1912 domini
941 1869 1049 1913 comm
1069 1850 1213 1915 inissent.

185 1972 259 2026 tunc
272 1961 395 2022 Znurdu
411 1968 444 2022 et
457 1959 580 2021 Caduca
600 1979 659 2022 uec
676 1979 740 2022 nou
761 1961 868 2034 Hubu,
890 1979 987 2043 uque
1001 1963 1141 2043 prudens
1155 1964 1214 2026 Zd-

185 2092 271 2136 meru
283 2072 460 2145 descendit,
481 2091 551 2132 cnm
567 2072 721 2134 uidissent
736 2073 887 2155 pupulum
902 2073 1036 2136 muitum
1048 2074 1115 2137 sine
1129 2070 1214 2138 beiic

185 2185 261 2269 ipsis
276 2184 491 2266 subiugatum,
513 2183 653 2247 iecerunt
674 2204 820 2267 magnum
843 2185 1037 2259 musinium,
1058 2195 1090 2250 et
1103 2186 1213 2252 meiiu-

183 2298 272 2362 nibus
290 2297 516 2388 babitutoribus
536 2304 632 2370 terre,
653 2297 707 2378 qui
728 2296 811 2359 idios
830 2317 905 2360 suos
927 2297 959 2359 in
977 2297 1103 2360 obsides
1118 2297 1214 2361 dedc-

184 2418 270 2485 runt,
292 2411 417 2472 diuersa
436 2408 521 2471 donn
542 2415 822 2490 presentantes-unt,
851 2417 882 2472 et
896 2409 1020 2472 blandis
1034 2407 1140 2472 uerbis
1154 2400 1214 2474 nib

184 2522 346 2586 dominnm
358 2521 446 2583 ducis
457 2521 560 2601 Arpud
575 2521 643 2583 siue
658 2519 741 2582 beiio
754 2520 1004 2602 subiuguuernnt
1018 2529 1050 2584 et
1063 2521 1151 2604 ipsos
1163 2542 1213 2586 se-

184 2650 256 2697 cum
278 2634 309 2694 in
325 2632 563 2713 expedicionem
579 2631 745 2703 duxeruut,
764 2630 847 2693 iiiios
864 2651 941 2694 nero
955 2650 1065 2694 eorum
1080 2632 1114 2695 in
1127 2634 1214 2696 obsi·

184 2746 240 2808 des
255 2743 453 2826 accipientes,
475 2743 514 2804 ad
536 2742 647 2824 ducem
667 2743 770 2823 Arped
793 2759 863 2803 cum
878 2741 1012 2805 diuersis
1030 2744 1212 2808 munenibus

183 2856 386 2928 remiserunt,
407 2854 491 2916 unde
506 2853 569 2915 dux
584 2860 616 2915 et
629 2852 678 2914 sui
693 2852 813 2915 nobiles
829 2853 961 2917 deciores
977 2853 1049 2916 iacti
1070 2847 1143 2920 sunt
1159 2876 1211 2918 so·

182 2967 248 3040 lito,
269 2965 390 3027 nunciis
404 2964 518 3046 gaudie
532 2962 704 3026 serentibus
719 2962 816 3026 muita
829 2963 985 3029 dederunt
999 2965 1093 3029 doun.

264 3189 334 3266 (di)
357 3189 401 3251 Do
412 3190 506 3270 fluuio
522 3187 606 3254 Grcu
619 3200 645 3255 et
661 3188 762 3253 Castro
777 3190 883 3254 narn.
926 3193 1049 3257 Interea
1063 3195 1163 3258 zmrd
1178 3203 1210 3260 ct

176 3303 305 3367 ‘Cadusu
324 3301 380 3364 iiiii
394 3299 494 3365 Hulec
516 3321 574 3363 nec
593 3320 658 3364 nou
671 3301 779 3377 liuba,
801 3312 833 3367 et
856 3304 958 3367 omnis
981 3306 1136 3370 exemitm
1154 3325 1210 3370 ec·

181 3433 250 3477 rum
264 3414 395 3476 fluuium
407 3411 487 3494 i'pui
501 3413 586 3476 iuxta
602 3414 778 3477 Danubium
798 3416 1004 3490 transierunt,
1025 3426 1059 3480 st
1075 3417 1137 3480 ubo
1155 3419 1207 3481 dit

179 3526 310 3588 transito
332 3525 430 3589 fluuio
451 3526 537 3587 tiron
565 3526 793 3590 castrametati
816 3537 889 3590 sunt
913 3527 944 3588 in
966 3546 1094 3608 cumpo,
1122 3529 1207 3592 iuxta

176 3637 340 3720 ¹quuddum
363 3637 524 3699 castelium
544 3646 681 3701 terreum
702 3639 788 3720 quod
810 3647 1008 3721 nuncupatur
1029 3638 1147 3713 Usum,
1175 3649 1207 3703 et

179 3755 270 3831 capto
292 3748 346 3810 iiio
368 3757 471 3810 cestro
491 3757 673 3813 munsemnt
694 3749 737 3810 ibi
755 3757 819 3812 tres
838 3749 917 3821 dies,
937 3758 1137 3830 expectentes
1151 3749 1207 3814 ad·

176 3869 309 3924 uentum
330 3860 431 3923 Borsn
452 3859 508 3923 iiiii
523 3861 658 3943 Bunger,
679 3879 774 3943 quem
797 3859 861 3922 dux
875 3859 979 3942 Arpsd
998 3876 1068 3922 cum
1091 3880 1205 3944 magun

175 3970 317 4036 executa
332 3971 460 4035 miserat
472 3972 506 4034 iu
520 3969 670 4034 auxilium
685 3990 805 4037 eorum.
826 3981 939 4056 queste
953 3970 1004 4036 dic
1018 3990 1090 4035 cum
1105 3973 1205 4040 noun

174 4085 221 4151 'cd
234 4101 290 4148 scs
304 4082 443 4146 uenisset
452 4100 523 4146 cum
536 4080 641 4146 uuiidu
655 4102 765 4160 manu,
777 4085 950 4148 timuerunt
962 4091 1020 4149 eos
1032 4102 1143 4151 omnus
1157 4087 1205 4152 in·

173 4195 246 4265 unic
266 4201 362 4271 teuc,
383 4201 415 4260 et
434 4192 539 4276 nuilus
559 4214 656 4261 susus
675 4195 735 4262 init
752 4197 861 4263 leuno
881 4215 994 4264 meum
1008 4207 1117 4267 conus
1137 4220 1203 4268 ecs.
