2798 4764
469 339 621 390 cinrrxrrs
645 345 802 390 rosensis.
833 320 922 392 1205.
1148 322 1208 393 tot

184 496 421 582 permutabilem
437 499 591 580 conspicit
611 519 807 581 permanere.
833 519 870 560 ea
893 509 1020 579 propter
1042 507 1208 582 presentes

184 613 331 674 nouerint
352 618 384 674 et
404 610 515 685 futuri,
544 613 628 693 quod
651 614 837 675 accedentes
860 613 898 673 ad
921 621 1057 673 nostram
1080 632 1209 694 presen-

185 724 264 786 ciam
279 723 381 786 dilecti
396 723 506 786 fideles
529 725 626 786 nostri
643 725 729 787 ciues
744 727 915 797 Nouenses,
931 724 1090 786 humiliter
1105 735 1136 788 et
1152 726 1208 788 de-

183 843 258 897 note
276 834 368 895 nobis
387 834 617 914 supplicarunt,
639 836 724 916 quod
746 836 903 897 ciuitatem
923 835 1062 915 ipsorum
1088 835 1210 918 predic·

183 953 262 1018 tam,
284 966 345 1028 que
367 965 493 1025 semper
514 947 706 1026 genitoribus
726 947 841 1010 nostris
862 947 1119 1009 recordacionum
1141 947 1211 1011 seli-

185 1057 283 1129 cium,
305 1057 385 1118 diuis
408 1057 531 1136 regibus
555 1066 586 1118 et
608 1077 707 1137 regno
725 1058 827 1119 fidelis
846 1058 1139 1121 incommutabiliter
1155 1079 1210 1122 ex-

186 1167 260 1241 titit,
281 1168 395 1229 nostris
411 1167 597 1249 specialibus
618 1168 838 1249 insigniremus
853 1169 973 1250 graciis,
996 1178 1027 1231 et
1041 1189 1210 1232 conserua-

185 1298 290 1343 remus
310 1278 343 1338 in
363 1279 425 1340 suis
448 1277 644 1340 libertatibus
665 1286 696 1340 et
710 1280 989 1341 consuetudinibus
1011 1281 1156 1361 antiquis,
1178 1288 1211 1344 et

186 1391 365 1454 comitatum
384 1390 486 1452 eidem
509 1390 625 1452 ciuitati
646 1392 852 1471 pertinentem
869 1392 957 1453 metis
973 1392 1209 1472 designaremus

187 1501 308 1574 debitis,
330 1521 370 1562 ne
385 1502 416 1562 in
435 1521 586 1581 processu
603 1520 791 1582 quocunque
807 1504 955 1584 temporis
970 1503 1069 1583 possit
1084 1524 1139 1584 per
1154 1502 1210 1566 ali·

186 1633 264 1694 quos
279 1613 398 1674 uicinos
414 1612 510 1692 ipsius
523 1614 670 1693 occupari
684 1621 791 1674 contra
808 1614 998 1675 uoluntatem
1011 1623 1043 1676 et
1055 1615 1209 1678 iusticiam

185 1725 315 1786 ciuitatis
340 1731 371 1784 et
393 1723 508 1784 ciuium
531 1725 715 1785 eorundem.
748 1744 805 1783 nos
820 1725 924 1806 itaque
940 1723 1079 1805 ipsorum
1095 1726 1209 1787 ciuium

184 1833 333 1896 fidelitate
355 1843 540 1914 conspecta,
569 1854 662 1914 quam
685 1853 740 1896 eos
761 1835 940 1916 perplures
963 1835 1097 1898 barones
1119 1835 1210 1918 regni

184 1948 299 2019 nostri,
321 1946 489 2008 existentes
505 1944 536 2006 in
552 1945 690 2027 partibus
710 1947 882 2018 maritimis,
904 1948 943 2008 ad
959 1967 1016 2009 nos
1032 1956 1062 2008 et
1076 1967 1209 2028 regnum

184 2066 326 2120 nostrum
341 2077 465 2137 semper
479 2057 612 2137 gessisse
628 2058 842 2137 cognouimus,
864 2056 1052 2137 peticionem
1067 2057 1209 2138 ipsorum

184 2170 364 2231 admisimus
388 2188 556 2250 generose,
579 2168 722 2230 uolentes
745 2176 776 2230 et
797 2167 827 2228 id
847 2167 1032 2230 auctoritate
1052 2169 1138 2249 regia
1153 2168 1210 2231 de-

185 2289 366 2343 cernentes:

265 2390 311 2472 ll)
332 2394 417 2473 quod
432 2412 450 2453 a
465 2393 559 2453 modo
574 2393 604 2452 io
622 2399 805 2472 perpetuum
820 2390 878 2471 ipsi
891 2390 976 2451 ciues
992 2391 1031 2451 od
1046 2410 1134 2451 suain
1150 2410 1207 2451 uo-

183 2504 333 2566 luntatem
350 2506 469 2584 possint
485 2503 570 2563 omni
586 2512 725 2584 tempore
741 2503 857 2585 eligere
872 2501 1017 2563 comitem
1036 2502 1093 2563 sibi
1109 2503 1209 2565 unde-

184 2636 308 2696 cunque
324 2615 494 2687 noluerint,
516 2615 569 2695 qui
585 2615 670 2676 ciues
685 2615 857 2677 secundum
874 2615 1118 2676 consuetudines
1133 2615 1209 2675 ciui-

183 2728 252 2789 tatis
266 2727 377 2807 ipsius,
399 2728 532 2789 eandem
548 2746 582 2788 ao
597 2747 687 2788 suum
704 2727 883 2788 comitatum
899 2734 929 2788 ct
945 2734 1082 2791 tenutam
1099 2735 1129 2788 ct
1145 2746 1208 2791 non

183 2837 272 2900 aliter
287 2839 400 2899 debeat
415 2838 573 2909 iudicare,
588 2847 619 2901 et
634 2839 719 2919 quod
733 2837 838 2900 nullus
850 2838 929 2911 dux,
943 2838 1042 2900 banus
1057 2838 1108 2901 uel
1123 2838 1209 2901 uice-

182 2951 282 3012 banus
309 2958 415 3011 noster
438 2950 522 3030 ipsos
544 2951 629 3011 ciues
652 2952 740 3012 b'one
765 2951 804 3012 ad
828 2970 918 3011 suum
940 2950 1089 3011 iudicium
1112 2950 1209 3030 possit

183 3081 296 3125 uocare
313 3060 364 3123 uel
379 3080 492 3142 cogere
508 3082 696 3143 quacunque
712 3064 751 3125 de
767 3083 877 3134 causa,
895 3071 927 3124 et
941 3063 999 3123 nisi
1015 3082 1120 3124 coram
1136 3082 1209 3143 pre-

184 3173 265 3234 dicto
278 3172 418 3251 ipsorum
431 3171 544 3233 comite
559 3174 589 3233 in
603 3173 727 3236 ciuitate
738 3175 824 3234 Nouo
840 3183 870 3235 et
885 3194 947 3234 non
963 3173 1036 3236 olibi
1047 3173 1209 3233 existente.

268 3283 313 3363 (2)
336 3283 482 3344 Uolumus
498 3285 596 3345 eciam
613 3286 696 3365 quod
718 3284 821 3345 nullus
843 3286 921 3356 dux,
943 3283 1041 3344 banus
1058 3280 1108 3343 uel
1123 3280 1209 3344 nice-

184 3396 282 3456 banus
298 3403 421 3466 noster,
444 3402 497 3455 aut
511 3394 586 3454 baro
603 3395 783 3474 quicunque
799 3393 886 3472 regni
902 3392 1012 3463 nostri,
1034 3391 1088 3471 qui
1103 3398 1210 3452 noster

184 3516 267 3570 esset
287 3505 423 3568 uicarius
445 3506 475 3565 io
497 3504 636 3586 partibus
652 3504 813 3565 maritimis
830 3524 885 3582 pro
901 3512 1042 3582 tempore
1058 3501 1209 3563 constitu-

184 3628 242 3692 tus,
258 3619 386 3700 possita
402 3615 527 3679 ciuitate
542 3624 574 3679 et
588 3616 708 3678 ciuibus
723 3616 810 3676 lione
826 3613 954 3693 aliquod
970 3613 1139 3675 seruicium
1156 3613 1209 3676 uel

184 3733 365 3794 exactiones
380 3749 584 3811 quascunque
605 3736 729 3810 petere,
750 3727 809 3788 nisi
825 3735 943 3788 tantum
957 3725 1054 3789 semol
1069 3725 1101 3786 in
1116 3745 1210 3800 anno,

183 3843 210 3904 si
225 3863 296 3905 eum
319 3842 428 3905 uenire
443 3840 603 3922 contingat
622 3838 656 3901 in
675 3837 833 3901 ciuitatem
851 3838 956 3910 None,
976 3856 1034 3918 pro
1049 3836 1144 3918 regiis
1157 3833 1211 3901 uel

183 3955 273 4037 regui
288 3954 437 4036 negociis,
456 3969 625 4035 expensam
641 3970 698 4032 pro
713 3949 838 4031 triginta
853 3948 995 4030 personis
1010 3949 1101 4009 unius
1116 3967 1210 4029 pran-

184 4068 226 4129 dii
251 4066 319 4129 siue
342 4086 429 4128 cene.
457 4086 515 4129 nec
539 4065 606 4147 ipse
627 4064 709 4137 dux,
735 4063 835 4124 banus
851 4061 902 4125 uel
917 4059 1087 4123 uicebauus
1102 4067 1211 4123 nostor

183 4189 238 4244 aut
264 4179 400 4244 uicarius
424 4179 614 4265 quicumque
641 4196 713 4242 cum
740 4175 859 4240 maiore
886 4173 1050 4239 hominurn
1076 4190 1211 4236 numero
