<?xml version="1.0" encoding="UTF-8"?>
<!DOCTYPE html PUBLIC "-//W3C//DTD XHTML 1.0 Transitional//EN"
    "http://www.w3.org/TR/xhtml1/DTD/xhtml1-transitional.dtd">
<html xmlns="http://www.w3.org/1999/xhtml" xml:lang="en" lang="en">
 <head>
  <title>
</title>
<meta http-equiv="Content-Type" content="text/html;charset=utf-8" />
  <meta name='ocr-system' content='tesseract 3.04.00' />
  <meta name='ocr-capabilities' content='ocr_page ocr_carea ocr_par ocr_line ocrx_word'/>
</head>
<body>
  <div class='ocr_page' id='page_1' title='image "./rerumhungaricar00endlgoog/rerumhungaricar00endlgoog_0196.png"; bbox 0 0 2798 4764; ppageno 0'>
   <div class='ocr_carea' id='block_1_1' title="bbox 288 308 1203 403">
    <p class='ocr_par' dir='ltr' id='par_1_1' title="bbox 288 308 1203 403">
     <span class='ocr_line' id='line_1_1' title="bbox 288 308 1203 403; baseline 0.002 -24"><span class='ocrx_word' id='word_1_1' title='bbox 288 326 437 379; x_wconf 79' lang='lat' dir='ltr'><strong>nurncr</strong></span> <span class='ocrx_word' id='word_1_2' title='bbox 450 328 590 379; x_wconf 75' lang='lat' dir='ltr'><strong>mocon</strong></span> <span class='ocrx_word' id='word_1_3' title='bbox 602 328 676 379; x_wconf 78' lang='lat' dir='ltr'><strong>nra</strong></span> <span class='ocrx_word' id='word_1_4' title='bbox 694 326 721 379; x_wconf 86' lang='lat' dir='ltr'><strong>s.</strong></span> <span class='ocrx_word' id='word_1_5' title='bbox 732 328 887 387; x_wconf 75' lang='lat' dir='ltr'><strong>snsrnm</strong></span> <span class='ocrx_word' id='word_1_6' title='bbox 905 332 998 393; x_wconf 71' lang='lat' dir='ltr'><strong>uass</strong></span> <span class='ocrx_word' id='word_1_7' title='bbox 1016 308 1095 403; x_wconf 78' lang='grc'><strong>(18].</strong></span> <span class='ocrx_word' id='word_1_8' title='bbox 1143 314 1203 387; x_wconf 80' lang='lat' dir='ltr'><strong>tos</strong></span> 
     </span>
    </p>
   </div>
   <div class='ocr_carea' id='block_1_2' title="bbox 166 483 1255 4255">
    <p class='ocr_par' dir='ltr' id='par_1_2' title="bbox 166 483 1255 4255">
     <span class='ocr_line' id='line_1_2' title="bbox 173 483 1204 569; baseline 0.006 -22"><span class='ocrx_word' id='word_1_9' title='bbox 173 484 415 569; x_wconf 80' lang='lat' dir='ltr'><strong>propiciacionis</strong></span> <span class='ocrx_word' id='word_1_10' title='bbox 440 486 491 549; x_wconf 87' lang='lat' dir='ltr'><strong>dci</strong></span> <span class='ocrx_word' id='word_1_11' title='bbox 518 483 726 551; x_wconf 80' lang='lat' dir='ltr'><strong>medicamine</strong></span> <span class='ocrx_word' id='word_1_12' title='bbox 752 485 923 561; x_wconf 85' lang='lat' dir='ltr'><strong>conualuit,</strong></span> <span class='ocrx_word' id='word_1_13' title='bbox 952 487 1066 553; x_wconf 90' lang='lat' dir='ltr'><strong>iterum</strong></span> <span class='ocrx_word' id='word_1_14' title='bbox 1091 489 1204 563; x_wconf 81' lang='lat' dir='ltr'><strong>indicis</strong></span> 
     </span>
     <span class='ocr_line' id='line_1_3' title="bbox 173 597 1204 680; baseline 0.006 -19"><span class='ocrx_word' id='word_1_15' title='bbox 173 598 273 661; x_wconf 90' lang='lat' dir='ltr'><strong>eterni</strong></span> <span class='ocrx_word' id='word_1_16' title='bbox 288 617 344 679; x_wconf 89' lang='lat' dir='ltr'><strong>per</strong></span> <span class='ocrx_word' id='word_1_17' title='bbox 354 597 467 661; x_wconf 79' lang='lat' dir='ltr'><strong>secreti</strong></span> <span class='ocrx_word' id='word_1_18' title='bbox 479 597 598 660; x_wconf 90' lang='lat' dir='ltr'><strong>consilii</strong></span> <span class='ocrx_word' id='word_1_19' title='bbox 610 597 768 680; x_wconf 87' lang='lat' dir='ltr'><strong>quandam</strong></span> <span class='ocrx_word' id='word_1_20' title='bbox 783 598 1062 675; x_wconf 85' lang='lat' dir='ltr'><strong>examinacionem,</strong></span> <span class='ocrx_word' id='word_1_21' title='bbox 1076 600 1109 664; x_wconf 93' lang='lat' dir='ltr'><strong>in</strong></span> <span class='ocrx_word' id='word_1_22' title='bbox 1122 600 1204 667; x_wconf 81' lang='lat' dir='ltr'><strong>otto-</strong></span> 
     </span>
     <span class='ocr_line' id='line_1_4' title="bbox 171 708 1203 794; baseline 0.006 -23"><span class='ocrx_word' id='word_1_23' title='bbox 171 730 241 773; x_wconf 89' lang='lat' dir='ltr'><strong>rum</strong></span> <span class='ocrx_word' id='word_1_24' title='bbox 260 729 388 773; x_wconf 87' lang='lat' dir='ltr'><strong>suorum</strong></span> <span class='ocrx_word' id='word_1_25' title='bbox 410 710 498 773; x_wconf 91' lang='lat' dir='ltr'><strong>obitu</strong></span> <span class='ocrx_word' id='word_1_26' title='bbox 519 708 579 772; x_wconf 89' lang='lat' dir='ltr'><strong>sibi</strong></span> <span class='ocrx_word' id='word_1_27' title='bbox 599 709 698 772; x_wconf 89' lang='lat' dir='ltr'><strong>sensit</strong></span> <span class='ocrx_word' id='word_1_28' title='bbox 717 708 881 772; x_wconf 87' lang='lat' dir='ltr'><strong>imminere</strong></span> <span class='ocrx_word' id='word_1_29' title='bbox 904 710 1055 787; x_wconf 86' lang='lat' dir='ltr'><strong>uerbera,</strong></span> <span class='ocrx_word' id='word_1_30' title='bbox 1075 732 1156 794; x_wconf 85' lang='lat' dir='ltr'><strong>quos</strong></span> <span class='ocrx_word' id='word_1_31' title='bbox 1169 713 1203 777; x_wconf 90' lang='lat' dir='ltr'><strong>in</strong></span> 
     </span>
     <span class='ocr_line' id='line_1_5' title="bbox 171 817 1201 903; baseline 0.004 -20"><span class='ocrx_word' id='word_1_32' title='bbox 171 820 247 903; x_wconf 85' lang='lat' dir='ltr'><strong>ipsis</strong></span> <span class='ocrx_word' id='word_1_33' title='bbox 267 819 405 885; x_wconf 75' lang='lat' dir='ltr'><strong>infancie</strong></span> <span class='ocrx_word' id='word_1_34' title='bbox 427 821 577 903; x_wconf 89' lang='lat' dir='ltr'><strong>gradibus</strong></span> <span class='ocrx_word' id='word_1_35' title='bbox 602 817 758 893; x_wconf 79' lang='lat' dir='ltr'><strong>insontes,</strong></span> <span class='ocrx_word' id='word_1_36' title='bbox 787 818 842 902; x_wconf 89' lang='lat' dir='ltr'><strong>qni</strong></span> <span class='ocrx_word' id='word_1_37' title='bbox 862 820 964 895; x_wconf 85' lang='lat' dir='ltr'><strong>dedit,</strong></span> <span class='ocrx_word' id='word_1_38' title='bbox 991 821 1126 884; x_wconf 81' lang='lat' dir='ltr'><strong>abstulit</strong></span> <span class='ocrx_word' id='word_1_39' title='bbox 1161 823 1201 887; x_wconf 87' lang='lat' dir='ltr'><strong>de</strong></span> 
     </span>
     <span class='ocr_line' id='line_1_6' title="bbox 171 929 1202 1015; baseline 0.005 -23"><span class='ocrx_word' id='word_1_40' title='bbox 171 950 306 1014; x_wconf 91' lang='lat' dir='ltr'><strong>quorum</strong></span> <span class='ocrx_word' id='word_1_41' title='bbox 328 938 428 993; x_wconf 90' lang='lat' dir='ltr'><strong>morte</strong></span> <span class='ocrx_word' id='word_1_42' title='bbox 450 929 621 993; x_wconf 72' lang='lat' dir='ltr'><strong>mesticiam</strong></span> <span class='ocrx_word' id='word_1_43' title='bbox 644 930 786 992; x_wconf 91' lang='lat' dir='ltr'><strong>obortam</strong></span> <span class='ocrx_word' id='word_1_44' title='bbox 808 930 940 1012; x_wconf 87' lang='lat' dir='ltr'><strong>genitor,</strong></span> <span class='ocrx_word' id='word_1_45' title='bbox 970 939 1101 1015; x_wconf 88' lang='lat' dir='ltr'><strong>propter</strong></span> <span class='ocrx_word' id='word_1_46' title='bbox 1114 951 1202 997; x_wconf 89' lang='lat' dir='ltr'><strong>amo·</strong></span> 
     </span>
     <span class='ocr_line' id='line_1_7' title="bbox 171 1041 1201 1125; baseline 0.005 -21"><span class='ocrx_word' id='word_1_47' title='bbox 171 1063 238 1107; x_wconf 88' lang='lat' dir='ltr'><strong>rem</strong></span> <span class='ocrx_word' id='word_1_48' title='bbox 257 1042 313 1105; x_wconf 93' lang='lat' dir='ltr'><strong>lilii</strong></span> <span class='ocrx_word' id='word_1_49' title='bbox 336 1041 530 1125; x_wconf 77' lang='lat' dir='ltr'><strong>superstitis,</strong></span> <span class='ocrx_word' id='word_1_50' title='bbox 559 1049 665 1105; x_wconf 84' lang='lat' dir='ltr'><strong>sancte</strong></span> <span class='ocrx_word' id='word_1_51' title='bbox 688 1042 803 1105; x_wconf 89' lang='lat' dir='ltr'><strong>indolis</strong></span> <span class='ocrx_word' id='word_1_52' title='bbox 824 1043 914 1124; x_wconf 88' lang='lat' dir='ltr'><strong>pueri</strong></span> <span class='ocrx_word' id='word_1_53' title='bbox 935 1043 1064 1105; x_wconf 90' lang='lat' dir='ltr'><strong>Henrici</strong></span> <span class='ocrx_word' id='word_1_54' title='bbox 1083 1044 1201 1109; x_wconf 90' lang='lat' dir='ltr'><strong>solacio</strong></span> 
     </span>
     <span class='ocr_line' id='line_1_8' title="bbox 171 1153 1199 1238; baseline 0.004 -19"><span class='ocrx_word' id='word_1_55' title='bbox 171 1156 373 1238; x_wconf 70' lang='lat' dir='ltr'><strong>compescuit</strong></span> <span class='ocrx_word' id='word_1_56' title='bbox 402 1174 497 1237; x_wconf 89' lang='lat' dir='ltr'><strong>quem</strong></span> <span class='ocrx_word' id='word_1_57' title='bbox 512 1153 604 1237; x_wconf 82' lang='lat' dir='ltr'><strong>quasi</strong></span> <span class='ocrx_word' id='word_1_58' title='bbox 619 1154 680 1216; x_wconf 90' lang='lat' dir='ltr'><strong>iam</strong></span> <span class='ocrx_word' id='word_1_59' title='bbox 695 1154 821 1217; x_wconf 92' lang='lat' dir='ltr'><strong>unicum</strong></span> <span class='ocrx_word' id='word_1_60' title='bbox 836 1173 910 1217; x_wconf 88' lang='lat' dir='ltr'><strong>caro</strong></span> <span class='ocrx_word' id='word_1_61' title='bbox 925 1154 1059 1238; x_wconf 88' lang='lat' dir='ltr'><strong>diligens</strong></span> <span class='ocrx_word' id='word_1_62' title='bbox 1073 1158 1199 1235; x_wconf 69' lang='lat' dir='ltr'><strong>mortu,</strong></span> 
     </span>
     <span class='ocr_line' id='line_1_9' title="bbox 171 1264 1202 1350; baseline 0.004 -21"><span class='ocrx_word' id='word_1_63' title='bbox 171 1266 315 1348; x_wconf 90' lang='lat' dir='ltr'><strong>precibus</strong></span> <span class='ocrx_word' id='word_1_64' title='bbox 338 1264 462 1328; x_wconf 86' lang='lat' dir='ltr'><strong>Christo</strong></span> <span class='ocrx_word' id='word_1_65' title='bbox 485 1264 679 1339; x_wconf 88' lang='lat' dir='ltr'><strong>cottidianis,</strong></span> <span class='ocrx_word' id='word_1_66' title='bbox 701 1266 819 1329; x_wconf 91' lang='lat' dir='ltr'><strong>eteius</strong></span> <span class='ocrx_word' id='word_1_67' title='bbox 837 1265 979 1347; x_wconf 78' lang='lat' dir='ltr'><strong>genitrici</strong></span> <span class='ocrx_word' id='word_1_68' title='bbox 1000 1266 1115 1349; x_wconf 90' lang='lat' dir='ltr'><strong>uirgini</strong></span> <span class='ocrx_word' id='word_1_69' title='bbox 1130 1289 1202 1350; x_wconf 91' lang='lat' dir='ltr'><strong>per·</strong></span> 
     </span>
     <span class='ocr_line' id='line_1_10' title="bbox 172 1375 1255 1471; baseline 0.004 -30"><span class='ocrx_word' id='word_1_70' title='bbox 172 1387 264 1461; x_wconf 90' lang='lat' dir='ltr'><strong>pctue</strong></span> <span class='ocrx_word' id='word_1_71' title='bbox 289 1376 541 1441; x_wconf 86' lang='lat' dir='ltr'><strong>commendauit:</strong></span> <span class='ocrx_word' id='word_1_72' title='bbox 568 1375 653 1438; x_wconf 89' lang='lat' dir='ltr'><strong>hunc</strong></span> <span class='ocrx_word' id='word_1_73' title='bbox 679 1377 739 1439; x_wconf 85' lang='lat' dir='ltr'><strong>sibi</strong></span> <span class='ocrx_word' id='word_1_74' title='bbox 767 1377 835 1440; x_wconf 84' lang='lat' dir='ltr'><strong>lore</strong></span> <span class='ocrx_word' id='word_1_75' title='bbox 864 1377 1080 1458; x_wconf 84' lang='lat' dir='ltr'><strong>superstitem,</strong></span> <span class='ocrx_word' id='word_1_76' title='bbox 1112 1377 1197 1445; x_wconf 86' lang='lat' dir='ltr'><strong>huuc</strong></span> <span class='ocrx_word' id='word_1_77' title='bbox 1252 1464 1255 1471; x_wconf 26' lang='grc' dir='ltr'>Ι</span> 
     </span>
     <span class='ocr_line' id='line_1_11' title="bbox 172 1488 1200 1571; baseline 0.002 -19"><span class='ocrx_word' id='word_1_78' title='bbox 172 1489 261 1571; x_wconf 88' lang='lat' dir='ltr'><strong>regni</strong></span> <span class='ocrx_word' id='word_1_79' title='bbox 273 1488 443 1563; x_wconf 86' lang='lat' dir='ltr'><strong>heredem,</strong></span> <span class='ocrx_word' id='word_1_80' title='bbox 464 1488 546 1551; x_wconf 89' lang='lat' dir='ltr'><strong>uotis</strong></span> <span class='ocrx_word' id='word_1_81' title='bbox 561 1489 707 1552; x_wconf 90' lang='lat' dir='ltr'><strong>omnibus</strong></span> <span class='ocrx_word' id='word_1_82' title='bbox 722 1489 923 1553; x_wconf 85' lang='lat' dir='ltr'><strong>desiderauit.</strong></span> <span class='ocrx_word' id='word_1_83' title='bbox 946 1497 978 1552; x_wconf 89' lang='lat' dir='ltr'><strong>et</strong></span> <span class='ocrx_word' id='word_1_84' title='bbox 992 1498 1026 1553; x_wconf 91' lang='lat' dir='ltr'><strong>ut</strong></span> <span class='ocrx_word' id='word_1_85' title='bbox 1040 1490 1200 1555; x_wconf 87' lang='lat' dir='ltr'><strong>efficacior</strong></span> 
     </span>
     <span class='ocr_line' id='line_1_12' title="bbox 170 1598 1199 1682; baseline 0 -19"><span class='ocrx_word' id='word_1_86' title='bbox 170 1598 261 1663; x_wconf 88' lang='lat' dir='ltr'><strong>ficret</strong></span> <span class='ocrx_word' id='word_1_87' title='bbox 283 1600 323 1661; x_wconf 87' lang='lat' dir='ltr'><strong>ad</strong></span> <span class='ocrx_word' id='word_1_88' title='bbox 347 1599 484 1662; x_wconf 91' lang='lat' dir='ltr'><strong>tenenda</strong></span> <span class='ocrx_word' id='word_1_89' title='bbox 508 1599 585 1662; x_wconf 89' lang='lat' dir='ltr'><strong>tanti</strong></span> <span class='ocrx_word' id='word_1_90' title='bbox 609 1598 769 1681; x_wconf 90' lang='lat' dir='ltr'><strong>regiminis</strong></span> <span class='ocrx_word' id='word_1_91' title='bbox 793 1600 1025 1682; x_wconf 88' lang='lat' dir='ltr'><strong>gubernacula,</strong></span> <span class='ocrx_word' id='word_1_92' title='bbox 1057 1601 1199 1665; x_wconf 88' lang='lat' dir='ltr'><strong>uirorum</strong></span> 
     </span>
     <span class='ocr_line' id='line_1_13' title="bbox 170 1710 1201 1786; baseline 0.006 -13"><span class='ocrx_word' id='word_1_93' title='bbox 170 1710 364 1775; x_wconf 89' lang='lat' dir='ltr'><strong>documentis</strong></span> <span class='ocrx_word' id='word_1_94' title='bbox 386 1710 650 1786; x_wconf 84' lang='lat' dir='ltr'><strong>orthodoxorum,</strong></span> <span class='ocrx_word' id='word_1_95' title='bbox 677 1733 738 1775; x_wconf 88' lang='lat' dir='ltr'><strong>usu</strong></span> <span class='ocrx_word' id='word_1_96' title='bbox 766 1710 908 1775; x_wconf 89' lang='lat' dir='ltr'><strong>lectionis</strong></span> <span class='ocrx_word' id='word_1_97' title='bbox 931 1712 1100 1776; x_wconf 86' lang='lat' dir='ltr'><strong>cottidiane</strong></span> <span class='ocrx_word' id='word_1_98' title='bbox 1124 1713 1201 1779; x_wconf 84' lang='lat' dir='ltr'><strong>lecit</strong></span> 
     </span>
     <span class='ocr_line' id='line_1_14' title="bbox 169 1822 1199 1905; baseline 0.003 -20"><span class='ocrx_word' id='word_1_99' title='bbox 169 1823 308 1885; x_wconf 89' lang='lat' dir='ltr'><strong>auditum</strong></span> <span class='ocrx_word' id='word_1_100' title='bbox 324 1831 490 1904; x_wconf 90' lang='lat' dir='ltr'><strong>utrumque</strong></span> <span class='ocrx_word' id='word_1_101' title='bbox 505 1822 651 1903; x_wconf 87' lang='lat' dir='ltr'><strong>prebere.</strong></span> <span class='ocrx_word' id='word_1_102' title='bbox 682 1822 750 1904; x_wconf 86' lang='lat' dir='ltr'><strong>ipse</strong></span> <span class='ocrx_word' id='word_1_103' title='bbox 766 1842 894 1905; x_wconf 90' lang='lat' dir='ltr'><strong>quoque</strong></span> <span class='ocrx_word' id='word_1_104' title='bbox 909 1830 1039 1904; x_wconf 87' lang='lat' dir='ltr'><strong>paterne</strong></span> <span class='ocrx_word' id='word_1_105' title='bbox 1055 1823 1199 1888; x_wconf 92' lang='lat' dir='ltr'><strong>dilectio·</strong></span> 
     </span>
     <span class='ocr_line' id='line_1_15' title="bbox 168 1932 1199 2014; baseline 0.004 -18"><span class='ocrx_word' id='word_1_106' title='bbox 168 1935 216 1997; x_wconf 92' lang='lat' dir='ltr'><strong>nis</strong></span> <span class='ocrx_word' id='word_1_107' title='bbox 240 1935 355 1997; x_wconf 88' lang='lat' dir='ltr'><strong>ardore</strong></span> <span class='ocrx_word' id='word_1_108' title='bbox 377 1942 599 2014; x_wconf 90' lang='lat' dir='ltr'><strong>compunctus,</strong></span> <span class='ocrx_word' id='word_1_109' title='bbox 620 1932 759 1996; x_wconf 87' lang='lat' dir='ltr'><strong>libellum</strong></span> <span class='ocrx_word' id='word_1_110' title='bbox 781 1933 840 1996; x_wconf 91' lang='lat' dir='ltr'><strong>sibi</strong></span> <span class='ocrx_word' id='word_1_111' title='bbox 861 1935 901 1997; x_wconf 89' lang='lat' dir='ltr'><strong>de</strong></span> <span class='ocrx_word' id='word_1_112' title='bbox 915 1935 1115 2000; x_wconf 89' lang='lat' dir='ltr'><strong>institucione</strong></span> <span class='ocrx_word' id='word_1_113' title='bbox 1131 1956 1199 2000; x_wconf 92' lang='lat' dir='ltr'><strong>mo·</strong></span> 
     </span>
     <span class='ocr_line' id='line_1_16' title="bbox 167 2044 1198 2129; baseline 0.002 -20"><span class='ocrx_word' id='word_1_114' title='bbox 167 2067 237 2110; x_wconf 90' lang='lat' dir='ltr'><strong>rum</strong></span> <span class='ocrx_word' id='word_1_115' title='bbox 259 2045 450 2127; x_wconf 89' lang='lat' dir='ltr'><strong>composuit,</strong></span> <span class='ocrx_word' id='word_1_116' title='bbox 471 2045 504 2106; x_wconf 92' lang='lat' dir='ltr'><strong>in</strong></span> <span class='ocrx_word' id='word_1_117' title='bbox 525 2064 588 2128; x_wconf 92' lang='lat' dir='ltr'><strong>quo</strong></span> <span class='ocrx_word' id='word_1_118' title='bbox 608 2045 744 2109; x_wconf 84' lang='lat' dir='ltr'><strong>fideliter</strong></span> <span class='ocrx_word' id='word_1_119' title='bbox 759 2053 790 2108; x_wconf 89' lang='lat' dir='ltr'><strong>et</strong></span> <span class='ocrx_word' id='word_1_120' title='bbox 811 2044 978 2129; x_wconf 82' lang='lat' dir='ltr'><strong>diligenter</strong></span> <span class='ocrx_word' id='word_1_121' title='bbox 998 2047 1103 2110; x_wconf 89' lang='lat' dir='ltr'><strong>uerbis</strong></span> <span class='ocrx_word' id='word_1_122' title='bbox 1125 2068 1198 2111; x_wconf 90' lang='lat' dir='ltr'><strong>eum</strong></span> 
     </span>
     <span class='ocr_line' id='line_1_17' title="bbox 168 2155 1198 2240; baseline 0.004 -21"><span class='ocrx_word' id='word_1_123' title='bbox 168 2156 403 2219; x_wconf 87' lang='lat' dir='ltr'><strong>ammonicionis</strong></span> <span class='ocrx_word' id='word_1_124' title='bbox 418 2155 587 2240; x_wconf 87' lang='lat' dir='ltr'><strong>spiritualis</strong></span> <span class='ocrx_word' id='word_1_125' title='bbox 603 2155 782 2239; x_wconf 81' lang='lat' dir='ltr'><strong>alloquitur,</strong></span> <span class='ocrx_word' id='word_1_126' title='bbox 796 2155 965 2230; x_wconf 89' lang='lat' dir='ltr'><strong>instruens,</strong></span> <span class='ocrx_word' id='word_1_127' title='bbox 981 2156 1115 2239; x_wconf 85' lang='lat' dir='ltr'><strong>qualiter</strong></span> <span class='ocrx_word' id='word_1_128' title='bbox 1126 2165 1198 2223; x_wconf 86' lang='lat' dir='ltr'><strong>ante</strong></span> 
     </span>
     <span class='ocr_line' id='line_1_18' title="bbox 168 2265 1198 2341; baseline 0 -11"><span class='ocrx_word' id='word_1_129' title='bbox 168 2267 273 2330; x_wconf 88' lang='lat' dir='ltr'><strong>omnia</strong></span> <span class='ocrx_word' id='word_1_130' title='bbox 287 2268 401 2330; x_wconf 88' lang='lat' dir='ltr'><strong>debeat</strong></span> <span class='ocrx_word' id='word_1_131' title='bbox 415 2268 586 2331; x_wconf 89' lang='lat' dir='ltr'><strong>obseruare</strong></span> <span class='ocrx_word' id='word_1_132' title='bbox 601 2266 697 2330; x_wconf 87' lang='lat' dir='ltr'><strong>fidem</strong></span> <span class='ocrx_word' id='word_1_133' title='bbox 713 2265 914 2341; x_wconf 88' lang='lat' dir='ltr'><strong>catholicam,</strong></span> <span class='ocrx_word' id='word_1_134' title='bbox 935 2265 1121 2329; x_wconf 89' lang='lat' dir='ltr'><strong>confirmare</strong></span> <span class='ocrx_word' id='word_1_135' title='bbox 1135 2275 1198 2341; x_wconf 82' lang='lat' dir='ltr'><strong>sta·</strong></span> 
     </span>
     <span class='ocr_line' id='line_1_19' title="bbox 168 2376 1197 2458; baseline -0.002 -15"><span class='ocrx_word' id='word_1_136' title='bbox 168 2388 231 2443; x_wconf 88' lang='lat' dir='ltr'><strong>tum</strong></span> <span class='ocrx_word' id='word_1_137' title='bbox 253 2379 515 2453; x_wconf 88' lang='lat' dir='ltr'><strong>ecclesiasticum,</strong></span> <span class='ocrx_word' id='word_1_138' title='bbox 536 2376 689 2441; x_wconf 88' lang='lat' dir='ltr'><strong>honorem</strong></span> <span class='ocrx_word' id='word_1_139' title='bbox 710 2378 894 2458; x_wconf 88' lang='lat' dir='ltr'><strong>impendere</strong></span> <span class='ocrx_word' id='word_1_140' title='bbox 916 2377 1058 2458; x_wconf 80' lang='lat' dir='ltr'><strong>dignitati</strong></span> <span class='ocrx_word' id='word_1_141' title='bbox 1072 2376 1197 2458; x_wconf 86' lang='lat' dir='ltr'><strong>pontili-</strong></span> 
     </span>
     <span class='ocr_line' id='line_1_20' title="bbox 168 2487 1197 2573; baseline -0.001 -20"><span class='ocrx_word' id='word_1_142' title='bbox 168 2512 255 2565; x_wconf 90' lang='lat' dir='ltr'><strong>cum,</strong></span> <span class='ocrx_word' id='word_1_143' title='bbox 287 2490 445 2573; x_wconf 91' lang='lat' dir='ltr'><strong>principes</strong></span> <span class='ocrx_word' id='word_1_144' title='bbox 469 2500 501 2555; x_wconf 91' lang='lat' dir='ltr'><strong>et</strong></span> <span class='ocrx_word' id='word_1_145' title='bbox 525 2489 638 2553; x_wconf 88' lang='lat' dir='ltr'><strong>milites</strong></span> <span class='ocrx_word' id='word_1_146' title='bbox 661 2488 807 2571; x_wconf 86' lang='lat' dir='ltr'><strong>diligere,</strong></span> <span class='ocrx_word' id='word_1_147' title='bbox 833 2487 984 2550; x_wconf 89' lang='lat' dir='ltr'><strong>iudicium</strong></span> <span class='ocrx_word' id='word_1_148' title='bbox 1010 2489 1197 2565; x_wconf 87' lang='lat' dir='ltr'><strong>obseruare,</strong></span> 
     </span>
     <span class='ocr_line' id='line_1_21' title="bbox 167 2598 1196 2686; baseline 0 -21"><span class='ocrx_word' id='word_1_149' title='bbox 167 2603 358 2686; x_wconf 90' lang='lat' dir='ltr'><strong>pacienciam</strong></span> <span class='ocrx_word' id='word_1_150' title='bbox 383 2603 415 2665; x_wconf 92' lang='lat' dir='ltr'><strong>in</strong></span> <span class='ocrx_word' id='word_1_151' title='bbox 439 2602 560 2665; x_wconf 90' lang='lat' dir='ltr'><strong>cunctis</strong></span> <span class='ocrx_word' id='word_1_152' title='bbox 585 2601 705 2664; x_wconf 89' lang='lat' dir='ltr'><strong>actibus</strong></span> <span class='ocrx_word' id='word_1_153' title='bbox 730 2600 865 2673; x_wconf 86' lang='lat' dir='ltr'><strong>habere,</strong></span> <span class='ocrx_word' id='word_1_154' title='bbox 895 2598 1036 2681; x_wconf 90' lang='lat' dir='ltr'><strong>hospites</strong></span> <span class='ocrx_word' id='word_1_155' title='bbox 1060 2599 1196 2683; x_wconf 86' lang='lat' dir='ltr'><strong>benigne</strong></span> 
     </span>
     <span class='ocr_line' id='line_1_22' title="bbox 166 2709 1193 2797; baseline -0.002 -20"><span class='ocrx_word' id='word_1_156' title='bbox 166 2715 326 2796; x_wconf 87' lang='lat' dir='ltr'><strong>recipere,</strong></span> <span class='ocrx_word' id='word_1_157' title='bbox 357 2714 521 2797; x_wconf 92' lang='lat' dir='ltr'><strong>benignius</strong></span> <span class='ocrx_word' id='word_1_158' title='bbox 545 2713 681 2788; x_wconf 90' lang='lat' dir='ltr'><strong>nutrire,</strong></span> <span class='ocrx_word' id='word_1_159' title='bbox 712 2711 779 2775; x_wconf 91' lang='lat' dir='ltr'><strong>siue</strong></span> <span class='ocrx_word' id='word_1_160' title='bbox 805 2709 934 2773; x_wconf 89' lang='lat' dir='ltr'><strong>consilio</strong></span> <span class='ocrx_word' id='word_1_161' title='bbox 961 2709 1057 2775; x_wconf 89' lang='lat' dir='ltr'><strong>nichil</strong></span> <span class='ocrx_word' id='word_1_162' title='bbox 1080 2731 1193 2794; x_wconf 88' lang='lat' dir='ltr'><strong>agere,</strong></span> 
     </span>
     <span class='ocr_line' id='line_1_23' title="bbox 167 2821 1193 2907; baseline -0.001 -18"><span class='ocrx_word' id='word_1_163' title='bbox 167 2826 301 2890; x_wconf 86' lang='lat' dir='ltr'><strong>maiores</strong></span> <span class='ocrx_word' id='word_1_164' title='bbox 323 2846 397 2889; x_wconf 92' lang='lat' dir='ltr'><strong>suos</strong></span> <span class='ocrx_word' id='word_1_165' title='bbox 420 2834 493 2889; x_wconf 87' lang='lat' dir='ltr'><strong>ante</strong></span> <span class='ocrx_word' id='word_1_166' title='bbox 517 2825 625 2888; x_wconf 93' lang='lat' dir='ltr'><strong>oculos</strong></span> <span class='ocrx_word' id='word_1_167' title='bbox 647 2845 773 2907; x_wconf 87' lang='lat' dir='ltr'><strong>semper</strong></span> <span class='ocrx_word' id='word_1_168' title='bbox 789 2823 836 2887; x_wconf 87' lang='lat' dir='ltr'><strong>ad.</strong></span> <span class='ocrx_word' id='word_1_169' title='bbox 845 2821 1025 2906; x_wconf 83' lang='lat' dir='ltr'><strong>exemplum</strong></span> <span class='ocrx_word' id='word_1_170' title='bbox 1039 2832 1193 2901; x_wconf 85' lang='lat' dir='ltr'><strong>statuere,</strong></span> 
     </span>
     <span class='ocr_line' id='line_1_24' title="bbox 168 2938 1194 3023; baseline 0.001 -21"><span class='ocrx_word' id='word_1_171' title='bbox 168 2941 325 3007; x_wconf 84' lang='lat' dir='ltr'><strong>oracionis</strong></span> <span class='ocrx_word' id='word_1_172' title='bbox 340 2939 478 3003; x_wconf 85' lang='lat' dir='ltr'><strong>officium</strong></span> <span class='ocrx_word' id='word_1_173' title='bbox 493 2939 706 3022; x_wconf 81' lang='lat' dir='ltr'><strong>frequentare,</strong></span> <span class='ocrx_word' id='word_1_174' title='bbox 727 2940 877 3023; x_wconf 84' lang='lat' dir='ltr'><strong>pietatem</strong></span> <span class='ocrx_word' id='word_1_175' title='bbox 891 2946 923 3002; x_wconf 87' lang='lat' dir='ltr'><strong>ct</strong></span> <span class='ocrx_word' id='word_1_176' title='bbox 936 2938 1194 3016; x_wconf 89' lang='lat' dir='ltr'><strong>misericordiam,</strong></span> 
     </span>
     <span class='ocr_line' id='line_1_25' title="bbox 168 3048 1194 3133; baseline -0.002 -18"><span class='ocrx_word' id='word_1_177' title='bbox 168 3072 239 3115; x_wconf 88' lang='lat' dir='ltr'><strong>cum</strong></span> <span class='ocrx_word' id='word_1_178' title='bbox 262 3051 376 3116; x_wconf 87' lang='lat' dir='ltr'><strong>ceteris</strong></span> <span class='ocrx_word' id='word_1_179' title='bbox 398 3050 564 3113; x_wconf 90' lang='lat' dir='ltr'><strong>uirtutibus</strong></span> <span class='ocrx_word' id='word_1_180' title='bbox 587 3052 760 3133; x_wconf 87' lang='lat' dir='ltr'><strong>possidere.</strong></span> <span class='ocrx_word' id='word_1_181' title='bbox 795 3050 907 3113; x_wconf 85' lang='lat' dir='ltr'><strong>talibus</strong></span> <span class='ocrx_word' id='word_1_182' title='bbox 933 3058 966 3113; x_wconf 87' lang='lat' dir='ltr'><strong>et</strong></span> <span class='ocrx_word' id='word_1_183' title='bbox 986 3049 1019 3111; x_wconf 94' lang='lat' dir='ltr'><strong>in</strong></span> <span class='ocrx_word' id='word_1_184' title='bbox 1041 3048 1194 3113; x_wconf 82' lang='lat' dir='ltr'><strong>similibus</strong></span> 
     </span>
     <span class='ocr_line' id='line_1_26' title="bbox 168 3159 1195 3245; baseline -0.006 -18"><span class='ocrx_word' id='word_1_185' title='bbox 168 3163 339 3245; x_wconf 88' lang='lat' dir='ltr'><strong>disciplinis</strong></span> <span class='ocrx_word' id='word_1_186' title='bbox 359 3163 519 3226; x_wconf 87' lang='lat' dir='ltr'><strong>institutus</strong></span> <span class='ocrx_word' id='word_1_187' title='bbox 540 3162 663 3225; x_wconf 89' lang='lat' dir='ltr'><strong>iuuenis</strong></span> <span class='ocrx_word' id='word_1_188' title='bbox 682 3161 861 3245; x_wconf 87' lang='lat' dir='ltr'><strong>preclarus,</strong></span> <span class='ocrx_word' id='word_1_189' title='bbox 883 3161 922 3224; x_wconf 87' lang='lat' dir='ltr'><strong>ad</strong></span> <span class='ocrx_word' id='word_1_190' title='bbox 937 3168 1046 3223; x_wconf 89' lang='lat' dir='ltr'><strong>nutum</strong></span> <span class='ocrx_word' id='word_1_191' title='bbox 1061 3159 1195 3242; x_wconf 89' lang='lat' dir='ltr'><strong>disposi-</strong></span> 
     </span>
     <span class='ocr_line' id='line_1_27' title="bbox 168 3267 1194 3349; baseline -0.01 -10"><span class='ocrx_word' id='word_1_192' title='bbox 168 3275 266 3339; x_wconf 87' lang='lat' dir='ltr'><strong>cionis</strong></span> <span class='ocrx_word' id='word_1_193' title='bbox 280 3284 404 3349; x_wconf 90' lang='lat' dir='ltr'><strong>eterne,</strong></span> <span class='ocrx_word' id='word_1_194' title='bbox 426 3274 477 3336; x_wconf 89' lang='lat' dir='ltr'><strong>cui</strong></span> <span class='ocrx_word' id='word_1_195' title='bbox 491 3281 603 3338; x_wconf 85' lang='lat' dir='ltr'><strong>cuncta</strong></span> <span class='ocrx_word' id='word_1_196' title='bbox 616 3273 798 3347; x_wconf 89' lang='lat' dir='ltr'><strong>subiacent,</strong></span> <span class='ocrx_word' id='word_1_197' title='bbox 819 3269 1008 3343; x_wconf 86' lang='lat' dir='ltr'><strong>obediendo,</strong></span> <span class='ocrx_word' id='word_1_198' title='bbox 1028 3267 1194 3330; x_wconf 89' lang='lat' dir='ltr'><strong>millesimo</strong></span> 
     </span>
     <span class='ocr_line' id='line_1_28' title="bbox 169 3376 1195 3466; baseline -0.007 -20"><span class='ocrx_word' id='word_1_199' title='bbox 169 3386 271 3446; x_wconf 77' lang='lat' dir='ltr'><strong>xlttt.</strong></span> <span class='ocrx_word' id='word_1_200' title='bbox 295 3385 396 3466; x_wconf 89' lang='lat' dir='ltr'><strong>primo</strong></span> <span class='ocrx_word' id='word_1_201' title='bbox 421 3385 577 3447; x_wconf 91' lang='lat' dir='ltr'><strong>dominice</strong></span> <span class='ocrx_word' id='word_1_202' title='bbox 601 3381 830 3446; x_wconf 86' lang='lat' dir='ltr'><strong>incarnacionis</strong></span> <span class='ocrx_word' id='word_1_203' title='bbox 854 3399 958 3453; x_wconf 88' lang='lat' dir='ltr'><strong>anno,</strong></span> <span class='ocrx_word' id='word_1_204' title='bbox 990 3377 1087 3440; x_wconf 88' lang='lat' dir='ltr'><strong>uitam</strong></span> <span class='ocrx_word' id='word_1_205' title='bbox 1111 3376 1195 3455; x_wconf 87' lang='lat' dir='ltr'><strong>hanc</strong></span> 
     </span>
     <span class='ocr_line' id='line_1_29' title="bbox 171 3488 1195 3575; baseline -0.005 -19"><span class='ocrx_word' id='word_1_206' title='bbox 171 3495 331 3558; x_wconf 87' lang='lat' dir='ltr'><strong>exicialem</strong></span> <span class='ocrx_word' id='word_1_207' title='bbox 359 3496 563 3558; x_wconf 90' lang='lat' dir='ltr'><strong>commutauit</strong></span> <span class='ocrx_word' id='word_1_208' title='bbox 597 3495 805 3575; x_wconf 87' lang='lat' dir='ltr'><strong>sempiterna,</strong></span> <span class='ocrx_word' id='word_1_209' title='bbox 840 3510 1050 3572; x_wconf 88' lang='lat' dir='ltr'><strong>supernorum</strong></span> <span class='ocrx_word' id='word_1_210' title='bbox 1079 3488 1195 3552; x_wconf 86' lang='lat' dir='ltr'><strong>ciuium</strong></span> 
     </span>
     <span class='ocr_line' id='line_1_30' title="bbox 169 3598 1195 3684; baseline -0.006 -16"><span class='ocrx_word' id='word_1_211' title='bbox 169 3606 333 3669; x_wconf 90' lang='lat' dir='ltr'><strong>adiunctus</strong></span> <span class='ocrx_word' id='word_1_212' title='bbox 359 3604 577 3669; x_wconf 88' lang='lat' dir='ltr'><strong>contubernio.</strong></span> <span class='ocrx_word' id='word_1_213' title='bbox 610 3604 698 3666; x_wconf 85' lang='lat' dir='ltr'><strong>cuius</strong></span> <span class='ocrx_word' id='word_1_214' title='bbox 723 3603 858 3665; x_wconf 90' lang='lat' dir='ltr'><strong>animam</strong></span> <span class='ocrx_word' id='word_1_215' title='bbox 883 3602 952 3684; x_wconf 88' lang='lat' dir='ltr'><strong>ipsa</strong></span> <span class='ocrx_word' id='word_1_216' title='bbox 977 3601 1125 3665; x_wconf 86' lang='lat' dir='ltr'><strong>transitus</strong></span> <span class='ocrx_word' id='word_1_217' title='bbox 1145 3598 1195 3662; x_wconf 90' lang='lat' dir='ltr'><strong>sui</strong></span> 
     </span>
     <span class='ocr_line' id='line_1_31' title="bbox 167 3712 1195 3799; baseline -0.004 -20"><span class='ocrx_word' id='word_1_218' title='bbox 167 3715 263 3792; x_wconf 88' lang='lat' dir='ltr'><strong>hora,</strong></span> <span class='ocrx_word' id='word_1_219' title='bbox 290 3717 413 3782; x_wconf 89' lang='lat' dir='ltr'><strong>cuidam</strong></span> <span class='ocrx_word' id='word_1_220' title='bbox 436 3717 585 3799; x_wconf 90' lang='lat' dir='ltr'><strong>episcopo</strong></span> <span class='ocrx_word' id='word_1_221' title='bbox 609 3716 782 3779; x_wconf 86' lang='lat' dir='ltr'><strong>Grecorum</strong></span> <span class='ocrx_word' id='word_1_222' title='bbox 807 3722 914 3778; x_wconf 86' lang='lat' dir='ltr'><strong>sancte</strong></span> <span class='ocrx_word' id='word_1_223' title='bbox 940 3712 1195 3777; x_wconf 86' lang='lat' dir='ltr'><strong>conuersacionis</strong></span> 
     </span>
     <span class='ocr_line' id='line_1_32' title="bbox 169 3822 1195 3909; baseline 0 -20"><span class='ocrx_word' id='word_1_224' title='bbox 169 3827 239 3889; x_wconf 91' lang='lat' dir='ltr'><strong>uiro</strong></span> <span class='ocrx_word' id='word_1_225' title='bbox 262 3827 437 3892; x_wconf 87' lang='lat' dir='ltr'><strong>reuelatum</strong></span> <span class='ocrx_word' id='word_1_226' title='bbox 463 3834 527 3903; x_wconf 88' lang='lat' dir='ltr'><strong>est,</strong></span> <span class='ocrx_word' id='word_1_227' title='bbox 559 3826 676 3892; x_wconf 81' lang='lat' dir='ltr'><strong>deferri</strong></span> <span class='ocrx_word' id='word_1_228' title='bbox 697 3846 754 3908; x_wconf 86' lang='lat' dir='ltr'><strong>per</strong></span> <span class='ocrx_word' id='word_1_229' title='bbox 774 3825 904 3909; x_wconf 88' lang='lat' dir='ltr'><strong>angelos</strong></span> <span class='ocrx_word' id='word_1_230' title='bbox 923 3825 963 3888; x_wconf 89' lang='lat' dir='ltr'><strong>ad</strong></span> <span class='ocrx_word' id='word_1_231' title='bbox 984 3822 1045 3888; x_wconf 92' lang='lat' dir='ltr'><strong>celi</strong></span> <span class='ocrx_word' id='word_1_232' title='bbox 1064 3823 1195 3909; x_wconf 81' lang='lat' dir='ltr'><strong>palacia.</strong></span> 
     </span>
     <span class='ocr_line' id='line_1_33' title="bbox 168 3936 1195 4025; baseline -0.001 -23"><span class='ocrx_word' id='word_1_233' title='bbox 168 3958 276 4003; x_wconf 81' lang='lat' dir='ltr'><strong>uerum</strong></span> <span class='ocrx_word' id='word_1_234' title='bbox 284 3986 294 4017; x_wconf 94' lang='lat'><strong>,</strong></span> <span class='ocrx_word' id='word_1_235' title='bbox 308 3941 383 4025; x_wconf 89' lang='lat' dir='ltr'><strong>quia</strong></span> <span class='ocrx_word' id='word_1_236' title='bbox 397 3960 454 4023; x_wconf 94' lang='lat' dir='ltr'><strong>pro</strong></span> <span class='ocrx_word' id='word_1_237' title='bbox 468 3940 638 4003; x_wconf 85' lang='lat' dir='ltr'><strong>sanctitatis</strong></span> <span class='ocrx_word' id='word_1_238' title='bbox 653 3959 709 4002; x_wconf 90' lang='lat' dir='ltr'><strong>sue</strong></span> <span class='ocrx_word' id='word_1_239' title='bbox 724 3937 841 4001; x_wconf 91' lang='lat' dir='ltr'><strong>meritis</strong></span> <span class='ocrx_word' id='word_1_240' title='bbox 855 3957 977 4003; x_wconf 91' lang='lat' dir='ltr'><strong>summo</strong></span> <span class='ocrx_word' id='word_1_241' title='bbox 992 3936 1032 4000; x_wconf 91' lang='lat' dir='ltr'><strong>ab</strong></span> <span class='ocrx_word' id='word_1_242' title='bbox 1049 3936 1195 4001; x_wconf 81' lang='lat' dir='ltr'><strong>omnihus</strong></span> 
     </span>
     <span class='ocr_line' id='line_1_34' title="bbox 169 4044 1197 4134; baseline -0.004 -19"><span class='ocrx_word' id='word_1_243' title='bbox 169 4051 358 4134; x_wconf 89' lang='lat' dir='ltr'><strong>diligebatur</strong></span> <span class='ocrx_word' id='word_1_244' title='bbox 379 4054 511 4129; x_wconf 81' lang='lat' dir='ltr'><strong>ellectu,</strong></span> <span class='ocrx_word' id='word_1_245' title='bbox 543 4060 630 4116; x_wconf 86' lang='lat' dir='ltr'><strong>ortus</strong></span> <span class='ocrx_word' id='word_1_246' title='bbox 651 4060 699 4116; x_wconf 92' lang='lat' dir='ltr'><strong>est</strong></span> <span class='ocrx_word' id='word_1_247' title='bbox 719 4051 831 4134; x_wconf 87' lang='lat' dir='ltr'><strong>ingens</strong></span> <span class='ocrx_word' id='word_1_248' title='bbox 852 4051 955 4114; x_wconf 89' lang='lat' dir='ltr'><strong>luctus</strong></span> <span class='ocrx_word' id='word_1_249' title='bbox 978 4048 1117 4113; x_wconf 90' lang='lat' dir='ltr'><strong>omnium</strong></span> <span class='ocrx_word' id='word_1_250' title='bbox 1137 4044 1197 4111; x_wconf 85' lang='lat' dir='ltr'><strong>sed</strong></span> 
     </span>
     <span class='ocr_line' id='line_1_35' title="bbox 168 4161 1196 4255; baseline -0.007 -25"><span class='ocrx_word' id='word_1_251' title='bbox 168 4163 306 4230; x_wconf 84' lang='lat' dir='ltr'><strong>maxime</strong></span> <span class='ocrx_word' id='word_1_252' title='bbox 336 4164 532 4255; x_wconf 84' lang='lat' dir='ltr'><strong>principum,</strong></span> <span class='ocrx_word' id='word_1_253' title='bbox 561 4164 644 4231; x_wconf 90' lang='lat' dir='ltr'><strong>inter</strong></span> <span class='ocrx_word' id='word_1_254' title='bbox 667 4185 748 4249; x_wconf 87' lang='lat' dir='ltr'><strong>quos</strong></span> <span class='ocrx_word' id='word_1_255' title='bbox 770 4172 862 4251; x_wconf 83' lang='lat' dir='ltr'><strong>pater</strong></span> <span class='ocrx_word' id='word_1_256' title='bbox 890 4161 1068 4239; x_wconf 85' lang='lat' dir='ltr'><strong>desolatus,</strong></span> <span class='ocrx_word' id='word_1_257' title='bbox 1097 4176 1196 4247; x_wconf 78' lang='lat' dir='ltr'><strong>graue</strong></span> 
     </span>
    </p>
   </div>
   <div class='ocr_carea' id='block_1_3' title="bbox 0 0 1404 4764">
    <p class='ocr_par' dir='ltr' id='par_1_3' title="bbox 0 0 1404 4764">
     <span class='ocr_line' id='line_1_36' title="bbox 0 0 1404 4764; baseline 0 2"><span class='ocrx_word' id='word_1_258' title='bbox 0 0 1404 4764; x_wconf 95' lang='lat' dir='ltr'><strong> </strong></span> 
     </span>
    </p>
   </div>
  </div>
 </body>
</html>
