2798 4764
224 287 286 354 3l6
466 306 492 354 s.
505 307 649 354 ιιιιιιιιι
669 307 759 354 aaars
780 308 946 354 urcunruu
967 311 1012 355 nr.

226 467 258 524 at
271 460 325 541 qui
339 461 443 525 furem
459 482 529 524 cum
547 482 629 544 equo
652 461 940 545 comprehenderit,
962 464 1065 528 sorem
1081 466 1134 530 det
1148 468 1254 541 iudici,

226 592 327 656 equus
342 596 420 637 nero
435 596 510 637 suns
523 576 562 637 sit
576 575 647 638 sibi.

307 684 374 769 (15)
405 689 448 748 Dc
468 691 513 750 bis
532 691 582 769 qui
602 691 745 751 decretam
766 692 841 769 repis
860 702 1011 770 spernunt.
1066 691 1254 775 Quicunque

225 820 304 863 uero
319 800 402 882 regis
418 809 448 863 et
462 802 637 883 principum
653 804 779 864 decreta
794 802 937 883 fregerit,
960 803 986 864 si
1009 804 1177 885 episcopus
1198 816 1256 878 est,

225 914 400 976 secuudum
415 914 607 976 uoluntatem
623 915 705 995 regis
721 916 915 988 diiudicetur,
938 915 964 976 si
980 935 1104 989 eomes,
1126 937 1144 977 a
1160 920 1257 978 conri-

224 1031 291 1087 tatu
314 1024 514 1106 degradetur,
536 1026 561 1087 si
583 1027 735 1097 centurio,
760 1026 880 1088 honore
904 1027 1053 1106 priuetur,
1076 1036 1106 1089 et
1127 1028 1257 1108 insuper

226 1135 452 1219 quinquaginta
479 1136 618 1218 quinque
646 1156 760 1218 pensas
788 1137 899 1200 soluat.
935 1138 1024 1201 miles
1053 1139 1257 1202 consimiliter

227 1248 454 1330 quinquaginta
469 1248 608 1329 quinque
623 1268 738 1329 pensas
753 1248 865 1310 soluat.

309 1358 376 1441 (16)
398 1362 441 1422 Dc
456 1363 609 1422 iudicibus.
654 1360 802 1423 Uolumus
818 1370 852 1423 ut
865 1381 946 1424 unus
962 1362 1095 1444 quisque
1110 1363 1206 1425 iudex
1223 1363 1256 1425 in

226 1473 376 1555 parochia
391 1492 448 1535 sua
463 1473 595 1547 iudicet,
616 1474 649 1534 r'd
662 1484 702 1534 ast
715 1494 798 1534 acmo
812 1476 941 1536 tadicum
956 1487 1041 1536 ectra
1061 1496 1148 1536 cuam
1169 1478 1257 1537 iaris·

225 1586 381 1648 dictionem
396 1588 513 1647 iudicet.

309 1694 375 1777 (17)
397 1699 440 1758 Dc
452 1699 566 1777 [aribus
580 1700 620 1758 ad
634 1700 781 1759 eccleciam
801 1701 977 1779 sapientibus
997 1710 1023 1761 ct
1043 1720 1072 1760 cc
1094 1703 1258 1762 innocenter

224 1812 486 1892 proclamantibus.
529 1810 561 1870 Si
580 1811 633 1890 qui
652 1810 736 1871 serui
758 1809 810 1872 uel
830 1811 919 1873 liberi
935 1812 1019 1874 sures
1035 1813 1074 1873 ad
1090 1812 1256 1874 ecclesiam

226 1921 480 1993 subintrauerint,
502 1929 581 1983 etse
598 1922 784 1982 innocentes
800 1942 870 1983 esse
884 1922 1156 2003 proclamauerint,
1177 1922 1258 1984 iudi-

227 2034 276 2095 cio
299 2033 482 2115 probentur.
511 2034 642 2114 quodsi
666 2033 710 2094 rei
733 2035 951 2114 apparuerint,
972 2035 1062 2115 quasi
1079 2035 1131 2116 qui
1156 2036 1257 2097 eccle·

227 2145 304 2207 siam
329 2165 392 2206 non
416 2144 587 2207 intrassent
607 2144 791 2207 iudicentur.
822 2145 848 2207 ci
870 2165 947 2208 uero
970 2145 1093 2227 culpam
1119 2147 1256 2208 confessi

226 2257 356 2331 luerint,
377 2257 447 2338 lege
461 2257 544 2318 beati
561 2256 711 2335 Stephani
727 2258 948 2320 discuciantur.

310 2367 318 2450 (
325 2366 375 2450 19)
408 2369 443 2431 Ut
461 2371 557 2431 aldtus
578 2389 643 2430 cnm
660 2372 726 2449 [ure
740 2371 847 2431 audeat
861 2371 1026 2431 conuenire.
1071 2370 1255 2431 Nemorum

226 2482 295 2544 lure
311 2482 425 2545 audeat
440 2480 622 2543 conuenire.
643 2481 670 2542 si
686 2490 790 2544 autem
806 2482 875 2564 quis
891 2481 985 2544 suerit
1000 2482 1078 2555 talis,
1101 2484 1257 2564 quiuqua-

226 2596 311 2677 ginta
324 2596 462 2677 quiaque
477 2615 590 2676 pensas
605 2595 725 2675 perdat.

310 2704 377 2786 (ab)
398 2706 488 2768 Nemo
509 2707 593 2766 ducat
621 2709 717 2784 [arem
738 2706 778 2766 ad
800 2708 892 2766 alium
913 2709 1050 2769 iadicem.
1102 2706 1253 2769 Uolumus

225 2818 326 2880 eciam
348 2827 382 2880 ut
400 2819 425 2880 si
444 2819 513 2898 quis
533 2818 635 2879 sarem
657 2819 790 2899 ceperit,
813 2829 884 2881 ante
901 2821 986 2881 illum
1003 2820 1136 2882 iudicem
1153 2820 1255 2881 discu-

226 2930 326 2993 ciatur
340 2950 449 3000 eausa,
471 2930 502 2989 iu
519 2928 606 2988 ouius
621 2930 755 2990 termino
771 2938 879 3010 captus
894 2931 987 2993 suerit
1002 2933 1060 2993 sur.

309 3038 372 3122 (21)
395 3042 438 3102 Da
450 3042 699 3136 usucapcionibuc.
720 3040 948 3121 Usucapciones
964 3043 1126 3122 capiantur
1141 3062 1159 3103 a
1174 3041 1252 3102 sesto

225 3176 251 3218 s.
266 3154 391 3236 Georgii
408 3174 506 3234 usqne
523 3153 562 3214 ad
578 3152 692 3214 festum
707 3173 731 3214 s.
743 3154 867 3215 loannis
882 3155 1030 3235 Baptiste.
1056 3163 1086 3216 et
1101 3156 1255 3216 dirrautur

224 3268 257 3329 in
272 3267 439 3340 ciuitatem,
462 3273 687 3346 teneanturque
703 3285 802 3347 nsque
818 3266 857 3327 ad
873 3266 988 3329 festum
1004 3268 1101 3328 sancti
1116 3266 1254 3328 blichae-

225 3380 279 3453 lis,
301 3400 337 3442 ac
363 3387 583 3461 presententur
605 3377 732 3440 assidue
757 3378 789 3439 iu
814 3387 972 3451 mercatu,
995 3388 1028 3441 nt
1050 3380 1075 3440 si
1098 3379 1253 3461 quispiam

225 3513 313 3554 suam
344 3492 496 3571 repererit
524 3511 705 3572 personam,
743 3493 877 3554 redimat
903 3493 1073 3573 nonaginta
1100 3493 1253 3564 denariis,

226 3622 340 3682 equum
364 3604 546 3675 duodecim,
569 3603 683 3663 bouem
699 3603 848 3684 quinque.
883 3603 1051 3683 exquibus
1074 3604 1135 3663 due
1151 3612 1253 3682 partes

224 3713 308 3793 regi,
331 3721 393 3774 tres
417 3714 521 3775 comiti
543 3713 727 3774 tribuantur.
756 3714 783 3774 si
804 3733 880 3774 uero
902 3731 1000 3792 nsque
1023 3713 1136 3772 festum
1161 3731 1184 3771 s.
1196 3712 1255 3771 lli·

225 3823 341 3884 chaelis
366 3824 484 3884 inuenti
512 3844 576 3885 nou
604 3824 737 3897 fuerint,
772 3824 952 3886 diuiduntur
975 3823 1119 3903 predicto
1147 3826 1253 3885 modo.

223 3944 329 3999 tamea
354 3934 439 3997 nullo
469 3941 561 4015 pacto
587 3938 764 3998 uendautur
788 3933 840 3998 uel
865 3935 1021 4008 celentur,
1054 3935 1111 3997 sed
1135 3945 1254 3999 tantum

223 4047 330 4112 labore
346 4066 455 4109 eorum
469 4054 605 4109 utantur.
627 4049 653 4109 si
668 4048 817 4112 collector
830 4048 1010 4109 uendiderit
1026 4047 1077 4109 uel
1094 4049 1254 4122 celauerit,

223 4159 352 4246 triplum
370 4159 498 4234 reddat,
527 4158 659 4243 ipseque
680 4160 791 4224 decem
812 4178 929 4244 pausas
952 4159 1121 4242 persoluat.
1147 4180 1254 4223 comes
