2798 4764
258 354 399 426 mmm
413 378 458 426 ιιι.
471 377 560 426 nors
574 376 755 426 subsanno
768 376 908 424 rasonis.-
942 356 1036 426 lm.
1098 350 1160 424 609

135 546 208 600 tam.
236 535 342 598 datum
366 556 423 616 per
442 554 551 598 manus
570 535 757 598 uenerabilis
778 533 877 597 Patris
899 534 930 597 d.
947 534 1082 608 Tbome,
1107 533 1160 598 dci

136 649 240 731 gracia
261 647 400 729 episcopi
420 647 587 720 rociensis,
616 647 686 709 aule
711 656 816 709 nostre
838 645 1032 719 cancellarii,
1054 645 1160 710 dilecd

137 768 169 824 et
186 759 289 823 fidelis
309 760 417 822 nostri.
452 779 535 822 anno
558 759 713 821 dominice
735 758 963 820 incarnacionis
985 758 1161 833 millesimo,

137 872 361 942 ducentesimo,
376 872 588 952 octuagesimo
603 879 726 932 octauo.
748 870 835 952 regni
847 875 952 931 autem
964 868 1063 930 nostri
1077 886 1160 932 anno

136 991 225 1045 sexto
240 983 372 1047 decimo.
395 982 581 1045 duodecimo
598 982 745 1045 kalendas
760 980 884 1061 Aprilis.

477 1256 822 1276 w

440 1485 632 1571 mtsttt
654 1485 712 1571 lll.
736 1484 857 1569 ttttts

135 1674 452 1754 MODERATIO
488 1673 705 1751 TELOlttt
746 1673 1160 1751 STRIGONOENSIS.

504 1850 787 1915 nccnxxxvnr.

332 2021 356 2073 Ε
373 2026 517 2074 transnanto
534 2019 658 2072 badonici
682 2021 703 2071 l.
716 2019 787 2085 regis
805 2038 870 2072 anna
891 2022 960 2075 1365.

218 2310 379 2373 Ladislaus
407 2331 463 2373 rex
484 2309 590 2373 omnia
613 2310 776 2393 priuilegia
799 2313 934 2395 capitulo
956 2313 1161 2396 strigoniensi

71 2471 76 2478 .
136 2432 172 2482 ac
195 2421 380 2484 monialibus
402 2421 441 2484 dc
463 2422 566 2484 insula
585 2441 604 2484 a
625 2423 901 2504 predecessoribus
922 2443 1094 2498 concessa,
1128 2432 1161 2488 et

136 2534 248 2613 queuis
267 2532 390 2613 singula
411 2532 637 2614 premissorum
657 2535 688 2594 in
702 2533 813 2597 litteris
834 2536 899 2600 suis
914 2537 1161 2620 priuilegialibas

135 2647 193 2706 sub
215 2665 297 2708 anno
318 2645 614 2707 mccxxxxsttt.
634 2647 801 2721 conlectis,
830 2650 1036 2730 acceptando,
1062 2646 1160 2712 ratiti·

135 2758 244 2830 cando,
266 2756 490 2831 confirmando,
510 2758 614 2839 ipsum
632 2759 781 2822 tributum
795 2762 1036 2835 moderandum,
1058 2782 1159 2843 quan-

133 2877 198 2931 tum
214 2869 377 2942 uidelicet,
400 2870 438 2931 de
453 2870 645 2951 quibuslibet
659 2872 753 2933 rebus
767 2872 807 2934 ad
821 2873 923 2955 ipsum
938 2873 1086 2938 tribulum
1102 2874 1159 2937 de·

133 2980 272 3044 serendis
293 2981 376 3064 exigi
390 2982 533 3057 deberet,
555 2991 649 3067 atque
665 2983 716 3047 tali
731 2984 943 3066 disposicione
957 2986 1158 3067 presentibus

133 3092 214 3155 inira
228 3092 398 3154 uerbaliter
410 3091 527 3156 inserta
541 3094 628 3159 duxit
643 3096 848 3158 limitandum.

215 3202 262 3283 (l)
283 3203 377 3278 Quod
393 3215 547 3266 mercator
558 3207 598 3268 de
609 3207 723 3268 lluscia
740 3207 871 3270 ueniens
883 3207 977 3269 unius
988 3206 1074 3287 equi,
1088 3206 1158 3268 sine

132 3313 165 3375 in
187 3315 298 3388 Pestb,
319 3316 386 3378 siue
408 3316 555 3398 Slrigonii
576 3316 644 3378 siue
664 3317 738 3378 alibi
762 3318 949 3390 descendat,
970 3327 1001 3381 et
1015 3316 1158 3378 similiter

133 3423 166 3486 hi
180 3427 233 3506 qui
247 3426 346 3507 pelles
360 3427 509 3490 delerunl
524 3447 621 3500 caras,
641 3428 766 3490 soluent
780 3427 940 3490 dimidiam
955 3447 1102 3490 marcam.

215 3536 260 3618 (2)
281 3538 356 3601 ltem
378 3540 405 3600 si
426 3540 466 3601 de
487 3539 622 3619 Bulgan,
647 3540 732 3621 quod
754 3538 868 3603 dicitur
890 3540 1043 3615 Marcbia,
1071 3540 1157 3603 ciues

132 3649 361 3730 strigonienses
375 3657 503 3732 portent
516 3649 641 3722 uinum,
655 3651 723 3712 siue
737 3651 768 3711 in
781 3649 907 3725 carinis,
928 3651 995 3713 siue
1009 3651 1041 3713 in
1056 3650 1157 3713 curri·

131 3761 200 3836 bus,
220 3763 260 3825 de
275 3761 415 3844 qualibet
429 3760 546 3824 tunelln
564 3762 687 3825 soluanl
701 3763 766 3826 duo
781 3764 931 3844 pondera.

213 3872 258 3953 (3)
279 3876 355 3938 ltem
375 3876 401 3937 si
421 3874 565 3937 homines
579 3874 618 3936 de
633 3874 770 3937 blacchia
793 3876 900 3938 uinum
923 3877 1065 3942 delerant
1078 3878 1157 3941 Stri-

133 3983 276 4063 gonium,
297 3987 337 4050 de
352 3987 463 4070 dimoti
478 3986 602 4049 tuucllis
616 3987 742 4052 soluant
755 4007 849 4051 unam
864 4006 1011 4054 marcam.

214 4092 259 4176 (l)
280 4098 358 4159 ltem
378 4097 406 4161 si
425 4099 500 4162 uina
520 4097 646 4162 uenalia
665 4100 705 4162 de
720 4120 909 4186 quocunque
922 4101 1064 4166 locorum
1079 4102 1162 4165 sus·

132 4205 261 4292 genium
280 4206 440 4285 delerant,
459 4209 528 4274 siue
549 4211 589 4275 da
605 4210 756 4297 Simigbc,
774 4212 845 4287 aias
863 4215 904 4278 da
919 4213 1010 4290 lala,
1029 4214 1098 4276 siue
1113 4213 1155 4279 ds
