2798 4764
300 336 448 390 manes
466 339 608 389 srrsconr
620 340 694 389 ura
715 330 905 390 serenante
921 332 1017 392 aren
1028 318 1107 413 (ii).
1158 318 1219 394 idi

187 497 220 562 in
245 502 380 563 mortem
404 497 509 562 conati
533 496 661 561 luerunt
684 505 829 561 tractare.
863 497 925 561 iam
948 496 1000 564 die
1024 501 1217 585 adueepera·

188 616 313 685 scente,
341 616 413 673 ante
435 629 529 693 quam
550 609 582 671 iu
605 609 699 674 domo
719 609 848 673 lucerna
870 612 1104 689 accenderetur,
1133 628 1218 679 unns

187 741 297 785 eorum
312 721 463 785 audacter
476 721 535 784 sub
550 721 685 784 obscuro
698 720 860 804 ingressus
881 729 943 796 est,
964 732 996 787 et
1014 724 1053 787 ad
1073 724 1220 808 iugulan-

187 832 262 895 dum
283 851 406 915 regem,
434 852 542 895 ensem
564 832 716 896 nudatum
734 833 794 896 sub
816 832 950 897 clamide
973 835 1109 918 tegebat.
1134 837 1218 901 Dum

185 945 301 1028 pedem
323 943 497 1019 inhiberet,
518 945 572 1008 ubi
593 964 648 1007 rex
669 944 866 1026 quiescebat,
895 965 1007 1010 reuera
1031 947 1139 1010 celesti
1159 947 1220 1012 ins·

187 1056 281 1140 pulsu
304 1056 428 1139 gladius
453 1058 587 1130 corruit,
617 1075 852 1140 percussusque
876 1057 909 1120 in
934 1065 1049 1121 terram
1075 1058 1219 1125 tinnitum

183 1145 334 1232 ieddidit.
355 1168 523 1250 statimque
538 1189 595 1230 rex
609 1168 759 1244 audiens,
781 1186 906 1232 causam
921 1171 1104 1252 requisiuit,
1125 1178 1157 1235 et
1170 1178 1220 1239 11-

187 1300 261 1345 men
275 1280 349 1363 quid
367 1279 476 1343 luisset
491 1280 693 1362 presciuerat.
714 1280 762 1344 vir
776 1289 880 1344 autem
896 1280 948 1345 ille
963 1282 1075 1346 mxius
1090 1282 1220 1361 corruit,

190 1392 352 1456 eonsilium
366 1391 483 1455 luroris
497 1391 545 1455 sui
558 1392 754 1475 recopuouit,
766 1393 875 1469 doluit,
886 1395 1028 1468 accessit,
1040 1394 1219 1478 procubuit,

190 1502 321 1586 uestigia
336 1502 419 1586 regis
434 1500 628 1584 amplexatus
644 1510 708 1578 est,
727 1524 761 1568 se
775 1503 945 1588 deliquisse
960 1505 1139 1582 confessus,
1159 1506 1220 1575 effi

188 1614 344 1698 indulgeri
359 1622 504 1697 precatus
519 1622 577 1678 est.
602 1615 725 1678 veniam
740 1624 926 1699 querentem
940 1637 1004 1681 non
1019 1619 1151 1694 auertit,
1170 1618 1220 1685 ia·

189 1726 278 1791 cinus
299 1723 391 1790 facile
414 1726 547 1800 dimisit,
568 1727 715 1810 idemque
729 1728 817 1791 iussu
835 1730 920 1812 regis
935 1729 1093 1794 homicide
1112 1729 1220 1797 illil'n-

187 1837 290 1912 uenti,
311 1837 436 1900 adducti
450 1845 532 1912 suut,
553 1845 585 1901 et
598 1839 751 1903 aduersus
765 1859 820 1904 eos
835 1839 952 1904 iudicio
966 1841 1100 1917 locutus,
1121 1842 1219 1927 dim

188 1966 244 2013 eos
257 1946 402 2013 multanit
414 1949 587 2013 sentencia.

270 2167 337 2253 (at)
359 2172 515 2247 Tandem,
536 2192 595 2255 per
608 2173 855 2238 misericordiam
870 2174 922 2238 dei
938 2175 1051 2260 dignus
1066 2172 1219 2260 centupli·

189 2290 258 2346 cate
272 2283 491 2347 retribucionis
506 2284 626 2359 brauio,
640 2293 741 2349 uetus
756 2284 847 2359 febri,
862 2304 934 2348 cum
948 2286 1007 2348 sibi
1020 2286 1101 2349 diem
1115 2296 1220 2351 ωηο·-

188 2393 249 2457 itus
271 2392 437 2458 imminere
459 2413 524 2458 non
542 2395 732 2478 ambigeret,
752 2396 912 2459 accersitis
931 2396 1085 2479 episcopis
1106 2406 1138 2462 et
1155 2396 1221 2481 prl-

189 2504 247 2569 mis
269 2505 396 2587 palacii,
419 2506 459 2570 de
474 2506 588 2570 Christi
611 2506 739 2570 nomine
761 2506 975 2590 gloriantibus,
995 2508 1131 2590 primum
1146 2528 1219 2573 cun

191 2617 238 2682 eis
258 2619 405 2683 tractauit
427 2618 467 2683 de
488 2619 705 2682 substituendo
727 2638 786 2702 pro
802 2640 837 2683 se
851 2640 943 2704 rege,
964 2620 1057 2685 Petro
1071 2620 1220 2687 uidelicet

189 2729 306 2793 sororis
320 2749 378 2794 sue
391 2729 466 2805 filio,
481 2751 576 2813 qoem
592 2731 624 2793 in
635 2731 771 2797 Uenecia
785 2733 940 2817 genitum,
954 2735 995 2797 sd
1009 2755 1044 2799 se
1058 2743 1218 2813 uocatum,

189 2841 250 2906 iam
274 2842 392 2906 dudum
418 2843 571 2906 exercitui
594 2863 652 2907 suo
672 2845 850 2927 prefecerat
872 2848 995 2912 ducem.
1025 2847 1141 2913 deinde
1163 2866 1219 2932 ps·

189 2960 279 3018 terne
302 2955 424 3019 monuit
442 2952 513 3020 illos
533 2954 630 3020 tidem
651 2958 836 3021 ortodoxam
852 2978 1000 3035 seruare,
1019 2979 1114 3043 quam
1127 2962 1220 3027 aode-

189 3074 318 3148 perant,
343 3084 449 3130 amare
474 3067 644 3142 iusticiam,
670 3069 797 3132 uincula
821 3067 960 3134 fraterne
983 3069 1124 3135 karitatis
1149 3068 1220 3135 dili·

82 3223 108 3254 .
191 3196 281 3260 gere,
301 3178 436 3242 castitati
457 3198 586 3260 operam
609 3179 701 3254 dare,
722 3180 903 3244 humilitatis
925 3180 1028 3244 studio
1042 3178 1218 3262 inuigrlm,

190 3308 247 3371 pre
261 3290 406 3354 omnibus
422 3311 502 3355 uero
514 3291 640 3356 nouelle
655 3292 888 3356 christianitatis
904 3293 1096 3375 plantacioni
1115 3298 1219 3356 masw-
1282 3276 1285 3283 ’

193 3399 276 3463 diam
296 3401 458 3466 adhibere.
488 3403 538 3464 his
562 3403 651 3466 dictis
673 3422 784 3465 mantra
802 3412 835 3466 et
849 3389 958 3466 oculos
978 3403 1087 3466 leuans
1108 3401 1149 3466 ad
1166 3408 1220 3486 sy*

195 3510 281 3587 dera,
294 3513 338 3577 sic
348 3515 549 3578 exclamauit:
567 3515 698 3597 sregina
708 3515 776 3589 celi,
791 3514 966 3596 reparatrix
978 3512 1085 3576 inclita
1100 3512 1219 3591 mund,

192 3632 247 3687 tuo
270 3625 444 3708 patrocinio
465 3645 587 3690 sacram
607 3624 773 3689 ecclesiam
796 3644 866 3688 cum
890 3624 1047 3708 episcopis
1069 3632 1102 3689 et
1121 3625 1219 3704 clero,

191 3756 323 3821 regnum
335 3755 407 3801 eum
421 3739 605 3821 primatibus
620 3746 652 3802 et
664 3737 793 3822 populo,
807 3737 960 3821 supremis
975 3738 1122 3820 precibus
1132 3744 1220 3805 coi·

191 3847 291 3922 mitto,
312 3849 426 3932 quibus
447 3847 589 3914 ultimum
608 3849 680 3913 uale
701 3849 828 3925 dicens,
848 3850 992 3914 manibus
1010 3850 1071 3916 tuis
1085 3852 1219 3916 anima·

192 3978 294 4023 meam
309 3961 501 4025 comendo.»
524 3961 660 4024 instabat
675 3969 749 4024 tunc
763 3959 966 4045 solempnitas
978 3963 1146 4046 precipua,
1166 3970 1220 4028 cst-

191 4071 288 4138 lebris
312 4075 433 4158 angelis
454 4084 487 4140 et
507 4074 687 4140 bominibus
712 4076 797 4151 dies,
825 4076 1052 4159 assumpcionis
1076 4074 1220 4140 sinam

191 4194 346 4273 perpetue
366 4186 496 4274 uirginis
516 4187 631 4268 uado,
650 4187 684 4255 in
704 4188 792 4256 ouius
813 4189 929 4277 pendo
943 4187 970 4257 si
983 4185 1155 4255 dissolucio
1168 4182 1219 4254 ni
