2798 4764
240 331 302 395 552
352 344 500 393 morsm
515 344 679 393 ru..nno1s
698 344 848 391 nsnrrrss
875 344 983 391 casrnr
1002 341 1125 391 num.
1177 322 1270 388 tm

242 502 380 586 graciam
404 499 548 563 duximus
568 518 639 562 esse
661 498 852 574 faciendam,
874 506 906 561 et
925 498 1099 559 libertatem
1121 495 1270 558 ordinan-

242 615 326 678 dam.
366 669 369 674 ,

325 720 369 804 (1)
391 723 428 785 Ut
448 741 467 785 a
485 723 602 785 iudicio
622 732 654 785 et
672 722 887 785 iurisdictione
907 722 1047 783 omnium
1075 718 1212 782 iudicum
1240 727 1271 781 et

242 833 421 918 specialiter
435 835 557 896 comitis
572 833 672 896 Castri
693 822 788 899 terrei
805 853 864 916 pro
878 842 1021 914 tempore
1037 831 1197 894 constituti
1210 831 1272 893 sint

242 947 365 1028 excepti
390 946 513 1028 penitus
535 953 566 1008 et
586 944 736 1028 exempti,
758 945 802 1007 ita
820 944 986 1016 uidelicet,
1007 944 1093 1026 quod
1112 962 1172 1005 nec
1190 941 1271 1003 iudi-

243 1061 324 1123 cium
344 1059 436 1122 trium
458 1059 671 1131 articulorum,
692 1057 853 1120 homicidii
874 1056 1006 1129 scilicet,
1028 1055 1102 1117 furti
1124 1063 1155 1117 et
1176 1054 1271 1116 latro·

157 1225 164 1234 .
243 1173 330 1246 cinii,
352 1172 391 1233 de
413 1179 517 1234 cetero
538 1191 644 1234 comes
666 1171 758 1233 castri
778 1171 882 1233 lacere
902 1170 1005 1232 ualeat
1026 1170 1108 1230 inter
1121 1168 1217 1250 ipsos,
1238 1167 1270 1228 in

244 1284 357 1369 quihus
383 1283 521 1348 articulis
542 1283 686 1367 primitus
707 1283 737 1344 in
759 1281 858 1364 ipsius
872 1282 994 1345 comitis
1010 1280 1174 1362 presencia
1187 1289 1270 1342 stare

243 1399 441 1469 tenebantur,
459 1396 512 1477 qui
528 1396 658 1458 eosdem
672 1404 779 1458 nostro
794 1402 915 1457 tantum
930 1393 1045 1456 iudicio
1059 1410 1271 1457 reseruemus.

325 1505 371 1590 (ἓ)
392 1509 432 1570 Et
451 1507 606 1580 uolumus,
635 1507 719 1588 quod
740 1525 799 1571 nec
820 1525 925 1568 comes
946 1504 1045 1568 Castri
1068 1505 1181 1580 ferrei,
1209 1522 1270 1567 nec

243 1619 356 1702 uliquis
370 1619 557 1682 descensum
572 1616 743 1680 uiolentum
759 1617 878 1680 laceret
892 1617 972 1679 inter
985 1617 1079 1697 ipsos.

327 1727 372 1810 (3)
393 1729 470 1790 Item
484 1727 706 1801 concessimus,
727 1729 813 1810 quod
826 1727 966 1790 uillicum
981 1749 1076 1810 quem
1091 1729 1200 1793 uolent
1215 1730 1272 1792 eli·

245 1828 319 1923 gant
340 1841 421 1902 inter
445 1859 496 1913 se,
517 1839 572 1921 qui
592 1839 720 1902 cosdem
740 1839 774 1901 in
788 1840 933 1902 omnihus
955 1840 1091 1902 articulis
1106 1859 1270 1905 causarum

244 1950 402 2014 iudicabit.

327 2059 372 2143 (l)
402 2062 479 2124 ltem
502 2060 717 2123 ordinauimus
738 2062 918 2136 statuenda,
948 2062 1033 2145 qood
1055 2063 1095 2125 ad
1117 2065 1271 2127 exercitus

245 2173 419 2259 quoslihet,
440 2174 480 2236 ad
495 2192 574 2256 quos
597 2172 803 2255 personaliter
817 2171 977 2247 oredimus,
999 2175 1078 2237 duos
1094 2175 1206 2238 milites
1222 2196 1273 2239 ar·

245 2296 346 2351 matos
361 2307 431 2349 cum
446 2285 536 2367 equis
551 2284 737 2358 ductilibus,
758 2285 932 2347 tentorihus
953 2294 985 2349 ct
999 2285 1065 2348 aliis
1080 2288 1273 2351 ornamentis

246 2399 369 2463 mittere
391 2405 568 2471 teneantur,
588 2395 643 2478 qui
663 2398 722 2458 suh
743 2405 850 2459 nostro
866 2396 980 2460 uexillo
996 2399 1091 2480 regali
1107 2419 1273 2480 permane-

244 2512 332 2575 hunt.

328 2618 372 2701 (5)
394 2622 471 2683 ltem
497 2622 720 2694 concessimus,
754 2620 839 2702 quod
864 2620 889 2681 si
915 2639 1008 2682 cause
1035 2621 1138 2702 alique
1163 2630 1273 2684 contra

244 2731 328 2811 ipsos
349 2729 490 2809 hospites
511 2737 636 2791 nostros
657 2738 740 2792 mote
762 2731 879 2793 luerint
900 2751 957 2812 per
971 2742 1148 2805 extraneos,
1170 2740 1205 2794 ut
1226 2742 1274 2794 te-

245 2842 339 2903 stium
358 2839 524 2922 productio
547 2839 702 2902 habeatur
724 2843 921 2916 necessaria,
943 2863 1000 2922 per
1014 2850 1121 2917 testes,
1143 2845 1195 2925 qui
1214 2845 1273 2906 ho·

245 2951 347 3033 spitali
378 2951 515 3033 gaudent
538 2949 679 3014 libertate
701 2971 795 3014 cause
817 2952 997 3015 huiusmodi
1019 2954 1274 3035 comprobentur,

245 3064 325 3129 sicut
344 3064 444 3126 eciam
466 3061 606 3142 hospites
629 3063 726 3126 nostri
747 3064 780 3125 in
803 3064 973 3128 maioribus
987 3065 1163 3129 ciuitatibus
1181 3066 1272 3148 regni

245 3176 342 3241 nostri
357 3172 560 3257 gratulantur.
804 3239 806 3244 ,

327 3285 373 3369 (6)
396 3287 541 3349 Ceterum
556 3285 779 3359 concessimus,
794 3286 880 3367 quod
893 3286 926 3348 in
942 3285 1027 3349 nullo
1043 3306 1117 3350 casu
1133 3287 1273 3351 ducllum

243 3401 326 3465 inter
353 3400 438 3482 ipsos
467 3398 565 3478 possit
591 3397 741 3472 iudicari,
775 3398 832 3461 sed
861 3419 954 3461 cause
982 3408 1179 3482 emergentes
1216 3421 1274 3482 per

245 3531 477 3596 quemcumque
495 3511 624 3572 modum
646 3511 820 3573 iuramento
841 3510 999 3592 ipsorum,
1020 3511 1193 3573 secundum
1215 3533 1274 3575 ne·

244 3622 325 3706 gocii
339 3622 532 3704 exigenciom
548 3622 763 3695 terminentur,
784 3630 878 3703 prout
891 3621 1024 3685 aliorum
1039 3623 1196 3703 hospitum
1215 3642 1274 3686 no·

243 3741 379 3797 strorum
393 3731 546 3814 regalium
560 3732 686 3795 lihertas
701 3742 733 3796 et
746 3733 890 3796 condicio
903 3733 1045 3816 requirit.

327 3838 371 3923 (7)
392 3841 440 3904 dd
461 3840 520 3904 hec
541 3842 768 3918 ordinauimua,
789 3844 874 3926 quod
895 3844 922 3907 si
944 3843 1055 3926 aliquis
1070 3866 1108 3910 ex
1124 3846 1199 3929 ipsis
1212 3845 1274 3910 ho·

244 3953 376 4038 spitihus
390 3954 457 4017 sine
471 3953 590 4018 herede
605 3956 790 4029 decesserit,
811 3956 907 4019 iidem
923 3957 1114 4022 decedentes
1127 3959 1166 4021 de
1179 3959 1275 4024 honis

243 4066 309 4130 suis
332 4065 514 4141 ordinandi,
542 4067 669 4151 legendi
692 4077 724 4133 et
744 4068 929 4133 confercndi
953 4078 1017 4133 tem
1040 4071 1275 4148 uniuersaliter,
