2798 4764
385 354 508 405 scorrer
529 355 695 406 necnerou
717 357 893 407 conouasu
913 357 1013 408 nocis.
1151 340 1211 410 365

184 512 345 575 tensiones
369 513 475 595 populi
496 513 577 576 illius
594 515 730 577 discreto
752 514 895 578 examine
912 513 1068 579 dirimant
1097 524 1127 578 et
1143 515 1213 597 ipsi,

185 643 256 686 cum
278 623 394 686 clamor
409 626 517 707 populi
538 626 747 707 ingrauescat,
770 646 788 687 a
810 627 923 690 comite
937 626 1077 689 Palatino
1099 626 1212 689 diiudi-

184 747 303 800 centur.

266 850 344 925 (38)
367 850 397 911 Si
413 871 468 912 rex
483 850 563 911 sorte
576 851 719 931 cuiquam
733 850 838 912 comiti
854 851 904 913 uel
919 850 1061 913 ministro
1074 852 1211 954 aliquem

185 964 224 1025 de
246 964 367 1024 ciuibus
391 962 557 1036 dimiserit,
586 963 671 1024 solus
696 963 728 1024 in
750 963 990 1045 expedicionem
1012 973 1131 1047 pergat
1162 964 1210 1026 sin

184 1084 302 1149 autem,
325 1076 363 1137 ad
380 1074 529 1156 populum
544 1078 627 1137 uude
643 1076 734 1149 exiit,
756 1085 943 1138 reuertatur.

265 1189 343 1263 (39)
366 1188 516 1250 Omnibus
532 1186 749 1249 interdicimus
772 1197 878 1250 tenere
895 1207 1086 1270 quemquam
1107 1189 1145 1250 de
1168 1188 1211 1250 ci-

184 1299 297 1362 uilibus
313 1301 352 1361 ad
368 1301 471 1382 lugam
486 1300 653 1362 facientem
667 1301 785 1381 absque
801 1299 884 1382 regis
899 1301 1039 1363 licencia.
1061 1301 1128 1364 atsi
1140 1300 1210 1383 quis

183 1414 332 1485 tenuerit,
354 1412 444 1494 quasi
460 1413 536 1494 legis
552 1412 721 1474 fracturam
738 1414 894 1475 emendet.

266 1525 344 1600 (to)
368 1525 503 1586 Comites
523 1524 550 1586 si
573 1526 699 1606 propria
719 1526 749 1586 in
773 1524 848 1587 uilla
868 1547 942 1588 suos
960 1526 1076 1589 liberos
1091 1527 1211 1590 habue-

183 1638 259 1713 rint,
281 1640 449 1721 dequibus
465 1639 739 1720 equosarcipere,
761 1648 792 1701 et
807 1649 930 1702 centum
953 1660 1067 1721 pensas
1090 1640 1212 1722 possint

183 1751 346 1833 colligere,
368 1751 529 1814 loricatum
552 1772 649 1812 uuum
671 1752 736 1833 rogi
753 1752 792 1814 de
808 1760 933 1833 sumptu
955 1751 1008 1812 illo
1031 1761 1210 1833 procurent.

183 1862 207 1923 si
222 1883 299 1925 uero
312 1863 520 1945 quadraginta
536 1883 660 1943 pensas,
675 1863 804 1924 militem
819 1865 938 1944 absque
954 1862 1052 1929 lorica
1066 1866 1210 1927 educent.

183 1993 219 2037 ac
233 1974 258 2036 si
274 1974 387 2047 miuus,
409 1975 474 2036 suis
488 1975 548 2036 hoc
563 1977 699 2057 propriis
715 1976 823 2038 usibus
838 1984 1012 2039 reserueut.

264 2087 342 2162 (tl)
365 2089 395 2147 Si
411 2109 465 2149 rex
480 2087 615 2169 aliquem
631 2109 747 2170 uagum
769 2109 895 2150 seruum
919 2087 1010 2149 alicui
1031 2088 1211 2162 donauerit,

182 2197 232 2260 hic
250 2198 388 2262 medium
403 2208 496 2280 caput
510 2200 578 2261 eius
599 2200 717 2261 tondat
740 2199 865 2280 quodsi
882 2217 944 2259 non
960 2198 1081 2270 lecerit,
1097 2199 1209 2260 decern

181 2331 294 2392 pensas
315 2313 443 2374 amittat.
472 2311 521 2373 cui
545 2309 570 2371 si
594 2330 723 2372 uxorem
748 2310 893 2381 dederat,
917 2308 1015 2370 eciam
1036 2307 1120 2370 illam
1139 2327 1209 2370 curn

181 2440 220 2484 eo
235 2423 357 2503 perdat.

263 2535 341 2609 (ld)
365 2535 553 2615 Quicunque
574 2535 692 2616 absque
714 2531 797 2614 regis
816 2531 947 2593 licencia
968 2551 1082 2613 uagum
1099 2540 1210 2595 tenue·

180 2647 235 2719 rit,
258 2645 484 2728 quinquaginta
500 2646 640 2727 quinque
656 2665 768 2725 pensas
785 2644 896 2705 soluat
922 2651 954 2705 et
969 2644 993 2705 si
1010 2645 1093 2725 opud
1110 2644 1209 2706 domi-

181 2779 254 2820 num
271 2757 423 2840 quidquid
443 2759 482 2820 sit
503 2757 641 2831 furatus,
664 2758 808 2819 domiuus
824 2775 842 2818 a
857 2756 985 2819 erimine
1000 2755 1116 2819 iudicio
1133 2779 1207 2838 pur·

180 2877 280 2951 getur.
306 2876 337 2930 et
352 2869 403 2951 qui
418 2867 585 2932 fideiussor
600 2870 666 2932 eius
682 2870 800 2944 luerat,
822 2868 909 2931 illum
924 2869 1085 2943 ostendat,
1106 2870 1206 2933 idem·

181 3001 242 3063 que
264 2980 289 3042 si
311 2981 485 3063 inculpatus
505 2982 624 3057 luerat,
647 2983 779 3044 eandem
795 2980 896 3063 legem
913 2981 1089 3061 persoluat,
1111 3001 1206 3062 quam

180 3101 319 3155 retentor
348 3093 425 3154 eius.
475 3101 506 3155 et
534 3094 559 3154 si
589 3115 652 3155 nou
680 3094 797 3168 habet,
836 3093 994 3174 propriam
1031 3093 1205 3156 libertatem

180 3203 310 3267 omittat.

263 3316 339 3391 (ta)
363 3318 440 3378 o‘um
460 3317 530 3398 quis
555 3337 668 3399 uagum
689 3316 919 3398 apprehensum
942 3313 1095 3388 tenuerit,
1117 3315 1206 3376 ado·

179 3428 265 3490 mino
280 3429 347 3492 eius
367 3450 428 3490 uua
446 3449 543 3510 ponsa
559 3430 710 3510 exigatur.

263 3541 340 3615 (ll)
363 3541 478 3622 Siquis
495 3541 720 3603 iolrusridarius
737 3560 850 3620 uagum
866 3559 959 3621 quem
976 3547 1059 3601 tenet
1073 3557 1131 3620 pro
1149 3556 1206 3600 uo-

180 3652 307 3733 naginla
322 3652 470 3725 denariis,
484 3651 577 3713 alicui
593 3651 714 3714 dederit
728 3661 782 3713 aut
796 3650 988 3724 uendiderit,
1003 3652 1114 3712 decern
1128 3671 1207 3733 peu-

180 3782 230 3824 sas
245 3762 415 3844 persoluat,
437 3771 468 3824 et
483 3763 611 3825 totidem
627 3771 749 3845 emptor
763 3762 857 3824 illius.
879 3763 1058 3844 ubicunque
1074 3763 1207 3845 equites,

180 3884 348 3955 emptores,
368 3874 506 3938 uiatores
522 3873 668 3937 uenerint
682 3874 837 3957 quinque,
858 3872 885 3935 si
901 3872 1059 3938 noluerint
1071 3872 1207 3934 minimis

179 3995 300 4048 tanturn
322 3987 482 4068 capeeium
505 3995 697 4068 comparent.
723 3985 776 4068 qui
796 4005 874 4048 uero
898 3986 1028 4049 minoris
1042 3985 1141 4067 precii
1155 4002 1207 4046 ac·

181 4097 324 4180 ceperit,
355 4107 408 4162 aut
438 4099 492 4180 qui
516 4098 642 4163 maioris
678 4098 804 4174 lecerit,
840 4096 1206 4182 quinquagintaquinquo

180 4232 295 4300 pensas
311 4212 480 4298 persoluat.
