2798 4764
315 309 579 415 tentrucrmnas
600 354 736 412 arnonus
756 353 911 413 nonansu.
953 335 1043 413 llll.
1082 391 1086 394 -
1129 339 1191 413 stt

168 523 280 588 nelicia
302 523 354 586 illa
376 543 432 604 per
447 522 516 583 illos
538 520 577 585 ed
592 540 670 603 quos
692 539 801 583 eorum
823 518 983 584 ordinacio
997 529 1130 603 spectat,
1150 538 1192 585 ex

167 645 241 700 tunc
256 636 295 699 de
307 636 452 717 ¹personis
467 635 590 695 idoneis
604 633 702 696 libere
717 633 911 696 ordinentur.

249 746 314 828 (2·2)
336 747 506 810 Statuimus
520 754 554 807 ut
569 766 625 828 per
638 765 747 807 omues
761 745 909 806 ecclesias
923 745 1073 818 chrisma,
1086 744 1192 809 oleum

167 868 325 932 sanctum,
346 867 378 922 et
398 857 588 922 eucharistia
610 857 668 920 sub
688 856 774 918 fideli
793 858 934 919 custodia
949 857 1090 918 clauilrus
1104 855 1194 921 adhi-

168 971 239 1035 bitis
263 980 469 1034 conseruetur
494 969 552 1042 ita,
574 978 608 1033 ut
631 989 694 1030 uon
717 968 816 1049 possit
837 970 876 1032 ad
897 969 949 1030 illa
968 989 1077 1030 manus
1098 968 1195 1049 impia

170 1083 307 1146 extendi.
331 1081 360 1143 si
378 1102 456 1144 uero
479 1082 504 1143 is
526 1081 565 1142 ad
587 1100 679 1161 quem
702 1089 822 1162 spectat
842 1080 997 1153 custodia,
1019 1100 1057 1142 ea
1069 1080 1193 1141 incaute

169 1192 346 1274 reliquerit,
368 1194 465 1255 tribus
487 1192 648 1254 mensibus
670 1192 708 1253 alt
723 1191 829 1253 officio
850 1200 882 1253 et
895 1190 1048 1253 beneflcio
1062 1208 1195 1270 suspeu-

172 1306 273 1377 datur,
294 1312 327 1367 et
338 1303 366 1366 si
381 1324 437 1385 per
451 1303 518 1366 eius
533 1303 685 1365 incuriam
700 1302 818 1384 aliquid
832 1303 905 1365 inde
920 1302 1105 1382 nepharium
1120 1319 1195 1363 con-

170 1415 291 1495 tigerit,
312 1415 438 1495 grauius
453 1414 607 1496 puniatur.

254 1523 320 1606 [23)
343 1525 449 1588 Nullus
471 1528 665 1607 permittatur
687 1528 849 1589 deseruire
872 1526 976 1599 altari,
1007 1526 1057 1590 uel
1079 1525 1197 1607 episto·

172 1637 232 1700 lum
251 1638 358 1719 legere
378 1639 435 1700 nisi
455 1637 490 1699 in
508 1638 727 1719 superpellico,
749 1647 780 1700 et
793 1657 893 1719 cappa
906 1637 1020 1698 clausa.
1048 1637 1196 1705 sacerdos

172 1769 298 1831 quoque
321 1750 465 1812 diurnum
487 1748 623 1810 officium
644 1750 761 1830 pariter
777 1757 808 1810 et
830 1757 1015 1810 nocturnum
1034 1749 1197 1819 distincte,

172 1869 204 1922 et
223 1868 331 1942 aperte
355 1868 506 1940 quantum
528 1860 606 1922 deus
629 1861 752 1923 dederit
774 1860 912 1922 celebret
926 1869 957 1922 et
972 1861 1095 1922 denote.
1124 1857 1198 1941 quia

172 1970 340 2033 multorum
361 1972 540 2034 assercione
563 1970 774 2052 comperimus
795 1978 827 2032 et
846 1990 903 2050 pro
921 1978 1007 2031 certo
1023 1969 1198 2042 didicimus,

171 2082 257 2163 quod
272 2081 302 2142 in
319 2080 423 2143 multis
438 2079 578 2142 ecclesiis
596 2100 633 2142 ac
648 2081 844 2143 monasteriis
859 2101 896 2144 ac
911 2081 1128 2143 ecclesiasticis
1142 2079 1198 2141 be·

173 2192 291 2253 neliciis
315 2171 430 2253 nostre
445 2189 614 2272 legacionis
637 2192 724 2252 multi
746 2211 803 2272 per
823 2192 998 2254 secularem
1021 2190 1197 2271 potenciam

172 2303 291 2382 absque
306 2301 403 2363 lilrero
419 2313 450 2365 et
464 2300 603 2383 legitimo
619 2301 899 2366 ecclesiasticarum
921 2322 1127 2384 personarum
1148 2321 1198 2364 as·

172 2433 283 2486 sensu,
313 2414 352 2475 ad
376 2433 456 2494 quas
479 2414 616 2494 ipsarum
642 2413 765 2487 electio,
792 2416 963 2488 ordinacio,
991 2414 1141 2496 prouisio,
1167 2421 1198 2476 et

173 2526 331 2588 institucio
352 2525 509 2605 pertinere
530 2524 735 2606 dignoscitur,
757 2526 973 2589 damnabiliter
987 2536 1060 2589 suut
1077 2525 1199 2597 intrusi,

173 2657 210 2699 ac
225 2636 364 2717 quotidie
379 2638 578 2699 intruduntur
592 2646 701 2701 contra
715 2655 874 2699 sacrorum
898 2648 1011 2701 statuta
1026 2657 1198 2710 canonum,

175 2758 207 2814 et
220 2748 465 2813 ecclesiasticam
479 2747 665 2811 libertatem.
687 2770 726 2812 ex
741 2768 803 2830 quo
818 2749 915 2813 multa
929 2758 1154 2832 proueneruut,
1167 2757 1200 2812 et

176 2859 365 2941 proueniunt
386 2859 527 2941 qnotidie
547 2861 751 2934 detrimenta,
772 2869 804 2923 et
817 2863 991 2925 animarum
1006 2861 1200 2943 deploranda

175 2969 313 3053 pericula
326 2972 571 3053 subsequuntur.

257 3080 323 3162 (ll)
345 3082 515 3145 Statuimus
529 3084 614 3165 quod
630 3082 733 3145 nullus
753 3084 851 3146 laicus
866 3086 1079 3166 cuiuscunque
1094 3092 1202 3147 aucte·

174 3197 283 3268 ritatis,
304 3193 496 3257 excellencie
511 3196 559 3256 sui
574 3204 671 3257 status
687 3195 821 3276 aliquem
837 3198 876 3258 de
892 3205 996 3258 cetere
1011 3195 1043 3255 in
1059 3194 1200 3257 ecclesiis

175 3307 227 3367 uel
241 3307 448 3378 monasteriis,
469 3314 523 3369 aut
537 3306 754 3369 ecclesiasticis
768 3307 928 3368 beneficiis
942 3305 1113 3385 legacionis
1129 3323 1201 3385 pre·

176 3418 257 3479 dicte
272 3437 406 3498 ponere,
429 3417 479 3479 uel
497 3418 658 3479 intrudere
673 3436 861 3498 quacunque
876 3417 1040 3478 occasione
1062 3415 1113 3478 uel
1128 3432 1201 3477 auc·

178 3529 319 3600 toritate,
341 3530 417 3610 quin
436 3531 544 3610 pocius
560 3529 811 3609 transgressione
830 3528 882 3588 uel
902 3526 1074 3588 temeritate
1092 3547 1202 3608 presu-

177 3649 249 3713 mat,
269 3640 368 3711 saluo,
390 3648 422 3703 et
435 3648 597 3703 reseruatu
612 3641 680 3701 iure
694 3647 888 3721 patronatus,
910 3639 991 3700 ueris
1005 3646 1202 3720 competente

177 3752 327 3834 patronis,
341 3760 434 3832 prout
447 3753 597 3813 canonica
611 3751 679 3813 iura
694 3749 863 3813 declarant.
886 3751 1083 3813 decernimus
1097 3760 1202 3814 autem

177 3861 404 3936 instituciones,
425 3862 493 3925 sine
508 3861 699 3924 intrusiones
714 3860 820 3925 talium
842 3862 943 3923 nullas
960 3883 1048 3935 esse,
1069 3863 1205 3926 nullum·

178 3991 240 4052 que
266 3971 314 4034 ius
335 3981 516 4054 competere
540 3973 585 4035 sic
605 3972 744 4046 intrusis,
765 3981 797 4035 et
816 3973 878 4034 nisi
897 3974 1007 4036 intrusi
1025 3973 1205 4037 huiusmodi

171 4083 259 4146 inlra
272 4102 328 4145 sex
342 4103 467 4148 menses
481 4085 641 4157 ecclesias,
656 4085 861 4159 monasteria,
875 4086 943 4149 siue
957 4086 1127 4158 beneficia,
1142 4105 1204 4167 que

179 4196 218 4263 de
237 4194 321 4261 lacto
341 4195 436 4261 modo
450 4204 524 4263 sunt
534 4196 643 4283 adepti
662 4197 814 4283 predicto,
834 4197 973 4274 omnino
994 4205 1026 4261 et
1039 4196 1108 4259 sine
1122 4192 1205 4257 diffi-
