2798 4764
124 365 128 371 ·
179 356 241 419 itt
502 371 686 429 mauman
705 370 749 419 ns
768 370 883 419 emo.
916 426 924 437 ¹

259 523 354 606 (361)
375 524 508 589 Humilis
528 534 701 590 conuentus
721 525 855 589 ecclesie
868 523 1087 600 Uaradteusis,
1116 522 1223 588 omni·

179 638 424 719 isus‘presentes
443 637 548 702 literas
567 637 756 721 inspecturis
775 637 908 702 satutem
924 637 957 700 iu
971 637 1120 700 domino.
1150 638 1221 701 nni·

76 779 81 785 ·
179 749 320 812 uersitati
334 759 442 813 uentre
454 759 564 814 notum
579 749 723 825 iacimus,
738 750 823 833 quod
838 767 921 812 anuo
934 747 1098 812 dominice
1112 748 1220 811 incar·

177 859 319 924 nacionis
333 859 500 924 millesimo
515 861 732 927 ducentesimo
745 858 900 942 nigesimo
914 859 1030 941 primo,
1044 876 1121 922 cnm
1133 867 1221 924 esset

178 973 317 1036 edictum
336 991 354 1035 a
375 990 452 1055 rege
474 974 617 1047 Andron,
639 973 724 1056 quod
746 980 830 1036 terre
844 972 1053 1035 castrensium
1068 972 1218 1055 require-

178 1091 297 1158 rentur,
311 1083 410 1147 'ciues
427 1084 631 1148 Bekesienses
652 1083 693 1146 de
714 1082 791 1146 uitia
809 1080 927 1157 tichos,
949 1081 1071 1146 scilicet
1093 1083 1218 1157 otmar,

178 1196 270 1270 inan,
292 1196 399 1270 Berta,
420 1196 520 1258 'soma
541 1202 572 1258 et
592 1194 659 1270 aiii,
680 1193 940 1258 coadiuuautibus
954 1193 1105 1258 eiusdem
1121 1195 1217 1259 casin

178 1302 430 1388 iouhagionibus,
444 1306 562 1369 scilicet
576 1304 724 1388 Sangud‚
744 1303 865 1388 Hysce,
884 1304 1019 1378 iordan,
1039 1304 1217 1370 Petrofflio

178 1414 315 1479 Simonis
340 1424 373 1500 ct
393 1414 479 1492 aiiis,
509 1417 717 1498 impeoierunt
741 1413 807 1479 Soit
833 1415 929 1479 fliium
954 1416 1035 1492 soit,
1066 1418 1217 1483 dicentes

178 1527 265 1608 quod
286 1535 402 1590 terram
422 1528 516 1591 castri
537 1528 665 1591 nomine
686 1526 796 1601 Saites,
817 1530 993 1609 campreto
1014 1528 1217 1612 etuirguito,

179 1657 252 1700 cum
272 1638 440 1702 medietate
461 1638 584 1720 paludis
604 1637 731 1700 nomine
746 1639 815 1712 Fas,
835 1636 988 1701 uiolenter
1010 1648 1218 1721 occupasset.

104 1781 105 1785 =
177 1747 260 1811 hanc
274 1764 401 1810 causam
416 1748 592 1822 Tiburciue,
613 1748 731 1831 Gyah,
751 1747 931 1812 Alexander
944 1754 976 1811 et
989 1747 1104 1812 Helias
1118 1750 1219 1813 coni·

177 1866 237 1930 tes,
258 1858 327 1920 uice
347 1859 436 1941 regia
454 1858 639 1933 discuciens,
660 1879 716 1941 per
730 1859 915 1942 pristaldum
932 1859 1063 1924 nomine
1082 1862 1219 1926 Paulum

179 1969 219 2032 de
234 1968 309 2032 uilla
324 1969 467 2034 Tarachd
479 1969 546 2034 urio
561 1969 710 2044 Calauda,
731 1971 914 2035 direxerunt
926 1968 966 2034 ad
981 1990 1125 2036 examen
1141 1974 1220 2038 terri

178 2082 342 2147 candentis
353 2083 555 2160 Uaradinum,
575 2084 629 2146 uhi
644 2084 881 2165 prenominatus
894 2083 970 2146 luen
984 2092 1117 2166 portato
1133 2087 1220 2150 ferro

178 2212 236 2275 pro
250 2213 285 2256 se
300 2198 333 2257 et
345 2194 528 2258 conciuibus
544 2193 609 2257 suis
623 2195 803 2257 combustus
817 2202 875 2257 ast.

260 2301 348 2384 (362)
371 2304 552 2368 Conuentua
572 2304 704 2367 ecclesie
725 2304 939 2380 Uaradicnsis,
967 2307 1122 2372 omuibus
1143 2312 1220 2392 pre-

176 2419 282 2476 sentes
297 2415 402 2478 literas
416 2416 605 2498 inspecturis
620 2425 761 2478 eternam
774 2415 904 2479 satutem
919 2417 952 2479 in
966 2416 1113 2481 domiuo.
1143 2419 1219 2482 Uni-

178 2524 319 2588 uersitati
333 2535 440 2590 uestro
454 2538 564 2591 uotum
579 2526 725 2601 iacimus,
748 2528 833 2609 quod
849 2548 919 2590 cum
933 2529 1035 2592 Bccea
1049 2530 1095 2593 de
1112 2532 1219 2594 foke·

175 2636 262 2700 heuu
283 2638 474 2718 impeciisaet
488 2640 646 2720 quendam
661 2640 788 2701 nominc
801 2640 923 2721 Heyma
943 2640 982 2702 de
997 2640 1120 2704 damno
1135 2662 1219 2724 qua·

177 2748 319 2830 draginta
335 2757 367 2812 ot
380 2751 510 2811 duarum
526 2768 701 2812 morcarum
717 2751 798 2812 iacto
814 2770 870 2832 per
884 2750 1090 2827 uiolenciam,
1107 2755 1219 2817 Bocha

69 2942 76 2951 μ
175 2859 313 2920 uicarius
328 2859 414 2920 Pauli
436 2861 579 2941 uayuode
595 2860 770 2923 discuciens
785 2881 851 2936 eos,
873 2882 931 2943 per
944 2862 1134 2943 pristaidum
1156 2885 1219 2929 no-

178 2968 262 3031 mine
284 2971 371 3033 Celsa
397 2968 480 3032 misit
500 2971 538 3032 ad
562 2988 695 3033 examen
716 2973 791 3036 ferri
813 2975 974 3036 candentis
998 2973 1215 3040 Uaradinum:

178 3102 242 3165 quo
257 3102 328 3147 cum
343 3081 484 3146 uenisset
498 3083 674 3146 nominatus
688 3085 791 3147 Becaa
804 3104 873 3148 oum
889 3085 1040 3168 pristaido
1055 3109 1128 3162 suo,
1143 3090 1217 3172 qui·

178 3197 249 3258 dum
265 3216 410 3259 asserens
424 3215 459 3258 se
474 3215 544 3258 esse
559 3196 754 3279 Heymonem
776 3197 862 3260 iilum
884 3199 923 3261 de
937 3216 1000 3281 quo
1020 3217 1073 3260 res
1095 3201 1217 3282 agitur,

176 3307 252 3369 ferri
273 3307 435 3370 candentis
455 3306 643 3387 subteriugit
663 3306 829 3382 iudicium,
863 3308 972 3370 diceus
992 3309 1082 3390 quod
1104 3309 1218 3374 Bocha

176 3436 240 3480 nou
256 3426 339 3480 esset
352 3416 447 3480 iudex
462 3437 548 3480 suus.
575 3417 680 3480 Bocha
701 3417 807 3500 itaque
825 3418 1022 3481 remanduuit
1043 3421 1137 3483 nobis
1155 3442 1218 3503 per

176 3527 392 3602 litteriones,
414 3529 499 3611 quod
514 3528 581 3610 ipsc
596 3536 681 3590 esset
695 3528 789 3591 iudex
804 3529 897 3592 huius
912 3548 1023 3603 cause,
1043 3539 1077 3593 et
1092 3551 1216 3613 preno-

176 3640 327 3701 minatum
344 3641 488 3722 Hcymou
511 3641 592 3703 sicut
612 3642 703 3703 decet
722 3660 811 3703 rcum
832 3643 1084 3705 condemnasset.
1113 3643 1214 3709 huius

176 3750 221 3811 rei
237 3758 331 3812 testes
346 3772 464 3813 sumus.

258 3859 575 3943 [363)10uhagionos
600 3861 693 3924 castri
718 3863 879 3944 Sumptey,
910 3863 1026 3925 scilicet
1048 3863 1216 3943 Nimiam,

176 3971 368 4045 Ualentinus,
391 3972 489 4053 Chug,
510 3974 638 4045 Furnos,
659 3971 758 4035 Ozorc
779 3981 811 4035 et
825 3972 974 4046 chanad,
995 3980 1070 4036 oum
1093 3979 1216 4042 comite

176 4101 289 4147 eorum
310 4071 467 4143 zoboziou
492 4083 698 4163 impecierunt
717 4083 926 4166 iouhsgiones
949 4085 1136 4149 tauomicos
1159 4108 1218 4153 re·

178 4193 267 4273 gine,
279 4193 335 4275 qui
349 4199 421 4264 sunt
433 4191 467 4253 iu
479 4190 555 4255 uitia
564 4192 741 4278 Monunya,
753 4192 871 4258 scilicet
881 4190 974 4272 Wot,
986 4194 1119 4273 Eunu,
1134 4197 1218 4264 Uer-
