2798 4764
329 368 593 420 cossrrrnrronss
614 374 750 420 sunonus
766 372 934 420 anunm.
963 352 1067 420 lm.
1149 346 1212 420 Μ

191 547 258 589 ram
279 526 413 589 seculari
433 526 537 588 iudice
557 528 695 590 audeant
716 526 853 609 litigare,
876 526 936 588 nisi
958 527 998 589 dc
1021 524 1215 590 boemiensi

191 639 339 719 episcopi.

272 745 339 829 (27)
360 750 395 810 ln
415 748 546 810 concilio
561 757 674 811 statum
697 758 760 822 est,
783 756 816 810 ut
835 749 962 811 amodo
978 747 1112 829 reliquie
1127 755 1216 813 culn

190 880 316 943 capsam
337 860 514 922 nullatenus
529 862 734 922 ostendantur
748 861 806 921 nisi
821 860 853 921 iu
869 859 1026 940 precipuis
1040 859 1217 923 lestiuitcti-

189 974 258 1046 bus,
281 972 332 1034 uel
352 973 393 1033 ed
415 972 475 1034 boc
497 991 537 1032 ex
559 972 737 1033 deuucione
758 970 1016 1033 concurrentibus
1037 971 1211 1052 peregrinis

190 1085 272 1146 sicut
295 1083 499 1166 quarumdam
522 1081 726 1144 ecclesiarum
753 1081 918 1144 laudabilis
943 1083 1137 1145 consuetudo
1162 1101 1217 1145 cx-

191 1195 308 1276 puscil,
330 1213 389 1255 nec
409 1192 609 1274 aliquomodo
624 1203 823 1273 exponantur
837 1193 975 1255 uenales.
997 1193 1142 1255 inuentus
1160 1213 1218 1257 aa·

193 1317 256 1368 tem
279 1307 319 1368 dc
340 1326 424 1368 nouo
446 1324 540 1367 nemo
553 1304 679 1385 publice
694 1307 838 1367 uenerari
854 1314 1030 1387 presumat,
1052 1305 1111 1368 nisi
1131 1306 1217 1385 prius

193 1417 379 1494 auctoritate
398 1417 527 1479 Romani
553 1415 709 1497 pontilicis
731 1416 848 1479 luerint
869 1419 1030 1498 aprobutc.
1061 1417 1115 1498 qui
1138 1437 1216 1482 uero

193 1538 302 1590 contra
322 1527 449 1601 iecerit,
469 1529 495 1589 si
516 1528 647 1590 clericus
668 1527 761 1590 luerit
783 1529 824 1589 ab
841 1529 947 1590 officio
962 1538 995 1591 et
1013 1528 1217 1595 beneficiens

193 1639 320 1701 nouerit
328 1657 525 1719 suspensum,
536 1639 561 1699 si
572 1639 669 1701 laicus
683 1659 738 1719 per
749 1659 889 1701 mensem
900 1640 1076 1721 ingressum
1085 1639 1217 1704 ecclesie

193 1750 251 1813 sibi
267 1751 391 1813 nouerit
404 1750 614 1814 interdictum.

275 1860 342 1941 (28)
364 1861 473 1923 Nullus
502 1861 616 1941 passim
641 1861 811 1942 recipiatur
835 1862 875 1923 ad
904 1862 1130 1942 predicandum
1159 1862 1220 1927 nisi

192 1974 285 2036 fucrit
306 1975 463 2038 autentica
480 1993 632 2054 persona,
657 1973 709 2035 uel
725 1973 801 2036 alias
817 1993 874 2053 per
888 1975 996 2036 sedem
1013 1954 1217 2055 apostolicam

193 2085 389 2166 priuilegiata
404 2094 456 2147 aut
471 2085 509 2146 ad
525 2084 586 2146 hoc
600 2105 657 2166 per
671 2085 853 2166 episcopum
869 2085 1032 2147 destinata.
1053 2093 1219 2166 questorss

193 2216 320 2277 quoquc
340 2196 592 2277 elemosynarum
612 2205 733 2258 tautum
755 2216 792 2258 ea
814 2195 920 2259 dicant
942 2196 1076 2277 populo,
1103 2216 1166 2278 quc
1185 2196 1220 2259 ln

192 2308 301 2370 litteris
323 2308 441 2369 domini
463 2326 544 2388 pape
565 2309 618 2371 uel
639 2308 778 2389 episcopi
800 2309 1018 2371 continentur:
1040 2309 1219 2372 sacerdotes

193 2429 297 2482 tamen
312 2418 371 2480 loci
385 2417 538 2500 populum
552 2418 612 2480 sibi
626 2420 824 2482 commissum
840 2418 1005 2499 diiigenter
1015 2420 1165 2483 inducant
1177 2419 1218 2484 nd

194 2532 390 2612 elemosynas
411 2532 587 2613 erogandas
607 2532 722 2593 iutuitu
745 2532 885 2614 pictatis,
904 2550 967 2592 non
988 2531 1093 2592 animo
1115 2538 1219 2595 extor-

196 2643 324 2724 quendi.
353 2642 462 2702 Nullus
477 2642 575 2703 eciam
591 2644 767 2725 questurius
783 2663 840 2722 pro
854 2641 1060 2724 hospitalibus
1084 2642 1136 2704 uel
1150 2640 1218 2706 stits

194 2753 346 2814 similibus
360 2751 435 2813 locis
450 2751 617 2833 recipiatur
631 2753 671 2815 nd
684 2753 879 2835 elemosynas
893 2754 1072 2834 querendas
1086 2754 1154 2816 sine
1168 2752 1218 2816 lll-

194 2865 268 2926 tcris
290 2864 409 2926 domini
432 2883 512 2947 pape
533 2873 585 2927 aut
606 2864 780 2946 legatorum
802 2865 884 2938 eius,
907 2867 958 2928 uel
977 2866 1218 2930 diecesanorum

194 2977 344 3057 ipsorum.

276 3088 343 3168 (29)
364 3089 534 3152 Statuimus
548 3091 633 3172 qrrocl
648 3099 831 3152 ornamenta
846 3089 980 3152 ecclesie
999 3106 1063 3151 non
1078 3089 1225 3170 obligen-

196 3209 245 3260 tur
268 3200 392 3282 piguori
419 3202 478 3263 nisi
503 3221 561 3282 pro
588 3202 772 3263 necessitate
797 3200 948 3272 ecclesie,
975 3202 1067 3262 etde
1089 3198 1219 3261 licencia

195 3312 331 3391 episcopi
353 3330 423 3373 cum
445 3313 576 3374 consilio
600 3311 871 3392 pnnrochianorum.
894 3319 1036 3390 preterea
1055 3309 1218 3371 statuimus

195 3423 280 3504 quod
295 3422 397 3484 nullus
410 3422 546 3504 prelatus
561 3425 707 3504 superior
720 3422 770 3485 uel
785 3423 926 3494 inferior,
947 3429 1000 3483 aut
1014 3420 1219 3483 ecclesiarum

195 3544 299 3597 rector
313 3555 372 3616 pro
386 3535 447 3596 alio
461 3534 651 3607 fideiubere,
674 3555 732 3596 nec
751 3533 983 3615 possessiouem
998 3530 1132 3594 ecclesie
1151 3550 1236 3606 snm.

194 3647 246 3708 uel
266 3646 342 3707 alias
363 3665 413 3707 res
428 3646 656 3708 ecclesiasticas
671 3664 876 3727 quascunque
896 3643 1026 3704 mobiles
1041 3652 1095 3704 aut
1108 3643 1220 3707 tnnc

195 3760 288 3831 biles,
309 3758 361 3821 uel
375 3777 409 3821 se
424 3765 607 3829 mouentes,
628 3756 793 3837 presertim
814 3774 917 3818 sacrus
938 3774 995 3835 pro
1013 3753 1115 3817 alieno
1135 3753 1219 3819 facto

195 3868 333 3949 obligare
355 3876 531 3951 presumat,
552 3887 612 3928 nec
633 3867 731 3929 eciem
755 3887 811 3947 pro
831 3886 890 3928 suo
907 3866 992 3953 tacto
1013 3869 1142 3948 proprio
1160 3867 1220 3931 nisi

196 3978 359 4040 euidenter
371 3981 404 4040 in
425 3979 590 4040 utilitatem
604 3997 661 4040 sue
676 3978 766 4039 cedat
786 3976 936 4052 ecclesie,
957 3987 990 4040 et
1003 3996 1073 4040 cum
1087 3976 1221 4042 licencia

196 4088 369 4160 diecesani,
384 4097 416 4152 et
428 4107 499 4150 cum
515 4108 671 4151 consensu
686 4087 813 4169 capituli
827 4089 895 4150 siue
909 4096 1083 4151 conuentus
1096 4086 1221 4150 illarum

196 4199 417 4275 ecclesiarum,
443 4201 514 4268 sius
534 4202 801 4268 monasteriorum
822 4220 884 4286 que
908 4199 1028 4265 babent
1051 4196 1221 4283 capitulum
