2798 4764
236 321 275 392 ts
449 334 592 390 'amarus
613 341 711 389 ossrs
732 341 942 390 nunssnonus
963 323 1041 407 (16).

232 501 333 561 strunt
355 495 544 570 construxit,
564 496 651 578 quod
671 494 838 559 Camarum
860 496 1070 578 nuncupauit,
1096 498 1138 562 ad
1160 498 1261 563 senii-

233 607 316 671 cium
330 608 421 671 cuius
432 607 537 683 castri,
550 616 614 671 tam
629 609 669 670 de
685 608 801 691 popule
813 628 920 671 secum
932 608 1037 683 dacto,
1052 628 1147 692 quam
1159 611 1259 675 eciam

232 719 347 784 educe
362 718 526 801 acquisito,
547 719 627 783 duas
641 728 747 801 partes
761 719 962 794 condonauit,
980 721 1034 783 alsi
1049 722 1149 785 eciam
1164 721 1260 806 longe

218 839 306 913 nost
319 838 480 912 ternpore,
501 831 569 912 ipse
583 830 673 893 listel
695 840 726 893 et
740 830 825 894 lilius
837 850 914 894 suus
929 830 1040 894 tutma
1062 851 1151 895 more
1166 852 1261 916 paga·

232 943 335 1009 nisnse
352 941 466 1025 sepulti
487 951 570 1006 suut.
597 945 655 1005 sed
676 951 792 1006 terram
813 943 914 1015 illam,
936 964 998 1025 qus
1013 962 1096 1006 nunc
1111 945 1261 1027 Ketelpo·

231 1061 303 1120 teca
324 1061 473 1128 uocatur,
493 1055 660 1136 posteritas
685 1056 752 1119 eius
776 1075 877 1138 usque
903 1056 943 1117 ad
966 1062 1110 1136 ternpore
1135 1056 1260 1120 Andree

232 1166 315 1250 regis
335 1165 391 1229 lilii
408 1166 489 1228 euni
511 1166 656 1249 Ladislay
676 1167 794 1230 hahuit.
828 1175 966 1230 attamen
985 1187 1043 1230 rer
1058 1165 1199 1230 Andreas
1219 1168 1261 1232 (le

233 1278 368 1360 posteris
386 1277 477 1341 Ketel
501 1279 669 1343 cambiauit
689 1279 777 1342 illum
802 1281 907 1342 locum
930 1279 1051 1342 duabus
1076 1281 1115 1343 (le
1141 1281 1260 1345 causis:

232 1408 329 1453 uuum
338 1391 414 1472 qais
425 1389 509 1453 utilis
520 1397 588 1454 erat
599 1392 725 1472 regibus
737 1392 777 1453 ad
790 1391 990 1462 uenariones,
1002 1390 1173 1454 secundnm
1186 1391 1261 1474 quia

223 1502 385 1583 niligenas
402 1509 509 1583 partes
525 1502 595 1563 illas
614 1501 756 1566 habitare
779 1523 858 1564 uxor
875 1521 950 1576 sua,
972 1523 1010 1564 eo
1025 1503 1110 1584 qued
1131 1504 1262 1586 propior

232 1611 273 1675 sd
287 1611 391 1673 natale
402 1610 508 1674 solum
523 1621 645 1683 essent,
667 1614 741 1693 quia
755 1621 823 1674 crat
842 1612 906 1675 lilia
925 1612 1013 1678 darcis
1027 1613 1261 1688 Ruthenornm,

233 1728 266 1785 et
280 1721 410 1785 timebat
422 1722 593 1786 aduentum
608 1723 807 1804 imperatoris
821 1723 1091 1797 teuthonicorum,
1113 1728 1147 1787 ut
1160 1744 1200 1787 ne
1214 1724 1262 1788 ul·

233 1840 322 1897 turus
336 1833 521 1917 sangninem
535 1835 620 1897 Petri
639 1831 722 1915 regis
736 1834 928 1917 Hungariam
950 1834 1095 1909 intraret,
1117 1840 1151 1899 ut
1164 1835 1197 1898 in
1211 1855 1261 1899 se·

233 1946 401 2027 questibus
416 1946 547 2009 dicetur.

317 2168 384 2252 (16)
416 2171 461 2234 Do
485 2182 581 2233 monte
604 2170 721 2233 Tursel.
775 2171 861 2232 Tunc
891 2169 983 2233 Ound
1012 2179 1044 2233 et
1069 2171 1174 2246 lletel,
1203 2191 1263 2235 nec

233 2303 299 2351 non
312 2283 424 2347 Turrol
440 2291 638 2347 transeuntes
652 2284 780 2356 siluam,
794 2283 878 2345 iuxta
893 2283 1023 2346 tluuium
1035 2283 1162 2366 Budrug
1175 2284 1263 2364 equi-

233 2398 339 2471 tando,
355 2398 445 2481 quasi
458 2398 602 2460 hrauium
617 2397 762 2480 accipere
776 2395 929 2473 uolentes,
952 2414 1049 2477 super
1063 2416 1163 2478 equos
1175 2396 1262 2459 uele-

234 2509 378 2572 cissimos
397 2517 572 2582 currentes,
602 2528 698 2590 super
712 2507 862 2570 uerticem
886 2506 978 2569 nnius
1000 2506 1125 2568 alcioris
1148 2507 1263 2570 montis
1384 2514 1387 2519 ’

198 2680 201 2684 ⁴
234 2619 462 2690 ascenderunt,
484 2638 565 2699 quos
580 2620 692 2680 Turnol
708 2618 797 2680 miles
812 2618 1048 2680 strenuissimus
1062 2619 1265 2691 antecedens,

234 2747 388 2793 cacumen
408 2729 530 2810 primus
543 2730 682 2790 omnium
698 2729 858 2801 ascendit,
879 2736 911 2790 et
925 2736 1064 2789 mentem
1079 2727 1166 2790 illum
1180 2747 1199 2789 a
1212 2729 1264 2790 die

233 2840 400 2922 utensque
414 2858 497 2903 nnuc
512 2847 650 2903 montem
660 2839 773 2902 Turzol
788 2839 1041 2902 nominauerunt.
1062 2848 1138 2902 tune
1153 2840 1264 2904 isitres

235 2953 353 3018 domini
375 2973 471 3035 super
491 2953 644 3015 uerticem
669 2953 810 3015 eiusdem
839 2951 952 3013 montis
975 2959 1091 3016 terram
1123 2954 1265 3037 undique

234 3066 473 3148 prospicientes,
488 3071 640 3148 quantum
655 3064 811 3127 humanus
827 3064 937 3127 oculus
953 3065 1053 3141 ualet,
1073 3066 1264 3149 ultraquam

235 3179 299 3244 tici
317 3185 423 3262 potest
438 3178 631 3253 dilexerunt,
653 3186 685 3242 et
706 3177 737 3239 in
754 3177 866 3240 eodem
880 3175 952 3239 loco
968 3198 1055 3242 mere
1070 3180 1264 3262 paganismo,

235 3293 342 3356 occiso
357 3310 440 3374 equo
454 3288 662 3375 pinguissimo
676 3309 825 3372 magnum
839 3289 979 3353 aldarnus
998 3290 1152 3353 lecerunt.
1186 3292 1264 3352 Tur-

234 3404 284 3468 scl
299 3422 319 3469 a
332 3404 426 3470 sociis
443 3413 573 3488 accepts
591 3403 738 3477 licencia,
759 3403 840 3466 sicut
860 3410 929 3465 erat
942 3401 992 3463 uir
1005 3402 1109 3464 audax
1130 3410 1162 3465 et
1182 3400 1264 3464 lidus

234 3514 268 3577 in
283 3516 390 3591 armis,
410 3536 484 3579 cum
497 3518 562 3581 suis
577 3515 724 3578 militibus
739 3516 779 3577 ad
794 3515 907 3577 ducem
923 3512 1094 3594 Arparlium
1115 3531 1264 3577 reuersus

236 3631 296 3699 ost,
315 3635 350 3689 nt
363 3628 393 3690 ci
408 3628 574 3690 utilitatem
590 3627 672 3690 illius
687 3635 772 3691 terre
788 3626 967 3697 nunciaret,
992 3625 1079 3705 quod
1093 3632 1125 3687 et
1139 3624 1184 3685 sic
1199 3625 1265 3686 fac·

236 3742 302 3801 tem
322 3743 379 3800 est.
406 3735 500 3799 Onnd
514 3756 592 3799 uere
613 3746 645 3800 et
659 3737 749 3800 lietcl
771 3737 947 3818 equitantes
969 3734 1136 3797 celerrimo
1155 3754 1265 3808 cursu,

237 3847 357 3930 egressi
372 3847 532 3911 demente
547 3846 675 3922 Tumol,
696 3848 794 3912 tercie
809 3847 860 3910 die
875 3845 989 3910 ducem
1002 3845 1151 3908 Sslannrn
1164 3846 1197 3909 in
1212 3865 1264 3910 ca·

237 3967 304 4024 stro
318 3958 416 4042 Olpsr
429 3958 516 4024 iaxta
529 3958 687 4022 Thlsciarn
707 3957 916 4031 inuenerunt,
937 3974 1033 4039 quern
1047 3974 1089 4020 ex
1101 3966 1192 4039 parte
1207 3956 1265 4022 Ar·

226 4071 302 4156 ‘ssd
315 4071 547 4146 raluuuemnt,
568 4078 600 4136 et
613 4071 643 4136 ei
657 4071 798 4136 secanda
818 4071 871 4135 die
891 4075 965 4154 post
983 4069 1162 4154 ingressum
1176 4070 1264 4136 curie

228 4200 315 4262 πο,
337 4184 439 4260 done,
459 4201 522 4269 qne
542 4189 890 4267 monstrassent,
918 4189 1198 4267 presentauerunt,
1226 4201 1265 4250 so
