2798 4764
408 339 548 387 uaormu
568 338 666 391 unsri
688 339 897 397 uruaunnnurr
920 322 996 406 (lo).
1164 331 1219 398 ⁹17

187 506 230 563 tet
242 494 320 561 milri
334 493 441 578 gracia
453 493 552 576 insius
567 493 646 557 duas
659 493 841 575 lagunculas
854 495 964 577 plenas
978 516 1062 581 aqua
1074 499 1220 575 Danubii,

187 619 218 675 et
231 628 329 673 unam
349 606 507 671 sarcinam
528 607 567 669 de
587 605 695 671 herbis
716 606 897 669 cabalorum
913 606 1020 689 Olpar,
1041 617 1076 673 ut
1090 629 1218 692 possem

187 722 325 805 procare
345 719 374 782 si
393 719 456 783 siut
477 717 635 781 dulciores
654 717 754 781 herbe
780 717 964 783 sabulorum
985 720 1082 803 Olpar
1112 722 1221 787 herbis

186 832 406 915 Schbicurum
428 839 460 893 et
480 829 705 910 Dentumoger,
727 837 758 890 ct
779 848 862 909 aque
876 829 1012 893 llauubii
1031 831 1060 895 si
1078 814 1140 895 ciat
1153 853 1220 920 me·

185 944 281 1007 liures
295 941 389 1023 aurcis
403 941 586 1003 Tbnnaidis.
617 947 649 1002 et
662 940 733 1002 data
754 941 799 1002 eis
814 939 995 1023 legacione,
1017 943 1150 1007 diuersis
1165 965 1220 1015 eus

187 1054 375 1119 muneribus
389 1053 514 1127 ditauit,
528 1061 560 1115 et
574 1060 665 1134 capta
680 1052 908 1116 beneuolencia
923 1073 1034 1119 eorum
1047 1058 1220 1138 repatriare

183 1166 340 1250 precepit.
356 1171 432 1227 tunc
443 1164 508 1227 dux
517 1164 640 1245 Arpud,
660 1164 737 1227 inito
750 1164 891 1238 coneilio,
906 1165 1019 1228 eodem
1033 1166 1130 1229 modo
1140 1167 1223 1237 misit

185 1276 318 1343 nunnus
333 1295 409 1339 euos
424 1274 464 1337 ad
478 1274 625 1363 Salarium
647 1274 778 1348 ducem,
799 1284 831 1338 et
845 1275 929 1339 misit
944 1276 973 1337 ei
989 1276 1158 1339 duodecim
1176 1277 1220 1339 al-

184 1389 242 1451 bus
257 1407 377 1471 equos,
399 1394 432 1449 et
445 1386 614 1451 duodecim
630 1384 784 1460 camelos,
805 1395 836 1448 et
850 1387 1016 1449 duodecim
1032 1407 1151 1468 pueros
1166 1407 1221 1453 cu·

183 1499 345 1572 manicos,
375 1505 408 1560 ct
422 1497 546 1560 ducisse
562 1497 731 1559 duodecim
744 1495 867 1578 puellas
881 1497 1063 1561 ruthenicus
1078 1500 1218 1579 pruden-

184 1612 338 1685 tissimus,
358 1620 391 1673 et
405 1609 572 1672 duodecim
587 1607 682 1690 pallia
696 1609 859 1671 deaurata.
888 1617 920 1673 et
934 1610 1021 1673 missi
1035 1618 1109 1674 sunt
1127 1609 1160 1673 in
1172 1611 1219 1679 lu·

185 1723 318 1806 gecione
337 1720 391 1783 illa
411 1721 451 1783 de
473 1720 678 1782 nobilioribus
700 1721 842 1802 personis
858 1723 973 1785 Ouudu
988 1730 1078 1803 pater
1091 1724 1166 1796 Ete,
1188 1731 1221 1791 et

187 1832 267 1896 alter
280 1831 371 1895 lletel
385 1839 475 1913 pater
490 1829 691 1912 llluptulma,
712 1831 873 1895 etiterum
891 1834 1046 1897 miserunt
1059 1834 1218 1916 quendam

189 1944 443 2010 rtreuuissimum
466 1942 595 2005 militem
615 1944 740 2005 numine
758 1943 884 2018 Turzol,
912 1966 1007 2010 causa
1031 1945 1219 2026 spectaculi,

186 2057 241 2140 qui
253 2055 424 2138 inspiceret
434 2052 616 2136 qualitatem
632 2063 725 2129 terre,
741 2064 772 2117 ct
784 2056 881 2120 cicius
892 2077 1041 2120 reuersus
1053 2059 1219 2122 nunciaret

188 2169 319 2233 dominu
333 2187 393 2231 cuo
408 2167 481 2229 duci
494 2168 610 2249 Arpud.

267 2388 333 2472 (15)
371 2390 415 2453 Dc
437 2390 564 2455 Comaru
594 2403 701 2455 cuitro.
754 2393 840 2455 ltissi
870 2411 946 2455 uero
971 2391 1078 2473 Arpud
1107 2392 1218 2469 ducis,
1316 2392 1334 2419 ⁸

183 2504 300 2571 Oundu
325 2512 417 2587 pater
434 2504 507 2579 Ele,
539 2511 572 2566 et
593 2504 686 2567 Ketel
710 2511 800 2586 pater
823 2502 1019 2584 Oluptulma,
1048 2512 1080 2568 et
1102 2504 1215 2568 Turaul

183 2617 274 2681 miles
289 2636 454 2690 cumanus,
475 2616 564 2679 cuius
579 2615 767 2698 genealogia
781 2614 898 2679 deiecit
911 2615 944 2678 in
958 2616 1139 2698 semetipso,
1161 2636 1215 2690 ue,-

181 2730 324 2804 nicntus,
344 2728 478 2791 lluuium
491 2728 621 2810 Budrug
640 2737 917 2792 transnatouerunt
937 2729 969 2790 iu
982 2727 1035 2791 illo
1050 2727 1141 2804 loco,
1161 2730 1216 2793 ubi

180 2861 300 2924 parum
314 2840 430 2903 fluuius
446 2860 576 2904 munaus
591 2860 610 2901 a
625 2839 827 2903 Saturlrolmu
846 2841 1009 2903 descendit
1029 2840 1062 2904 iu
1075 2841 1215 2924 Budrug.

182 2962 215 3016 et
227 2952 275 3016 sic
289 2960 490 3015 transeuntes
505 2951 637 3015 tluuiurn
647 2951 788 3033 Budrug‚
803 2972 875 3014 cum
888 2951 1066 3032 predictum
1080 2970 1215 3032 paruum

180 3065 314 3129 fluuium
328 3064 498 3127 transirent
509 3064 599 3147 quasi
613 3063 679 3137 lcti,
698 3073 772 3126 tunc
785 3084 844 3145 per
858 3063 1104 3127 inundaciouem
1118 3083 1216 3146 aqua-

181 3198 273 3252 rum,
291 3176 383 3241 Kelcl
406 3196 489 3259 equo
505 3176 685 3241 cllcudeute
708 3175 740 3238 in
761 3194 877 3256 aquam
895 3175 1079 3238 submersus
1098 3182 1163 3249 cst,
1184 3183 1217 3239 et

181 3288 278 3351 cuciis
298 3287 364 3351 suis
379 3286 602 3350 adiuuantibus
617 3285 669 3348 rix
691 3304 710 3347 a
730 3285 793 3349 leto
807 3285 958 3349 liberatus
980 3294 1038 3349 cst.
1069 3295 1144 3347 tunc
1158 3285 1217 3348 llu-

184 3401 255 3465 uim
273 3398 326 3462 ille
346 3419 404 3481 ner
417 3397 523 3461 socius
536 3398 628 3461 lietel
649 3405 779 3461 uocatus
801 3407 850 3461 est
870 3418 929 3478 per
950 3379 1217 3477 risum’llclelpu·

183 3520 265 3585 tace,
278 3520 311 3575 et
323 3520 436 3593 postea
450 3510 515 3573 dur
528 3510 634 3592 broad
651 3530 706 3591 ner
717 3508 855 3592 graciam
869 3527 960 3571 suam
975 3515 1072 3571 totam
1086 3513 1214 3585 terram,

182 3644 257 3689 eum
270 3622 500 3687 habitatoribus
512 3623 592 3698 suis,
614 3623 717 3686 eidem
731 3620 838 3695 lietel,
858 3619 1092 3684 uSaturhulmu
1115 3641 1216 3706 usquc

182 3734 224 3799 ad
246 3733 378 3796 uoniam
395 3732 533 3796 Tulsuoa
553 3733 755 3796 condouauit.
784 3742 815 3798 et
834 3751 898 3795 non
920 3741 1040 3797 tantum
1061 3731 1137 3807 hec,
1158 3735 1217 3797 sed

182 3847 286 3911 eciam
306 3846 428 3909 maiora
446 3845 497 3908 bis
517 3845 724 3920 condouauit,
744 3846 820 3929 quia
838 3846 905 3909 dux
923 3846 1030 3926 Arpad
1050 3845 1218 3927 subiugata

181 3958 245 4023 ribi
263 3965 331 4021 tuta
352 3964 439 4021 terra
451 3957 629 4031 Pannonio,
649 3977 708 4039 pro
724 3955 908 4020 fidelissimo
926 3957 1063 4022 seruicio
1080 3976 1150 4031 ruo,
1172 3957 1218 4035 ei,-

185 4070 261 4135 uem
272 4066 367 4133 Ketel
381 4067 469 4133 dedit
483 4075 600 4133 terram
615 4086 761 4153 magnam
776 4067 864 4131 iuxta
876 4069 1070 4143 Danubium,
1090 4068 1145 4131 ubi
1160 4068 1220 4131 ssu-

182 4182 257 4267 uiuu
266 4181 349 4267 Wug
363 4179 543 4258 descendit,
564 4180 618 4246 ubi
632 4189 746 4264 posteo
760 4178 943 4263 Oluptulma
950 4179 1038 4344 {ttius
1050 4178 1153 4252 Ketel,
1165 4195 1218 4257 cu,-
