2798 4764
231 348 294 417 ’118
554 362 928 415 ,ιιιιετιυιυινιυι

231 512 336 583 staldo
349 521 468 583 llicuso
482 521 522 583 (le
538 520 612 582 uilla
625 520 762 601 Gyoroc.
791 518 936 581 <lominus
949 517 1067 600 uyuna
1083 518 1287 582 combustos
1398 593 1399 598 γ

233 640 291 696 ost.
1398 609 1399 622 Ν

317 741 404 824 (313)
428 745 558 806 loannes
573 742 655 805 filins
671 743 785 804 Turdis
804 741 925 803 comitis
946 741 1089 822 impeciit
1103 742 1287 825 ioubngio-

233 874 290 917 nes
304 853 437 917 ecclesie
454 854 493 919 de
509 854 592 928 Cius,
613 854 733 916 scilicet
745 853 866 916 Scelam
883 860 914 915 et
928 853 1065 915 Pouoom
1087 862 1126 916 et
1147 874 1285 916 sernum

233 966 352 1029 scilicet
365 967 447 1028 Posu
470 966 509 1029 de
524 966 633 1047 predio
647 965 713 1027 ller
727 984 785 1047 pro
800 964 973 1039 latrocinio,
994 963 1105 1026 iudice
1122 966 1213 1028 Mica
1229 985 1285 1027 eu·

233 1077 302 1140 riall
324 1077 436 1138 comite
459 1077 499 1139 de
520 1076 643 1149 Bichor,
673 1074 821 1156 pristaldo
842 1074 971 1137 loonne.
1003 1074 1078 1137 Sela
1105 1075 1226 1157 itaque
1246 1069 1285 1138 ¹et

233 1189 317 1252 l‘csu
330 1187 485 1250 iustificati
501 1196 589 1260 sunt,
611 1186 712 1248 Pousa
726 1185 907 1247 combustus
923 1192 982 1247 est.

316 1297 403 1380 (3ll)
426 1299 512 1362 Uadu
535 1299 575 1361 de
590 1296 771 1361 custodibus
791 1297 870 1359 silue
885 1297 1008 1377 Beregu
1030 1295 1182 1379 impeciit
1200 1320 1281 1362 con-

233 1410 383 1475 uillanum
398 1431 491 1474 suum
502 1410 672 1473 Uulcanum
690 1428 748 1491 pro
763 1409 919 1473 occisione
933 1408 996 1471 filie
1011 1429 1075 1488 sue*
1086 1429 1151 1490 per
1166 1413 1281 1492 pocio-

234 1541 319 1586 ncm.
349 1521 451 1584 iudice
466 1522 571 1583 Meocu
595 1519 708 1583 comite
731 1520 771 1582 ‹lc
793 1520 932 1600 Beregu,
959 1519 1116 1600 pristuldo
1130 1521 1277 1586 Andrea.

233 1632 390 1695 Uulcanus
405 1633 585 1694 iustificatus
600 1640 659 1695 est.

317 1741 404 1823 (315)
425 1743 577 1805 Martinus
593 1743 830 1806 archidiaconns
844 1742 981 1824 impeciit
993 1743 1120 1806 Beluen
1143 1753 1180 1808 et
1194 1746 1275 1808 otac-

235 1854 332 1918 thiam
347 1854 387 1915 de
403 1852 477 1914 uilla
491 1853 619 1934 loubug,
641 1854 759 1917 etitem
774 1854 894 1916 Gclram
914 1853 953 1915 dc
974 1853 1049 1918 uilla
1063 1856 1139 1929 Zor,
1160 1866 1198 1919 et
1214 1857 1275 1918 lle-

236 1964 342 2028 lemen
357 1966 397 2027 de
412 1963 487 2027 uilla
502 1962 604 2046 Segu,
626 1985 682 2046 pro
698 1965 856 2029 occisione
871 1964 924 2028 lilii
938 1965 1003 2039 sui,
1023 1986 1107 2048 quos
1118 1967 1273 2032 Nicolaoc

235 2094 341 2140 comcs
357 2076 511 2158 palatinus
527 2095 582 2157 per
598 2074 780 2157 pristaldum
797 2077 923 2140 nomine
935 2076 1060 2158 Gougar
1075 2079 1165 2141 misit
1175 2080 1273 2142 Uare·

233 2189 341 2253 diuum
363 2189 403 2250 ad
426 2187 590 2250 candentis
610 2185 687 2249 ferri
709 2187 874 2260 iudicium,
895 2187 948 2248 ubi
962 2186 1118 2251 lielcmen
1139 2199 1271 2271 portato

233 2299 319 2361 ferro
335 2299 517 2362 iustificetns
533 2306 591 2362 est.
618 2297 715 2360 Beluo
730 2317 806 2361 uero
821 2308 853 2361 et
866 2298 1012 2361 Matthias
1028 2298 1133 2364 taliter
1149 2321 1270 2365 conue-

232 2418 361 2481 nerunt,
390 2409 476 2490 quod
502 2409 614 2471 darent
637 2409 820 2472 aduersario
845 2429 903 2471 suo
928 2409 1039 2491 uiginti
1063 2418 1097 2475 ct
1121 2413 1268 2494 quinque

233 2540 365 2594 marcas,
381 2530 412 2583 et
426 2520 520 2583 iidem
536 2520 629 2583 iudici
643 2520 858 2585 satisfacerent
873 2530 903 2584 et
917 2521 1081 2602 pristaldo,
1096 2532 1129 2584 et
1139 2524 1169 2585 si
1183 2544 1269 2587 com·

232 2641 323 2713 potes
338 2634 384 2694 sui
401 2634 587 2705 existerent,
609 2633 785 2696 ieiunareut
800 2653 857 2713 pro
871 2632 1051 2693 homicidio.
1083 2633 1164 2696 item
1182 2635 1268 2696 Gela

233 2745 382 2806 conuenit
403 2744 477 2805 dare
501 2745 682 2805 aduersario
703 2764 761 2805 sno
785 2754 919 2824 qrratuor
939 2743 1106 2818 marculus,
1128 2756 1165 2809 et
1182 2748 1270 2809 eatis·

232 2850 338 2914 lacere
353 2853 448 2913 iudici
463 2862 493 2915 et
510 2855 671 2932 pristaldo.

317 2961 406 3042 (316)
430 2963 533 3025 Bolosi
557 2965 596 3026 de
612 2965 686 3027 uilla
701 2967 820 3029 Bulkan
838 2968 1047 3030 coadiuuante
1066 2977 1186 3050 patruo
1202 2990 1268 3044 suo,

234 3071 353 3137 scilicet
375 3076 465 3157 liyua
489 3084 520 3138 et
543 3075 610 3136 aliis
634 3077 775 3157 cognatis
799 3078 874 3151 suis,
903 3078 1051 3140 uidelicet
1073 3078 1166 3152 Elur,
1195 3084 1268 3153 Bot,

232 3188 403 3250 Benedicto
428 3195 460 3249 et
480 3188 627 3269 Georglc‚
647 3189 853 3269 impccierunt
871 3190 1024 3272 quosdam
1048 3192 1088 3252 de
1111 3191 1180 3253 alio
1196 3194 1268 3255 Bul-

233 3300 314 3372 knn‚
335 3300 454 3363 scilicet
470 3300 563 3373 Potlr,
586 3300 720 3373 Uilman‚
741 3300 876 3374 lletreh,
898 3301 1120 3375 Laurencium,
1146 3305 1268 3367 Metam

233 3420 265 3474 et
280 3411 430 3474 Thomam
454 3413 493 3472 de
515 3412 669 3473 occisione
693 3411 790 3491 patris
813 3412 877 3484 sui,
900 3411 1017 3474 scillcet
1032 3414 1140 3488 Zude,
1164 3417 1268 3478 iudice

232 3523 383 3587 Michaile
406 3522 513 3584 curiali
535 3523 647 3585 comite
668 3523 707 3584 dc
728 3524 857 3595 Zobols‚
888 3524 1037 3605 pristaldo
1057 3525 1204 3590 Mettheo
1228 3529 1267 3590 dc

232 3634 307 3696 uilla
323 3638 407 3697 Bozt.
431 3635 512 3697 Both
527 3636 707 3697 combustus
723 3645 783 3707 est,
804 3636 915 3717 reliqui
929 3635 1098 3699 iustificati.

315 3742 404 3823 (317)
426 3746 536 3827 Gyunn
562 3747 601 3807 dc
629 3746 702 3806 uilla
727 3746 829 3806 Dubra
853 3747 935 3826 cepit
960 3747 1039 3808 duos
1061 3748 1168 3810 boues
1192 3769 1269 3811 suos

232 3855 316 3935 opud
340 3854 436 3916 Uosos
457 3857 496 3918 clo
519 3856 592 3920 uilla
612 3859 710 3920 Torso
735 3857 844 3938 predio
866 3858 1036 3940 Angyolus,
1064 3860 1180 3924 dicens
1198 3861 1271 3925 illos

232 3964 388 4029 furiosior
405 3965 556 4030 sublatos.
579 3969 630 4030 ille
647 3970 809 4050 respondit
823 3990 857 4031 se
874 3970 986 4033 emisse
1001 3972 1176 4053 aquodam
1191 3995 1272 4037 coo·

231 4078 349 4142 uilluno
371 4096 428 4139 ouo
450 4079 575 4141 nomine
591 4080 727 4162 Sogyon.
758 4081 901 4163 quicum
916 4089 1061 4163 negaret,
1085 4083 1189 4149 Uocon
1212 4088 1273 4149 im·

233 4192 328 4275 peciit
338 4190 433 4252 olium
445 4188 656 4254 conuillaoum
667 4210 760 4256 ouum
770 4193 931 4276 sumptam
942 4193 1069 4258 nomine
1081 4196 1123 4261 dc
1134 4197 1275 4267 fideius-
