2798 4764
361 366 396 413 rr.
410 367 539 415 nocsru
559 368 682 416 marsa
701 369 888 418 rennuens
909 347 988 436 (abb
1125 348 1187 425 att

156 541 221 585 non
241 520 309 584 sine
332 519 515 585 difficultate
533 520 629 584 nimia
647 522 788 604 cepimus
809 524 841 586 in
856 524 966 588 timore
981 525 1113 589 transire
1130 535 1188 609 pet

156 632 296 697 medium
310 632 526 707 Tartarorum3
549 640 743 714 curuatoque
767 635 946 717 supercilio,
968 656 1040 701 cum
1064 639 1187 720 pudore

156 742 289 806 insulam
314 742 544 806 reintrauimus.
572 744 612 805 lit
626 763 698 806 cum
712 745 744 805 in
758 746 811 807 tali
827 746 964 827 periculo
980 767 1187 826 moraremur,

157 854 331 918 seruieutas
345 844 406 916 mei
423 854 474 936 qui
491 855 531 916 ad
547 875 645 937 equos
660 859 796 920 exterius
812 857 998 940 uigilabant,
1020 860 1116 923 etalii
1131 863 1186 944 qni

157 984 280 1027 mecum
304 973 411 1038 arant,
440 984 511 1027 oum
534 968 666 1049 pecunia
688 987 782 1048 quam
805 967 960 1032 habebam
983 978 1013 1034 et
1036 972 1187 1050 uestibus,

158 1076 199 1138 de
212 1075 315 1138 insula
329 1074 529 1156 aufugerunt.
556 1085 587 1138 et
600 1076 632 1139 in
647 1077 722 1160 suga
740 1079 860 1142 inuenti
874 1101 933 1161 per
946 1082 1093 1144 Tartaros
1113 1091 1188 1148 sunt

159 1187 261 1269 gladio
281 1186 455 1260 interemti,
482 1208 532 1250 me
557 1208 628 1250 cum
649 1209 713 1252 nuo
734 1191 907 1265 seruiente,
936 1194 1026 1273 quasi
1046 1195 1132 1256 nudo
1152 1195 1186 1259 itt

158 1297 261 1360 insula
284 1306 498 1379 permanente.
530 1307 600 1379 post
624 1298 682 1360 bec
707 1299 810 1363 statim
835 1301 998 1365 inualuete
1024 1322 1187 1379 rumores,

157 1408 243 1490 quod
264 1408 380 1471 (lictum
402 1419 530 1490 pontem
546 1409 684 1484 Thome,
714 1411 979 1474 Tbeutonicorum
1002 1411 1122 1488 uillam,
1152 1415 1186 1479 in

159 1538 271 1582 aurora
287 1520 409 1583 Tartari
433 1529 686 1603 occupauerunt,
716 1531 747 1585 ct
765 1543 846 1605 quos
871 1532 979 1588 tenere
1001 1524 1185 1603 noluerant,

157 1632 316 1697 horrenda
337 1633 505 1696 erudelitas
527 1635 701 1697 acerbitatis
722 1635 826 1719 gladio
842 1638 909 1699 dire
931 1638 1091 1721 ingulauit.
1120 1657 1184 1724 quo

159 1743 266 1807 audito
280 1743 504 1807 inhorruerunt
521 1746 576 1828 pili
592 1745 694 1808 carnis
715 1766 801 1822 mea,
822 1748 905 1828 cepit
918 1768 1033 1831 corpus
1048 1759 1185 1814 tremere

84 1836 92 1844 ⁰
160 1874 195 1918 nc
209 1875 342 1937 pauore,
356 1855 462 1938 lingua
477 1857 696 1920 miserabiliter
709 1858 874 1933 balbutire,
888 1861 1083 1943 perspiciens
1099 1863 1185 1944 qnod

160 1967 227 2030 (lire
242 1968 350 2029 mortis
365 1966 531 2042 articulus,
553 1969 606 2050 qui
621 1969 683 2031 iam
698 1970 790 2033 uitari
804 1990 867 2032 non
882 1980 1020 2052 poterat,
1042 1973 1186 2038 immine·

160 2079 221 2143 bat.
258 2080 462 2142 trucidatores
487 2080 591 2178 cordis
616 2082 714 2143 oculis
740 2082 901 2156 intuebar,
936 2102 1010 2145 caro
1034 2085 1185 2148 sudorem

158 2192 266 2254 mortis
281 2192 515 2273 frigidissimum
535 2193 705 2257 emittebat.
732 2194 879 2257 uidebam
894 2202 925 2256 et
940 2193 1087 2258 mortales
1102 2214 1185 2258 mor·

157 2311 219 2366 tem
235 2312 435 2385 expectantes
451 2304 586 2378 assidue,
608 2323 672 2366 non
687 2325 781 2386 posse
795 2325 906 2368 manus
921 2305 961 2366 nd
975 2324 1061 2367 arma
1076 2313 1185 2369 exten·

158 2417 250 2490 dere,
273 2418 397 2497 erigere
415 2416 557 2490 brachia,
579 2417 675 2498 pedes
691 2417 731 2478 ad
746 2415 937 2480 defensionis
952 2416 1022 2478 loca
1037 2435 1184 2492 mouera,

158 2528 256 2590 oculis
278 2537 392 2591 terram
414 2529 605 2610 prospicere.
632 2528 752 2609 etquid
768 2527 877 2610 plural
902 2527 1046 2591 homiues
1060 2528 1185 2610 conspi-

158 2639 278 2701 ciebam
293 2658 332 2701 ex
346 2639 457 2701 timore
472 2639 568 2700 nimio
582 2638 762 2701 seminiuos.
786 2646 897 2700 etcum
914 2647 1016 2701 essem
1028 2637 1060 2700 in
1072 2639 1186 2703 ecstasi

158 2752 294 2833 positus,
316 2751 404 2813 alluit
425 2751 499 2813 mibi
520 2749 735 2814 misericordia
749 2751 821 2813 lesu
835 2749 966 2824 Christi,
987 2758 1019 2813 et
1033 2757 1184 2834 tanquam

157 2883 238 2925 unus
253 2863 292 2924 de
309 2861 494 2935 maioribus,
516 2870 550 2926 ut
565 2861 673 2940 melius
690 2862 896 2936 muniremur,
916 2861 1018 2925 insule
1033 2861 1184 2945 poputum

159 2974 342 3036 conuocaui.
368 2973 455 3035 cuius
469 2973 516 3036 rei
531 2955 722 3047 occasione,
736 2993 807 3036 cum
822 2973 940 3055 populo
956 2993 1024 3035 snm
1039 2993 1185 3057 egressus

157 3085 307 3157 insulam,
335 3093 366 3148 et
387 3085 522 3165 acceptis
546 3084 668 3147 duobus
689 3086 812 3165 pneris,
840 3086 1054 3166 procuratoris
1074 3094 1107 3148 et
1126 3084 1185 3147 bo-

158 3199 244 3279 spitis
266 3198 329 3260 mei
347 3196 437 3270 liliis,
465 3205 498 3259 et
512 3197 604 3259 unico
618 3198 794 3271 seruiente,
816 3197 870 3278 qui
884 3197 961 3258 mibi
975 3204 1184 3270 remanserat,

158 3307 281 3391 longius
305 3309 351 3370 ire
376 3308 540 3382 simulans,
571 3309 603 3370 in
627 3308 725 3381 silua,
755 3309 837 3371 inter
861 3307 1024 3389 indagines
1048 3306 1184 3381 letitani,

159 3437 328 3499 puerorum
349 3419 430 3499 patri
451 3419 656 3493 renuncians,
676 3418 762 3501 quod
786 3423 913 3499 propter
932 3417 1077 3480 timorem
1097 3417 1185 3482 nolo·

158 3530 230 3593 bam
252 3529 385 3595 insulam
407 3532 573 3605 reintrare,
599 3541 631 3595 et
651 3531 808 3612 cogitans,
829 3530 915 3611 quod
937 3528 964 3590 si
987 3548 1109 3592 mecum
1130 3530 1185 3594 ab·

157 3660 285 3704 sconsos
298 3661 372 3703 suos
387 3650 528 3704 tenerem
543 3641 642 3714 lilios,
663 3640 731 3723 ipse
746 3640 823 3702 mibi
836 3640 1017 3705 necessaria
1030 3641 1186 3707 transmit·

157 3760 247 3816 teret.
284 3762 399 3816 etcum
416 3773 538 3816 summo
554 3753 691 3816 diluculo
706 3751 853 3816 uictualia
866 3752 1074 3828 mitterentur,
1100 3753 1185 3819 illioo

158 3866 280 3930 Tartari
295 3866 507 3940 aduenerant,
527 3865 664 3929 insulam
679 3863 917 3929 circumdantes.
942 3872 1059 3930 etcum
1074 3866 1187 3933 darent

156 3976 349 4060 intelligere,
371 3977 456 4059 quod
478 3975 597 4044 uellent
617 3996 673 4060 per
694 3996 807 4062 aquarn
827 3978 962 4044 insulam
984 3997 1186 4063 expugnaro,

157 4091 294 4175 populus
322 4090 422 4154 insula
451 4091 622 4177 deceptus,
657 4091 698 4155 ad
724 4093 956 4178 protegendum
983 4089 1052 4157 illas
1080 4095 1186 4172 partes

157 4204 258 4275 taxus
269 4213 326 4276 est·
348 4205 469 4276 Tartari
483 4224 561 4274 uero
576 4224 616 4273 ex
629 4203 690 4276 alia
702 4212 794 4298 parta
807 4206 840 4274 ln
855 4212 959 4297 portas
973 4201 1111 4296 prasidio
1126 4217 1186 4272 oo·
