2798 4764
155 370 244 418 aras
258 367 403 416 inaneis
417 368 567 414 creamus
581 367 766 414 rorocormr
780 364 973 413 aramma·
991 345 1081 413 fidi.
1123 344 1184 414 tes

156 527 227 588 liter
240 526 320 587 ireta
336 525 410 597 luit,
432 532 463 586 et
477 525 625 605 precipue
640 524 723 585 beati
740 523 823 603 regis
838 521 1006 602 Stephani,
1028 521 1081 603 qui
1096 522 1185 602 priua

156 637 255 718 ipsam
278 635 420 697 fundauit
439 644 469 697 et
490 635 623 707 dotauit,
645 632 961 715 possessionibusque
977 631 1116 712 plurimis
1138 630 1187 694 di-

156 748 250 819 tauit,
272 765 308 807 ac
322 745 516 806 libertatibus
537 754 568 807 et
588 743 765 806 libertatum
780 742 988 824 prerogatiuis
1010 742 1187 823 specialiter

156 859 334 929 decorauit,
355 858 468 918 nostris
491 857 601 917 diebus
622 864 653 918 et
675 856 869 936 temporibus
886 855 999 916 debeat
1021 855 1187 920 uacillaret

158 989 194 1031 ca
215 969 440 1039 enumerando,
463 988 524 1048 quc
548 967 741 1046 temporibus
764 966 951 1027 successiuis
970 965 1001 1026 in
1017 967 1188 1029 detrimen·

158 1089 223 1143 tum
238 1087 410 1140 memorate
426 1076 557 1139 ecclesie
572 1077 660 1157 uergi
677 1086 820 1157 possunt,
842 1077 1006 1157 priuilegia
1021 1078 1118 1159 ipsius
1132 1098 1188 1140 an·

158 1193 286 1274 tiquitus
309 1195 451 1263 obtenta,
475 1199 505 1251 et
527 1210 583 1270 per
606 1208 803 1270 consequens
824 1188 991 1261 libertates,
1014 1198 1044 1251 ei
1060 1190 1188 1253 liberta—

158 1314 222 1368 tum
238 1304 452 1385 prerogatiuas
468 1304 664 1373 innouantes,
680 1321 750 1362 cum
766 1302 992 1363 ratihabicione
1008 1302 1188 1364 omnimoda

159 1416 377 1479 confirmamus
393 1417 551 1476 intronata.

243 1530 303 1601 (1)
324 1529 430 1607 ltaque
445 1525 536 1586 firmo
551 1526 715 1586 statuimus
730 1524 843 1599 edicto,
865 1528 949 1607 quod
963 1527 1068 1607 prouti
1083 1546 1100 1588 a
1115 1547 1188 1609 pro·

160 1639 352 1720 genitoribus
376 1639 489 1699 nostris
515 1637 653 1718 primitus
679 1637 736 1698 fuit
760 1639 952 1710 ordinatum,
981 1640 1059 1701 sicut
1080 1641 1188 1703 iobba·

161 1772 277 1833 gyoues
292 1760 352 1812 lam
368 1750 498 1822 nobiles,
520 1769 614 1830 quam
629 1751 882 1812 condicionarios
899 1751 1041 1813 eiusdem
1056 1751 1187 1813 ecclesie

160 1881 223 1925 non
245 1873 387 1925 tenemur
408 1862 564 1934 iudicare,
593 1863 638 1923 sic
661 1882 719 1924 uec
739 1862 874 1923 heredes
900 1863 1017 1934 nostri,
1045 1863 1134 1924 nobis
1156 1863 1187 1924 iu

159 1993 258 2055 regno
274 1974 488 2043 succedentes,
509 1992 568 2033 nec
583 1971 742 2034 Palatinus
764 1992 821 2052 pro
835 1980 978 2052 tempore
993 1974 1188 2047 constitutus,

159 2106 218 2148 nec
234 2103 339 2146 comes
354 2083 482 2144 alicuius
499 2083 590 2145 castri
605 2103 661 2145 seu
676 2081 874 2163 parochialis,
892 2102 951 2143 nec
965 2083 1085 2145 iudices
1101 2084 1190 2145 nobi·

160 2197 235 2258 lium
250 2214 509 2277 quorumcunque
532 2195 751 2266 comitatuum,
773 2202 804 2255 et
818 2193 1008 2274 generaliter
1021 2194 1124 2257 nullus
1140 2196 1189 2257 iu-

162 2308 264 2370 dicum
285 2305 336 2367 uel
357 2305 597 2366 iusticiariorum
619 2305 707 2387 regni
722 2306 836 2378 nostri,
857 2325 1047 2387 quocunque
1062 2307 1188 2369 nomine

162 2419 284 2479 bonore
309 2425 341 2479 et
364 2417 515 2498 dignitate
540 2416 734 2499 prefulgeat,
766 2438 863 2498 super
888 2417 992 2498 aliqua
1013 2436 1122 2490 causa,
1154 2424 1189 2480 ul

162 2539 238 2611 puta
257 2547 352 2608 super
371 2528 464 2600 furto,
485 2529 650 2589 latrocinio
673 2530 724 2590 uel
746 2530 776 2589 in
793 2538 934 2600 moneta,
956 2537 986 2590 et
1001 2529 1190 2609 generaliter

163 2662 258 2722 super
272 2639 364 2701 nullis
378 2659 541 2702 causarum
558 2640 704 2713 articulis,
727 2643 810 2721 ipsos
825 2642 939 2722 possit,
961 2641 1075 2703 debeat
1087 2650 1118 2704 ei
1133 2660 1189 2704 au-

163 2756 235 2816 deat
257 2753 413 2824 iudicare,
436 2764 568 2833 excepto
589 2773 646 2826 eo,
668 2753 752 2834 quod
768 2755 793 2814 si
809 2753 916 2834 populi
931 2762 962 2815 et
976 2755 1188 2836 iobbagyones

162 2864 293 2927 ecclesie
317 2872 417 2927 terras
443 2882 622 2925 communes
647 2883 718 2925 cum
744 2863 810 2928 aliis
840 2866 964 2946 populis
990 2866 1187 2928 diuersarum

161 2977 382 3039 condicionum
402 2975 583 3046 habuerint,
605 2984 636 3037 et
652 2976 776 3056 questio
799 2978 839 3038 de
858 2976 1014 3039 diuisione
1033 2985 1187 3040 terrarum

164 3099 232 3153 orta
248 3088 358 3160 suerit,
381 3096 453 3148 tunc
467 3107 523 3148 rex
540 3088 589 3149 uel
606 3088 706 3149 tricem
722 3108 808 3149 suam
824 3109 937 3169 gerens
953 3089 1052 3169 ipsos,
1074 3089 1099 3147 si
1114 3106 1189 3148 con·

162 3209 261 3263 sortes
282 3200 424 3261 eiusdem
445 3199 506 3259 litis
526 3198 658 3270 suerint,
679 3199 771 3259 simul
786 3218 856 3260 cum
877 3199 943 3259 aliis
957 3198 1096 3278 poterint
1109 3197 1190 3259 iudi·

163 3332 245 3371 care.
275 3319 307 3372 et
327 3310 469 3371 similiter
490 3311 522 3371 in
540 3309 607 3371 aliis
631 3310 733 3371 causis
754 3309 908 3380 omnibus,
930 3327 992 3389 que
1007 3315 1101 3369 iotam
1117 3327 1189 3388 pro·

164 3422 296 3483 uinciam
320 3429 499 3502 tangerent,
521 3443 594 3493 rex,
617 3420 668 3482 uel
682 3422 721 3482 ab
736 3440 775 3483 eo
790 3420 915 3490 missus,
944 3419 1030 3499 ipsos
1045 3437 1115 3478 cum
1137 3438 1190 3482 cc·

164 3533 237 3596 teris
253 3552 361 3594 eorum
376 3533 692 3613 comprouincialibns
706 3532 832 3593 iudicet.
852 3532 884 3591 iu
899 3530 967 3593 aliis
978 3538 1080 3592 autem
1093 3531 1192 3594 maio-

162 3644 248 3706 ribus
269 3652 300 3706 et
319 3643 444 3705 minutis
465 3644 580 3717 causis,
601 3652 632 3705 et
654 3642 843 3723 generaliter
865 3640 896 3701 in
919 3641 1073 3713 omnibus,
1094 3640 1190 3704 solius

163 3757 312 3839 prepositi
333 3775 403 3817 cum
420 3755 566 3836 capitulo,
589 3756 640 3816 uel
656 3755 785 3824 decani,
808 3760 861 3814 aut
874 3751 1054 3813 officialium
1076 3770 1191 3814 eorun-

163 3870 244 3940 dem,
266 3868 479 3949 iobbagyones
500 3876 530 3928 et
545 3865 652 3947 populi
667 3866 765 3945 ipsius
780 3863 912 3925 ecclesie
926 3864 1050 3927 adstare
1064 3864 1097 3925 in
1110 3863 1191 3926 iudi·

162 3979 210 4041 cio
225 3987 401 4041 teneantur.

245 4092 305 4166 (2)
327 4089 358 4151 Si
384 4089 513 4171 quidem
535 4089 568 4151 in
591 4088 753 4150 reddenda
777 4086 869 4149 alicui
893 4087 1015 4151 iusticia
1032 4087 1119 4168 ipsos
1138 4105 1192 4149 sn·-

162 4208 287 4289 spectos
304 4202 423 4267 babere
447 4209 647 4279 conarentur,
669 4201 711 4265 ob
724 4201 904 4268 huiusmodi
917 4200 1104 4287 suspicionis
1118 4217 1193 4266 cau·
