2798 4764
180 356 268 403 nsua
290 358 332 402 rr.
351 356 441 402 arms
464 357 613 403 erasurus
636 357 791 403 uosrrrru
815 359 855 403 mr
877 355 989 404 sacru.
1018 339 1109 405 rats.
1151 339 1213 405 167

264 515 323 587 (2)
349 514 425 575 Item
447 513 529 574 infra
550 513 663 575 limites
685 513 772 594 regni
796 513 893 573 nostri
917 513 956 573 ab
978 513 1062 575 omni
1084 513 1212 587 tributo,

181 624 269 686 salua
293 624 452 686 tricesima
475 633 505 685 et
526 624 614 686 saluo
636 625 703 685 iure
727 624 857 685 ecclesie
875 625 1038 698 Budensis,
1060 633 1211 706 quantum

181 736 351 797 adtributa
370 736 408 797 de
423 735 538 796 salibus
553 735 725 817 exigenda,
748 736 809 796 sint
824 736 947 798 exemti.

264 846 319 920 (3)
349 846 424 907 item
449 847 487 907 de
507 846 607 907 uineis
630 865 739 907 eorum
766 846 921 908 cibrioues
944 847 1122 909 nuliatenus
1146 848 1213 911 exi·

182 965 305 1039 gantur.

264 1069 320 1143 (i)
343 1071 418 1130 Item
441 1067 543 1130 nulius
566 1069 740 1149 principum
763 1078 941 1131 nostrorum
966 1070 1138 1132 uiolentam
1155 1070 1210 1132 de·

182 1201 328 1243 scensum
350 1181 454 1242 facere
479 1181 576 1261 possit
597 1203 694 1262 super
719 1202 783 1254 eos,
806 1201 864 1243 nec
886 1181 1003 1263 aiiquid
1026 1190 1133 1244 contra
1157 1201 1212 1244 eo·

182 1293 325 1353 cumdem
341 1292 482 1372 recipere
498 1292 704 1365 uoluntatem,
723 1293 779 1354 sed
795 1294 991 1355 descendeus
1007 1294 1088 1355 iusto
1105 1293 1211 1375 precio

182 1404 240 1465 sibi
257 1403 434 1466 necessaria
450 1403 563 1465 debeat
578 1424 773 1484 comparare.

266 1517 324 1590 (5)
347 1515 434 1586 Item,
456 1515 541 1596 quod
565 1515 668 1578 nuilus
693 1515 809 1596 hospes
834 1536 872 1577 ex
891 1497 967 1596 ipiis
992 1517 1212 1597 possessiones

183 1646 256 1689 suas
282 1624 331 1687 uei
358 1627 467 1687 domos
495 1626 634 1686 uendere
662 1626 763 1686 ualeat
787 1626 878 1687 alicui
903 1636 1070 1701 extraneo,
1096 1627 1156 1689 nisi
1178 1627 1211 1689 in

184 1740 294 1800 eadem
311 1737 385 1798 uilla
401 1737 525 1799 uolente
541 1739 654 1798 amodo
670 1738 820 1800 habitare.

266 1853 323 1923 (6)
346 1851 422 1911 ltem
445 1849 624 1930 quicunque
647 1870 686 1910 ex
705 1849 781 1929 ipsis
805 1850 871 1911 siue
893 1850 1010 1913 herede
1026 1850 1211 1925 decesserit,

187 1961 404 2042 possessiones
421 1961 595 2022 dimittendi
611 1961 727 2022 habeat
741 1961 937 2034 facultatem,
959 1963 1008 2023 cui
1023 1963 1120 2025 uolet.

265 2073 322 2143 (7)
344 2072 422 2132 Item
448 2070 628 2152 quicunque
655 2091 693 2132 ex
720 2072 764 2134 eis
791 2073 1006 2153 possessiones
1032 2074 1157 2145 emerit,
1183 2073 1211 2134 si

183 2203 239 2263 per
255 2203 370 2246 anuum
387 2191 417 2244 et
432 2181 515 2244 diem
533 2182 635 2244 nutius
654 2183 756 2263 ipsum
778 2203 872 2264 super
894 2183 953 2245 hoc
971 2184 1149 2264 impetierit,
1171 2184 1210 2248 ds

185 2304 290 2355 cetero
311 2315 366 2356 eos
386 2295 454 2356 sine
476 2295 721 2356 contradictione
745 2294 848 2376 aliqua
864 2295 1023 2376 possideat
1037 2294 1164 2376 pacifice
1180 2301 1212 2358 et

186 2406 301 2486 quiete.

266 2517 322 2592 (8)
343 2518 420 2580 Item
442 2518 578 2579 habeant
598 2517 729 2580 liberam
745 2516 930 2579 electionem
950 2516 1092 2598 plebani,
1113 2537 1211 2599 quum

184 2649 292 2692 eorum
314 2628 447 2691 ecclesia
467 2630 625 2701 uacuerit,
647 2649 705 2690 nec
719 2629 871 2710 plebanus
893 2628 1026 2692 uicarios
1042 2630 1211 2694 constituet

184 2740 221 2803 iis
236 2741 354 2803 inuitis,

266 2856 323 2928 (9)
346 2854 423 2915 item
440 2853 499 2934 ipsi
516 2854 665 2914 maiorem
680 2852 754 2915 uiite
769 2852 827 2914 sibi
843 2851 969 2935 eligant,
984 2874 1079 2934 quem
1095 2852 1212 2928 uolent,

184 2974 215 3028 et
231 2966 320 3028 nobis
333 2965 469 3028 electum
482 2973 672 3046 presentent,
688 2966 739 3047 qui
752 2986 861 3027 omnes
873 2984 984 3026 causas
997 2985 1106 3027 eorum
1120 2985 1212 3029 mun·

184 3078 281 3139 dauas
304 3077 418 3138 debeat
445 3077 599 3147 iudicare,
627 3077 684 3138 sed
706 3076 732 3139 si
755 3098 812 3157 per
832 3078 935 3159 ipsum
956 3078 1061 3140 debita
1089 3076 1212 3139 iusticia

184 3189 276 3250 alicui
297 3209 360 3250 non
381 3188 476 3251 suerit
499 3189 654 3262 exhibita,
675 3189 742 3269 ipse
762 3189 884 3250 uillicus
907 3196 940 3249 et
960 3208 1022 3249 nou
1045 3187 1133 3261 uilia,
1155 3187 1211 3249 de·

184 3299 256 3362 beat
277 3301 439 3363 conueniri
462 3321 567 3363 coram
589 3302 693 3374 uobis,
715 3299 767 3363 uel
786 3300 840 3362 illo
860 3301 909 3360 cui
931 3297 1112 3361 duxerimus
1126 3316 1212 3360 com·

184 3410 379 3473 mittendum.

265 3524 345 3597 (10)
379 3524 455 3585 item
483 3524 712 3606 uieepalatinus
739 3524 896 3586 uiolenter
923 3521 1118 3584 descendere
1144 3540 1210 3585 uon

183 3637 282 3717 possit
296 3656 393 3716 super
407 3656 473 3710 eos,
495 3656 553 3698 nec
568 3638 696 3699 eosdem
711 3637 859 3697 iudicare.

265 3751 342 3822 (11)
372 3750 449 3811 Item
473 3749 591 3820 omnia,
614 3766 674 3829 que
689 3756 760 3827 post
776 3765 934 3808 recessum
950 3746 1147 3808 Tartarorum
1163 3746 1210 3810 sis

183 3859 387 3933 contutimus,
409 3860 530 3942 possint
544 3860 611 3921 sine
627 3858 871 3920 contradictione
887 3858 1025 3939 qualibet
1038 3857 1211 3939 possidere.

264 3972 344 4044 (12)
367 3972 443 4033 [tem
466 3970 646 4052 quicunque
662 3989 734 4032 cum
755 3969 800 4031 eis
821 3968 964 4031 hahitare
985 3969 1133 4044 uoluerit,
1154 3969 1212 4032 ha-

181 4080 286 4144 bendo
311 4081 354 4144 ibi
377 4081 605 4162 possessiones,
627 4100 697 4144 cum
722 4080 759 4145 iis
783 4089 927 4146 teneatur
948 4080 1084 4146 seruicia
1106 4079 1211 4145 debita

182 4211 342 4257 exercere.
