<?xml version="1.0" encoding="UTF-8"?>
<!DOCTYPE html PUBLIC "-//W3C//DTD XHTML 1.0 Transitional//EN"
    "http://www.w3.org/TR/xhtml1/DTD/xhtml1-transitional.dtd">
<html xmlns="http://www.w3.org/1999/xhtml" xml:lang="en" lang="en">
 <head>
  <title>
</title>
<meta http-equiv="Content-Type" content="text/html;charset=utf-8" />
  <meta name='ocr-system' content='tesseract 3.04.00' />
  <meta name='ocr-capabilities' content='ocr_page ocr_carea ocr_par ocr_line ocrx_word'/>
</head>
<body>
  <div class='ocr_page' id='page_1' title='image "./rerumhungaricar00endlgoog/rerumhungaricar00endlgoog_0306.png"; bbox 0 0 2798 4764; ppageno 0'>
   <div class='ocr_carea' id='block_1_1' title="bbox 380 322 1208 413">
    <p class='ocr_par' dir='ltr' id='par_1_1' title="bbox 380 322 1208 413">
     <span class='ocr_line' id='line_1_1' title="bbox 380 322 1208 413; baseline 0.017 -24"><span class='ocrx_word' id='word_1_1' title='bbox 380 344 416 390; x_wconf 85' lang='lat' dir='ltr'><strong>ar.</strong></span> <span class='ocrx_word' id='word_1_2' title='bbox 432 343 561 390; x_wconf 82' lang='lat' dir='ltr'><strong>nonanu</strong></span> <span class='ocrx_word' id='word_1_3' title='bbox 581 343 703 390; x_wconf 78' lang='lat' dir='ltr'><strong>maura</strong></span> <span class='ocrx_word' id='word_1_4' title='bbox 722 343 911 393; x_wconf 75' lang='lat' dir='ltr'><strong>msnnanrna</strong></span> <span class='ocrx_word' id='word_1_5' title='bbox 930 322 1007 413; x_wconf 68' lang='lat' dir='ltr'><strong>(idi,</strong></span> <span class='ocrx_word' id='word_1_6' title='bbox 1145 327 1208 402; x_wconf 61' lang='grc' dir='ltr'><strong>ΙΙ</strong></span> 
     </span>
    </p>
   </div>
   <div class='ocr_carea' id='block_1_2' title="bbox 180 496 1214 4149">
    <p class='ocr_par' dir='ltr' id='par_1_2' title="bbox 180 496 1214 4149">
     <span class='ocr_line' id='line_1_2' title="bbox 181 496 1207 581; baseline 0.007 -21"><span class='ocrx_word' id='word_1_7' title='bbox 181 498 317 581; x_wconf 87' lang='lat' dir='ltr'><strong>putatam</strong></span> <span class='ocrx_word' id='word_1_8' title='bbox 337 504 369 561; x_wconf 87' lang='lat' dir='ltr'><strong>ct</strong></span> <span class='ocrx_word' id='word_1_9' title='bbox 392 516 525 560; x_wconf 90' lang='lat' dir='ltr'><strong>uacuam</strong></span> <span class='ocrx_word' id='word_1_10' title='bbox 550 496 691 580; x_wconf 80' lang='lat' dir='ltr'><strong>cepimus</strong></span> <span class='ocrx_word' id='word_1_11' title='bbox 720 517 905 580; x_wconf 88' lang='lat' dir='ltr'><strong>peragrare,</strong></span> <span class='ocrx_word' id='word_1_12' title='bbox 933 514 1028 581; x_wconf 87' lang='lat' dir='ltr'><strong>quam</strong></span> <span class='ocrx_word' id='word_1_13' title='bbox 1048 500 1080 570; x_wconf 91' lang='lat' dir='ltr'><strong>in</strong></span> <span class='ocrx_word' id='word_1_14' title='bbox 1101 501 1207 573; x_wconf 76' lang='lat' dir='ltr'><strong>cunda</strong></span> 
     </span>
     <span class='ocr_line' id='line_1_3' title="bbox 180 609 1210 695; baseline 0.005 -21"><span class='ocrx_word' id='word_1_15' title='bbox 180 610 364 674; x_wconf 89' lang='lat' dir='ltr'><strong>dimiserant</strong></span> <span class='ocrx_word' id='word_1_16' title='bbox 389 609 571 672; x_wconf 79' lang='lat' dir='ltr'><strong>desolatam.</strong></span> <span class='ocrx_word' id='word_1_17' title='bbox 605 610 803 673; x_wconf 76' lang='lat' dir='ltr'><strong>basilicarum</strong></span> <span class='ocrx_word' id='word_1_18' title='bbox 829 610 985 693; x_wconf 90' lang='lat' dir='ltr'><strong>siquidem</strong></span> <span class='ocrx_word' id='word_1_19' title='bbox 1004 610 1210 695; x_wconf 76' lang='lat' dir='ltr'><strong>campanilia,</strong></span> 
     </span>
     <span class='ocr_line' id='line_1_4' title="bbox 182 697 1209 805; baseline 0.001 -18"><span class='ocrx_word' id='word_1_20' title='bbox 182 723 224 786; x_wconf 90' lang='lat' dir='ltr'><strong>de</strong></span> <span class='ocrx_word' id='word_1_21' title='bbox 239 721 309 783; x_wconf 88' lang='lat' dir='ltr'><strong>loco</strong></span> <span class='ocrx_word' id='word_1_22' title='bbox 324 722 364 784; x_wconf 91' lang='lat' dir='ltr'><strong>ad</strong></span> <span class='ocrx_word' id='word_1_23' title='bbox 379 720 483 784; x_wconf 90' lang='lat' dir='ltr'><strong>locum</strong></span> <span class='ocrx_word' id='word_1_24' title='bbox 499 729 589 784; x_wconf 89' lang='lat' dir='ltr'><strong>erant</strong></span> <span class='ocrx_word' id='word_1_25' title='bbox 602 722 693 783; x_wconf 88' lang='lat' dir='ltr'><strong>nobis</strong></span> <span class='ocrx_word' id='word_1_26' title='bbox 708 697 797 805; x_wconf 83' lang='lat' dir='ltr'><strong>sigua</strong></span> <span class='ocrx_word' id='word_1_27' title='bbox 811 723 978 803; x_wconf 80' lang='lat' dir='ltr'><strong>ducencia,</strong></span> <span class='ocrx_word' id='word_1_28' title='bbox 1000 732 1032 785; x_wconf 89' lang='lat' dir='ltr'><strong>et</strong></span> <span class='ocrx_word' id='word_1_29' title='bbox 1046 723 1114 805; x_wconf 87' lang='lat' dir='ltr'><strong>ipsa</strong></span> <span class='ocrx_word' id='word_1_30' title='bbox 1125 725 1209 796; x_wconf 65' lang='lat' dir='ltr'><strong>uim</strong></span> 
     </span>
     <span class='ocr_line' id='line_1_5' title="bbox 181 832 1209 915; baseline 0 -17"><span class='ocrx_word' id='word_1_31' title='bbox 181 835 272 898; x_wconf 88' lang='lat' dir='ltr'><strong>nobis</strong></span> <span class='ocrx_word' id='word_1_32' title='bbox 286 833 357 896; x_wconf 91' lang='lat' dir='ltr'><strong>fatis</strong></span> <span class='ocrx_word' id='word_1_33' title='bbox 370 832 532 896; x_wconf 80' lang='lat' dir='ltr'><strong>horridam</strong></span> <span class='ocrx_word' id='word_1_34' title='bbox 547 834 777 915; x_wconf 76' lang='lat' dir='ltr'><strong>presignabant.</strong></span> <span class='ocrx_word' id='word_1_35' title='bbox 799 853 872 896; x_wconf 91' lang='lat' dir='ltr'><strong>nam</strong></span> <span class='ocrx_word' id='word_1_36' title='bbox 887 843 976 896; x_wconf 85' lang='lat' dir='ltr'><strong>erant</strong></span> <span class='ocrx_word' id='word_1_37' title='bbox 990 835 1041 897; x_wconf 90' lang='lat' dir='ltr'><strong>uie</strong></span> <span class='ocrx_word' id='word_1_38' title='bbox 1057 844 1089 897; x_wconf 88' lang='lat' dir='ltr'><strong>ct</strong></span> <span class='ocrx_word' id='word_1_39' title='bbox 1098 837 1209 906; x_wconf 78' lang='lat' dir='ltr'><strong>semite</strong></span> 
     </span>
     <span class='ocr_line' id='line_1_6' title="bbox 181 943 1210 1028; baseline 0 -20"><span class='ocrx_word' id='word_1_40' title='bbox 181 946 358 1028; x_wconf 81' lang='lat' dir='ltr'><strong>antiquato,</strong></span> <span class='ocrx_word' id='word_1_41' title='bbox 372 953 405 1007; x_wconf 90' lang='lat' dir='ltr'><strong>et</strong></span> <span class='ocrx_word' id='word_1_42' title='bbox 418 946 457 1007; x_wconf 91' lang='lat' dir='ltr'><strong>ab</strong></span> <span class='ocrx_word' id='word_1_43' title='bbox 471 944 577 1007; x_wconf 85' lang='lat' dir='ltr'><strong>berbis</strong></span> <span class='ocrx_word' id='word_1_44' title='bbox 593 952 624 1007; x_wconf 91' lang='lat' dir='ltr'><strong>et</strong></span> <span class='ocrx_word' id='word_1_45' title='bbox 640 945 788 1025; x_wconf 90' lang='lat' dir='ltr'><strong>uepribus</strong></span> <span class='ocrx_word' id='word_1_46' title='bbox 803 943 938 1007; x_wconf 90' lang='lat' dir='ltr'><strong>totaliter</strong></span> <span class='ocrx_word' id='word_1_47' title='bbox 952 953 1115 1026; x_wconf 91' lang='lat' dir='ltr'><strong>occupate.</strong></span> <span class='ocrx_word' id='word_1_48' title='bbox 1137 965 1210 1026; x_wconf 77' lang='lat' dir='ltr'><strong>por·</strong></span> 
     </span>
     <span class='ocr_line' id='line_1_7' title="bbox 181 1054 1211 1139; baseline -0.001 -18"><span class='ocrx_word' id='word_1_49' title='bbox 181 1077 268 1131; x_wconf 86' lang='lat' dir='ltr'><strong>rum,</strong></span> <span class='ocrx_word' id='word_1_50' title='bbox 288 1076 381 1139; x_wconf 87' lang='lat' dir='ltr'><strong>cepe,</strong></span> <span class='ocrx_word' id='word_1_51' title='bbox 400 1065 430 1118; x_wconf 93' lang='lat' dir='ltr'><strong>et</strong></span> <span class='ocrx_word' id='word_1_52' title='bbox 444 1054 531 1131; x_wconf 87' lang='lat' dir='ltr'><strong>alfia,</strong></span> <span class='ocrx_word' id='word_1_53' title='bbox 545 1076 606 1138; x_wconf 89' lang='lat' dir='ltr'><strong>quc</strong></span> <span class='ocrx_word' id='word_1_54' title='bbox 621 1056 653 1118; x_wconf 93' lang='lat' dir='ltr'><strong>in</strong></span> <span class='ocrx_word' id='word_1_55' title='bbox 666 1057 856 1119; x_wconf 90' lang='lat' dir='ltr'><strong>rusticorum</strong></span> <span class='ocrx_word' id='word_1_56' title='bbox 871 1065 1086 1120; x_wconf 82' lang='lat' dir='ltr'><strong>remanserant</strong></span> <span class='ocrx_word' id='word_1_57' title='bbox 1099 1056 1211 1133; x_wconf 83' lang='lat' dir='ltr'><strong>bortis,</strong></span> 
     </span>
     <span class='ocr_line' id='line_1_8' title="bbox 183 1168 1210 1252; baseline 0.004 -21"><span class='ocrx_word' id='word_1_58' title='bbox 183 1170 308 1252; x_wconf 87' lang='lat' dir='ltr'><strong>quando</strong></span> <span class='ocrx_word' id='word_1_59' title='bbox 329 1168 463 1250; x_wconf 88' lang='lat' dir='ltr'><strong>reperiri</strong></span> <span class='ocrx_word' id='word_1_60' title='bbox 482 1176 645 1250; x_wconf 80' lang='lat' dir='ltr'><strong>poterant,</strong></span> <span class='ocrx_word' id='word_1_61' title='bbox 666 1168 733 1231; x_wconf 91' lang='lat' dir='ltr'><strong>nihi</strong></span> <span class='ocrx_word' id='word_1_62' title='bbox 753 1188 811 1250; x_wconf 92' lang='lat' dir='ltr'><strong>pro</strong></span> <span class='ocrx_word' id='word_1_63' title='bbox 832 1168 975 1232; x_wconf 83' lang='lat' dir='ltr'><strong>maximis</strong></span> <span class='ocrx_word' id='word_1_64' title='bbox 990 1168 1109 1232; x_wconf 91' lang='lat' dir='ltr'><strong>deliciis</strong></span> <span class='ocrx_word' id='word_1_65' title='bbox 1126 1168 1210 1235; x_wconf 68' lang='lat' dir='ltr'><strong>fere»</strong></span> 
     </span>
     <span class='ocr_line' id='line_1_9' title="bbox 182 1280 1209 1354; baseline 0.006 -12"><span class='ocrx_word' id='word_1_66' title='bbox 182 1281 305 1354; x_wconf 90' lang='lat' dir='ltr'><strong>bantur,</strong></span> <span class='ocrx_word' id='word_1_67' title='bbox 326 1280 423 1343; x_wconf 91' lang='lat' dir='ltr'><strong>ceteri</strong></span> <span class='ocrx_word' id='word_1_68' title='bbox 437 1280 549 1353; x_wconf 87' lang='lat' dir='ltr'><strong>malua,</strong></span> <span class='ocrx_word' id='word_1_69' title='bbox 571 1281 715 1354; x_wconf 91' lang='lat' dir='ltr'><strong>cicardis,</strong></span> <span class='ocrx_word' id='word_1_70' title='bbox 736 1288 768 1343; x_wconf 89' lang='lat' dir='ltr'><strong>et</strong></span> <span class='ocrx_word' id='word_1_71' title='bbox 781 1281 953 1343; x_wconf 86' lang='lat' dir='ltr'><strong>cicutarum</strong></span> <span class='ocrx_word' id='word_1_72' title='bbox 968 1281 1127 1346; x_wconf 82' lang='lat' dir='ltr'><strong>radicibus</strong></span> <span class='ocrx_word' id='word_1_73' title='bbox 1140 1289 1209 1347; x_wconf 67' lang='lat' dir='ltr'><strong>ntes</strong></span> 
     </span>
     <span class='ocr_line' id='line_1_10' title="bbox 180 1391 1210 1476; baseline 0.001 -22"><span class='ocrx_word' id='word_1_74' title='bbox 180 1393 306 1455; x_wconf 91' lang='lat' dir='ltr'><strong>bantur.</strong></span> <span class='ocrx_word' id='word_1_75' title='bbox 335 1391 385 1456; x_wconf 89' lang='lat' dir='ltr'><strong>bis</strong></span> <span class='ocrx_word' id='word_1_76' title='bbox 400 1398 527 1454; x_wconf 91' lang='lat' dir='ltr'><strong>uentres</strong></span> <span class='ocrx_word' id='word_1_77' title='bbox 542 1391 678 1455; x_wconf 77' lang='lat' dir='ltr'><strong>famelici</strong></span> <span class='ocrx_word' id='word_1_78' title='bbox 692 1391 904 1472; x_wconf 90' lang='lat' dir='ltr'><strong>replebantur,</strong></span> <span class='ocrx_word' id='word_1_79' title='bbox 926 1400 958 1455; x_wconf 89' lang='lat' dir='ltr'><strong>et</strong></span> <span class='ocrx_word' id='word_1_80' title='bbox 971 1392 1099 1475; x_wconf 88' lang='lat' dir='ltr'><strong>spiritus</strong></span> <span class='ocrx_word' id='word_1_81' title='bbox 1112 1411 1210 1476; x_wconf 71' lang='lat' dir='ltr'><strong>uago·</strong></span> 
     </span>
     <span class='ocr_line' id='line_1_11' title="bbox 183 1501 1209 1589; baseline 0.002 -24"><span class='ocrx_word' id='word_1_82' title='bbox 183 1503 302 1577; x_wconf 90' lang='lat' dir='ltr'><strong>tabilis,</strong></span> <span class='ocrx_word' id='word_1_83' title='bbox 322 1502 354 1565; x_wconf 89' lang='lat' dir='ltr'><strong>ia</strong></span> <span class='ocrx_word' id='word_1_84' title='bbox 374 1502 526 1585; x_wconf 78' lang='lat' dir='ltr'><strong>exsangui</strong></span> <span class='ocrx_word' id='word_1_85' title='bbox 547 1522 681 1586; x_wconf 91' lang='lat' dir='ltr'><strong>corpore</strong></span> <span class='ocrx_word' id='word_1_86' title='bbox 702 1501 944 1566; x_wconf 77' lang='lat' dir='ltr'><strong>refocillabatur.</strong></span> <span class='ocrx_word' id='word_1_87' title='bbox 973 1503 1063 1566; x_wconf 90' lang='lat' dir='ltr'><strong>lassis</strong></span> <span class='ocrx_word' id='word_1_88' title='bbox 1083 1503 1209 1589; x_wconf 69' lang='lat' dir='ltr'><strong>requiqs</strong></span> 
     </span>
     <span class='ocr_line' id='line_1_12' title="bbox 185 1615 1209 1698; baseline 0.001 -21"><span class='ocrx_word' id='word_1_89' title='bbox 185 1634 248 1677; x_wconf 89' lang='lat' dir='ltr'><strong>non</strong></span> <span class='ocrx_word' id='word_1_90' title='bbox 263 1616 405 1690; x_wconf 86' lang='lat' dir='ltr'><strong>dabatur,</strong></span> <span class='ocrx_word' id='word_1_91' title='bbox 426 1623 534 1697; x_wconf 90' lang='lat' dir='ltr'><strong>utopte</strong></span> <span class='ocrx_word' id='word_1_92' title='bbox 556 1616 610 1698; x_wconf 92' lang='lat' dir='ltr'><strong>qui</strong></span> <span class='ocrx_word' id='word_1_93' title='bbox 635 1615 753 1697; x_wconf 87' lang='lat' dir='ltr'><strong>absque</strong></span> <span class='ocrx_word' id='word_1_94' title='bbox 775 1623 857 1678; x_wconf 88' lang='lat' dir='ltr'><strong>tecto</strong></span> <span class='ocrx_word' id='word_1_95' title='bbox 880 1615 1123 1696; x_wconf 84' lang='lat' dir='ltr'><strong>operimentum,</strong></span> <span class='ocrx_word' id='word_1_96' title='bbox 1144 1635 1209 1698; x_wconf 84' lang='lat' dir='ltr'><strong>que</strong></span> 
     </span>
     <span class='ocr_line' id='line_1_13' title="bbox 184 1726 1209 1809; baseline 0.003 -21"><span class='ocrx_word' id='word_1_97' title='bbox 184 1735 290 1789; x_wconf 91' lang='lat' dir='ltr'><strong>nostra</strong></span> <span class='ocrx_word' id='word_1_98' title='bbox 305 1736 482 1809; x_wconf 88' lang='lat' dir='ltr'><strong>tegeremus</strong></span> <span class='ocrx_word' id='word_1_99' title='bbox 498 1727 602 1808; x_wconf 92' lang='lat' dir='ltr'><strong>capita</strong></span> <span class='ocrx_word' id='word_1_100' title='bbox 617 1747 680 1788; x_wconf 91' lang='lat' dir='ltr'><strong>non</strong></span> <span class='ocrx_word' id='word_1_101' title='bbox 695 1726 864 1801; x_wconf 88' lang='lat' dir='ltr'><strong>babentes,</strong></span> <span class='ocrx_word' id='word_1_102' title='bbox 893 1736 1047 1790; x_wconf 89' lang='lat' dir='ltr'><strong>nocturno</strong></span> <span class='ocrx_word' id='word_1_103' title='bbox 1066 1735 1209 1808; x_wconf 86' lang='lat' dir='ltr'><strong>tempore</strong></span> 
     </span>
     <span class='ocr_line' id='line_1_14' title="bbox 186 1836 1209 1920; baseline 0.006 -23"><span class='ocrx_word' id='word_1_104' title='bbox 186 1837 435 1920; x_wconf 89' lang='lat' dir='ltr'><strong>quiescebamus.</strong></span> <span class='ocrx_word' id='word_1_105' title='bbox 458 1839 583 1900; x_wconf 88' lang='lat' dir='ltr'><strong>tandem</strong></span> <span class='ocrx_word' id='word_1_106' title='bbox 598 1838 652 1900; x_wconf 85' lang='lat' dir='ltr'><strong>uix</strong></span> <span class='ocrx_word' id='word_1_107' title='bbox 667 1846 778 1902; x_wconf 90' lang='lat' dir='ltr'><strong>octauo</strong></span> <span class='ocrx_word' id='word_1_108' title='bbox 794 1838 855 1912; x_wconf 89' lang='lat' dir='ltr'><strong>die,</strong></span> <span class='ocrx_word' id='word_1_109' title='bbox 876 1857 895 1900; x_wconf 89' lang='lat' dir='ltr'><strong>a</strong></span> <span class='ocrx_word' id='word_1_110' title='bbox 909 1836 1004 1911; x_wconf 91' lang='lat' dir='ltr'><strong>silue,</strong></span> <span class='ocrx_word' id='word_1_111' title='bbox 1025 1858 1155 1904; x_wconf 88' lang='lat' dir='ltr'><strong>recessu</strong></span> <span class='ocrx_word' id='word_1_112' title='bbox 1168 1839 1209 1903; x_wconf 87' lang='lat' dir='ltr'><strong>ad</strong></span> 
     </span>
     <span class='ocr_line' id='line_1_15' title="bbox 185 1948 1210 2034; baseline 0.005 -25"><span class='ocrx_word' id='word_1_113' title='bbox 185 1948 295 2010; x_wconf 77' lang='lat' dir='ltr'><strong>Albam</strong></span> <span class='ocrx_word' id='word_1_114' title='bbox 309 1950 453 2012; x_wconf 91' lang='lat' dir='ltr'><strong>uenimus</strong></span> <span class='ocrx_word' id='word_1_115' title='bbox 468 1950 637 2024; x_wconf 89' lang='lat' dir='ltr'><strong>ciuitatem,</strong></span> <span class='ocrx_word' id='word_1_116' title='bbox 651 1951 683 2012; x_wconf 91' lang='lat' dir='ltr'><strong>in</strong></span> <span class='ocrx_word' id='word_1_117' title='bbox 698 1969 761 2031; x_wconf 92' lang='lat' dir='ltr'><strong>qua</strong></span> <span class='ocrx_word' id='word_1_118' title='bbox 774 1950 851 2011; x_wconf 89' lang='lat' dir='ltr'><strong>nibil</strong></span> <span class='ocrx_word' id='word_1_119' title='bbox 866 1951 967 2032; x_wconf 90' lang='lat' dir='ltr'><strong>potuit</strong></span> <span class='ocrx_word' id='word_1_120' title='bbox 981 1952 1123 2032; x_wconf 90' lang='lat' dir='ltr'><strong>reperiri,</strong></span> <span class='ocrx_word' id='word_1_121' title='bbox 1137 1971 1210 2034; x_wconf 88' lang='lat' dir='ltr'><strong>pre·</strong></span> 
     </span>
     <span class='ocr_line' id='line_1_16' title="bbox 185 2060 1211 2142; baseline 0.002 -20"><span class='ocrx_word' id='word_1_122' title='bbox 185 2068 328 2142; x_wconf 90' lang='lat' dir='ltr'><strong>terquam</strong></span> <span class='ocrx_word' id='word_1_123' title='bbox 347 2081 419 2122; x_wconf 92' lang='lat' dir='ltr'><strong>ossa</strong></span> <span class='ocrx_word' id='word_1_124' title='bbox 441 2069 473 2124; x_wconf 91' lang='lat' dir='ltr'><strong>et</strong></span> <span class='ocrx_word' id='word_1_125' title='bbox 486 2062 587 2141; x_wconf 89' lang='lat' dir='ltr'><strong>capita</strong></span> <span class='ocrx_word' id='word_1_126' title='bbox 601 2061 787 2124; x_wconf 91' lang='lat' dir='ltr'><strong>occisorum.</strong></span> <span class='ocrx_word' id='word_1_127' title='bbox 816 2060 1015 2124; x_wconf 91' lang='lat' dir='ltr'><strong>basilicarum</strong></span> <span class='ocrx_word' id='word_1_128' title='bbox 1030 2069 1061 2123; x_wconf 88' lang='lat' dir='ltr'><strong>et</strong></span> <span class='ocrx_word' id='word_1_129' title='bbox 1076 2061 1211 2141; x_wconf 90' lang='lat' dir='ltr'><strong>palacio·</strong></span> 
     </span>
     <span class='ocr_line' id='line_1_17' title="bbox 184 2170 1210 2252; baseline 0.004 -20"><span class='ocrx_word' id='word_1_130' title='bbox 184 2190 254 2232; x_wconf 92' lang='lat' dir='ltr'><strong>rum</strong></span> <span class='ocrx_word' id='word_1_131' title='bbox 278 2191 384 2233; x_wconf 92' lang='lat' dir='ltr'><strong>muros</strong></span> <span class='ocrx_word' id='word_1_132' title='bbox 407 2173 547 2252; x_wconf 91' lang='lat' dir='ltr'><strong>diruptos</strong></span> <span class='ocrx_word' id='word_1_133' title='bbox 573 2181 605 2234; x_wconf 88' lang='lat' dir='ltr'><strong>et</strong></span> <span class='ocrx_word' id='word_1_134' title='bbox 626 2170 805 2245; x_wconf 90' lang='lat' dir='ltr'><strong>subfossos,</strong></span> <span class='ocrx_word' id='word_1_135' title='bbox 832 2191 911 2252; x_wconf 91' lang='lat' dir='ltr'><strong>quos</strong></span> <span class='ocrx_word' id='word_1_136' title='bbox 933 2171 1029 2234; x_wconf 90' lang='lat' dir='ltr'><strong>nimia</strong></span> <span class='ocrx_word' id='word_1_137' title='bbox 1043 2171 1210 2236; x_wconf 89' lang='lat' dir='ltr'><strong>Christiani</strong></span> 
     </span>
     <span class='ocr_line' id='line_1_18' title="bbox 183 2256 1212 2364; baseline 0.002 -22"><span class='ocrx_word' id='word_1_138' title='bbox 183 2281 302 2343; x_wconf 90' lang='lat' dir='ltr'><strong>cruoris</strong></span> <span class='ocrx_word' id='word_1_139' title='bbox 318 2281 429 2343; x_wconf 84' lang='lat' dir='ltr'><strong>effusio</strong></span> <span class='ocrx_word' id='word_1_140' title='bbox 444 2281 623 2345; x_wconf 75' lang='lat' dir='ltr'><strong>macularat</strong></span> <span class='ocrx_word' id='word_1_141' title='bbox 653 2291 684 2344; x_wconf 89' lang='lat' dir='ltr'><strong>et</strong></span> <span class='ocrx_word' id='word_1_142' title='bbox 697 2281 771 2344; x_wconf 90' lang='lat' dir='ltr'><strong>licet</strong></span> <span class='ocrx_word' id='word_1_143' title='bbox 784 2291 885 2355; x_wconf 91' lang='lat' dir='ltr'><strong>terra,</strong></span> <span class='ocrx_word' id='word_1_144' title='bbox 906 2282 1067 2344; x_wconf 82' lang='lat' dir='ltr'><strong>innoxium</strong></span> <span class='ocrx_word' id='word_1_145' title='bbox 1081 2256 1212 2364; x_wconf 84' lang='lat' dir='ltr'><strong>sangui·</strong></span> 
     </span>
     <span class='ocr_line' id='line_1_19' title="bbox 183 2392 1212 2474; baseline 0.004 -20"><span class='ocrx_word' id='word_1_146' title='bbox 183 2412 269 2465; x_wconf 89' lang='lat' dir='ltr'><strong>nem,</strong></span> <span class='ocrx_word' id='word_1_147' title='bbox 284 2413 378 2474; x_wconf 90' lang='lat' dir='ltr'><strong>quem</strong></span> <span class='ocrx_word' id='word_1_148' title='bbox 393 2393 546 2456; x_wconf 89' lang='lat' dir='ltr'><strong>inebriata</strong></span> <span class='ocrx_word' id='word_1_149' title='bbox 560 2403 688 2457; x_wconf 85' lang='lat' dir='ltr'><strong>suxerat</strong></span> <span class='ocrx_word' id='word_1_150' title='bbox 701 2412 766 2454; x_wconf 90' lang='lat' dir='ltr'><strong>non</strong></span> <span class='ocrx_word' id='word_1_151' title='bbox 780 2400 982 2466; x_wconf 85' lang='lat' dir='ltr'><strong>monstraret,</strong></span> <span class='ocrx_word' id='word_1_152' title='bbox 1003 2392 1212 2458; x_wconf 85' lang='lat' dir='ltr'><strong>ostendebant</strong></span> 
     </span>
     <span class='ocr_line' id='line_1_20' title="bbox 183 2505 1209 2590; baseline -0.003 -19"><span class='ocrx_word' id='word_1_153' title='bbox 183 2529 217 2571; x_wconf 91' lang='lat' dir='ltr'><strong>se</strong></span> <span class='ocrx_word' id='word_1_154' title='bbox 232 2507 353 2590; x_wconf 88' lang='lat' dir='ltr'><strong>lapides</strong></span> <span class='ocrx_word' id='word_1_155' title='bbox 368 2506 471 2569; x_wconf 90' lang='lat' dir='ltr'><strong>adhuc</strong></span> <span class='ocrx_word' id='word_1_156' title='bbox 487 2525 598 2568; x_wconf 88' lang='lat' dir='ltr'><strong>cruore</strong></span> <span class='ocrx_word' id='word_1_157' title='bbox 613 2524 706 2568; x_wconf 91' lang='lat' dir='ltr'><strong>roseo</strong></span> <span class='ocrx_word' id='word_1_158' title='bbox 721 2505 901 2587; x_wconf 91' lang='lat' dir='ltr'><strong>purpurati,</strong></span> <span class='ocrx_word' id='word_1_159' title='bbox 921 2524 978 2585; x_wconf 92' lang='lat' dir='ltr'><strong>per</strong></span> <span class='ocrx_word' id='word_1_160' title='bbox 992 2523 1071 2586; x_wconf 90' lang='lat' dir='ltr'><strong>quos</strong></span> <span class='ocrx_word' id='word_1_161' title='bbox 1090 2505 1209 2586; x_wconf 85' lang='lat' dir='ltr'><strong>absque</strong></span> 
     </span>
     <span class='ocr_line' id='line_1_21' title="bbox 184 2616 1212 2701; baseline -0.001 -19"><span class='ocrx_word' id='word_1_162' title='bbox 184 2620 365 2682; x_wconf 90' lang='lat' dir='ltr'><strong>continuato</strong></span> <span class='ocrx_word' id='word_1_163' title='bbox 386 2618 502 2701; x_wconf 88' lang='lat' dir='ltr'><strong>gemitu</strong></span> <span class='ocrx_word' id='word_1_164' title='bbox 526 2618 639 2680; x_wconf 89' lang='lat' dir='ltr'><strong>amaris</strong></span> <span class='ocrx_word' id='word_1_165' title='bbox 659 2616 817 2698; x_wconf 89' lang='lat' dir='ltr'><strong>suspiriis,</strong></span> <span class='ocrx_word' id='word_1_166' title='bbox 839 2616 969 2678; x_wconf 89' lang='lat' dir='ltr'><strong>festinus</strong></span> <span class='ocrx_word' id='word_1_167' title='bbox 984 2616 1131 2679; x_wconf 81' lang='lat' dir='ltr'><strong>transitus</strong></span> <span class='ocrx_word' id='word_1_168' title='bbox 1145 2634 1212 2680; x_wconf 80' lang='lat' dir='ltr'><strong>non</strong></span> 
     </span>
     <span class='ocr_line' id='line_1_22' title="bbox 183 2727 1210 2811; baseline -0.004 -17"><span class='ocrx_word' id='word_1_169' title='bbox 183 2731 286 2794; x_wconf 82' lang='lat' dir='ltr'><strong>fiebat</strong></span> <span class='ocrx_word' id='word_1_170' title='bbox 308 2739 338 2794; x_wconf 90' lang='lat' dir='ltr'><strong>et</strong></span> <span class='ocrx_word' id='word_1_171' title='bbox 350 2740 417 2794; x_wconf 89' lang='lat' dir='ltr'><strong>erat</strong></span> <span class='ocrx_word' id='word_1_172' title='bbox 431 2730 474 2792; x_wconf 92' lang='lat' dir='ltr'><strong>ibi</strong></span> <span class='ocrx_word' id='word_1_173' title='bbox 488 2730 528 2791; x_wconf 94' lang='lat' dir='ltr'><strong>ad</strong></span> <span class='ocrx_word' id='word_1_174' title='bbox 541 2731 650 2792; x_wconf 88' lang='lat' dir='ltr'><strong>decem</strong></span> <span class='ocrx_word' id='word_1_175' title='bbox 666 2729 808 2792; x_wconf 91' lang='lat' dir='ltr'><strong>milliaria</strong></span> <span class='ocrx_word' id='word_1_176' title='bbox 823 2729 908 2792; x_wconf 85' lang='lat' dir='ltr'><strong>iuxta</strong></span> <span class='ocrx_word' id='word_1_177' title='bbox 922 2727 1033 2790; x_wconf 92' lang='lat' dir='ltr'><strong>siluam</strong></span> <span class='ocrx_word' id='word_1_178' title='bbox 1050 2728 1133 2802; x_wconf 91' lang='lat' dir='ltr'><strong>uilla,</strong></span> <span class='ocrx_word' id='word_1_179' title='bbox 1148 2747 1210 2811; x_wconf 90' lang='lat' dir='ltr'><strong>que</strong></span> 
     </span>
     <span class='ocr_line' id='line_1_23' title="bbox 184 2837 1212 2922; baseline 0 -21"><span class='ocrx_word' id='word_1_180' title='bbox 184 2841 277 2902; x_wconf 87' lang='lat' dir='ltr'><strong>Frata</strong></span> <span class='ocrx_word' id='word_1_181' title='bbox 299 2840 411 2903; x_wconf 91' lang='lat' dir='ltr'><strong>dicitur</strong></span> <span class='ocrx_word' id='word_1_182' title='bbox 425 2842 457 2901; x_wconf 90' lang='lat' dir='ltr'><strong>in</strong></span> <span class='ocrx_word' id='word_1_183' title='bbox 479 2838 618 2922; x_wconf 90' lang='lat' dir='ltr'><strong>uufgari;</strong></span> <span class='ocrx_word' id='word_1_184' title='bbox 641 2849 672 2902; x_wconf 92' lang='lat' dir='ltr'><strong>ct</strong></span> <span class='ocrx_word' id='word_1_185' title='bbox 692 2839 776 2901; x_wconf 92' lang='lat' dir='ltr'><strong>infra</strong></span> <span class='ocrx_word' id='word_1_186' title='bbox 790 2838 916 2912; x_wconf 91' lang='lat' dir='ltr'><strong>siluam,</strong></span> <span class='ocrx_word' id='word_1_187' title='bbox 938 2840 977 2902; x_wconf 93' lang='lat' dir='ltr'><strong>ad</strong></span> <span class='ocrx_word' id='word_1_188' title='bbox 993 2846 1127 2922; x_wconf 89' lang='lat' dir='ltr'><strong>quatuor</strong></span> <span class='ocrx_word' id='word_1_189' title='bbox 1142 2837 1212 2901; x_wconf 91' lang='lat' dir='ltr'><strong>mil-</strong></span> 
     </span>
     <span class='ocr_line' id='line_1_24' title="bbox 184 2949 1212 3032; baseline 0 -19"><span class='ocrx_word' id='word_1_190' title='bbox 184 2953 282 3026; x_wconf 87' lang='lat' dir='ltr'><strong>liaria,</strong></span> <span class='ocrx_word' id='word_1_191' title='bbox 302 2973 392 3015; x_wconf 92' lang='lat' dir='ltr'><strong>mons</strong></span> <span class='ocrx_word' id='word_1_192' title='bbox 407 2951 556 3014; x_wconf 91' lang='lat' dir='ltr'><strong>mirabilis</strong></span> <span class='ocrx_word' id='word_1_193' title='bbox 572 2960 602 3014; x_wconf 91' lang='lat' dir='ltr'><strong>et</strong></span> <span class='ocrx_word' id='word_1_194' title='bbox 615 2951 767 3025; x_wconf 84' lang='lat' dir='ltr'><strong>excelsus,</strong></span> <span class='ocrx_word' id='word_1_195' title='bbox 787 2950 819 3012; x_wconf 93' lang='lat' dir='ltr'><strong>iu</strong></span> <span class='ocrx_word' id='word_1_196' title='bbox 835 2951 924 3013; x_wconf 92' lang='lat' dir='ltr'><strong>cuins</strong></span> <span class='ocrx_word' id='word_1_197' title='bbox 939 2950 1116 3013; x_wconf 83' lang='lat' dir='ltr'><strong>summitate</strong></span> <span class='ocrx_word' id='word_1_198' title='bbox 1130 2949 1212 3032; x_wconf 80' lang='lat' dir='ltr'><strong>lapis</strong></span> 
     </span>
     <span class='ocr_line' id='line_1_25' title="bbox 186 3062 1212 3147; baseline -0.002 -21"><span class='ocrx_word' id='word_1_199' title='bbox 186 3075 215 3127; x_wconf 88' lang='lat' dir='ltr'><strong>et</strong></span> <span class='ocrx_word' id='word_1_200' title='bbox 229 3072 316 3147; x_wconf 90' lang='lat' dir='ltr'><strong>petra</strong></span> <span class='ocrx_word' id='word_1_201' title='bbox 331 3064 521 3126; x_wconf 89' lang='lat' dir='ltr'><strong>fundabatur</strong></span> <span class='ocrx_word' id='word_1_202' title='bbox 535 3063 691 3125; x_wconf 90' lang='lat' dir='ltr'><strong>terribilis.</strong></span> <span class='ocrx_word' id='word_1_203' title='bbox 721 3082 833 3145; x_wconf 89' lang='lat' dir='ltr'><strong>magna</strong></span> <span class='ocrx_word' id='word_1_204' title='bbox 848 3082 887 3125; x_wconf 89' lang='lat' dir='ltr'><strong>eo</strong></span> <span class='ocrx_word' id='word_1_205' title='bbox 908 3062 1071 3124; x_wconf 93' lang='lat' dir='ltr'><strong>bominum</strong></span> <span class='ocrx_word' id='word_1_206' title='bbox 1091 3069 1123 3125; x_wconf 89' lang='lat' dir='ltr'><strong>et</strong></span> <span class='ocrx_word' id='word_1_207' title='bbox 1142 3081 1212 3124; x_wconf 90' lang='lat' dir='ltr'><strong>mu·</strong></span> 
     </span>
     <span class='ocr_line' id='line_1_26' title="bbox 185 3172 1211 3258; baseline 0 -23"><span class='ocrx_word' id='word_1_208' title='bbox 185 3174 296 3238; x_wconf 90' lang='lat' dir='ltr'><strong>licrum</strong></span> <span class='ocrx_word' id='word_1_209' title='bbox 316 3174 500 3258; x_wconf 79' lang='lat' dir='ltr'><strong>confugerat</strong></span> <span class='ocrx_word' id='word_1_210' title='bbox 520 3174 703 3249; x_wconf 91' lang='lat' dir='ltr'><strong>multitudo,</strong></span> <span class='ocrx_word' id='word_1_211' title='bbox 725 3175 778 3257; x_wconf 90' lang='lat' dir='ltr'><strong>qui</strong></span> <span class='ocrx_word' id='word_1_212' title='bbox 798 3193 855 3236; x_wconf 91' lang='lat' dir='ltr'><strong>nos</strong></span> <span class='ocrx_word' id='word_1_213' title='bbox 876 3181 1035 3256; x_wconf 76' lang='lat' dir='ltr'><strong>gratanter</strong></span> <span class='ocrx_word' id='word_1_214' title='bbox 1049 3191 1120 3235; x_wconf 92' lang='lat' dir='ltr'><strong>cum</strong></span> <span class='ocrx_word' id='word_1_215' title='bbox 1134 3172 1211 3235; x_wconf 79' lang='lat' dir='ltr'><strong>astu</strong></span> 
     </span>
     <span class='ocr_line' id='line_1_27' title="bbox 186 3282 1210 3368; baseline -0.003 -22"><span class='ocrx_word' id='word_1_216' title='bbox 186 3293 382 3366; x_wconf 88' lang='lat' dir='ltr'><strong>receperunt,</strong></span> <span class='ocrx_word' id='word_1_217' title='bbox 400 3286 699 3368; x_wconf 90' lang='lat' dir='ltr'><strong>interrogabantque</strong></span> <span class='ocrx_word' id='word_1_218' title='bbox 713 3306 771 3348; x_wconf 91' lang='lat' dir='ltr'><strong>nos</strong></span> <span class='ocrx_word' id='word_1_219' title='bbox 787 3286 826 3348; x_wconf 93' lang='lat' dir='ltr'><strong>de</strong></span> <span class='ocrx_word' id='word_1_220' title='bbox 840 3283 954 3347; x_wconf 90' lang='lat' dir='ltr'><strong>uostris</strong></span> <span class='ocrx_word' id='word_1_221' title='bbox 968 3282 1126 3365; x_wconf 90' lang='lat' dir='ltr'><strong>periculis,</strong></span> <span class='ocrx_word' id='word_1_222' title='bbox 1148 3299 1210 3363; x_wconf 90' lang='lat' dir='ltr'><strong>qne</strong></span> 
     </span>
     <span class='ocr_line' id='line_1_28' title="bbox 189 3391 1211 3480; baseline -0.001 -24"><span class='ocrx_word' id='word_1_223' title='bbox 189 3415 246 3456; x_wconf 90' lang='lat' dir='ltr'><strong>nos</strong></span> <span class='ocrx_word' id='word_1_224' title='bbox 260 3398 363 3458; x_wconf 87' lang='lat' dir='ltr'><strong>omnia</strong></span> <span class='ocrx_word' id='word_1_225' title='bbox 376 3396 437 3461; x_wconf 90' lang='lat' dir='ltr'><strong>illis</strong></span> <span class='ocrx_word' id='word_1_226' title='bbox 452 3397 558 3480; x_wconf 90' lang='lat' dir='ltr'><strong>paucis</strong></span> <span class='ocrx_word' id='word_1_227' title='bbox 573 3397 679 3460; x_wconf 88' lang='lat' dir='ltr'><strong>uerbis</strong></span> <span class='ocrx_word' id='word_1_228' title='bbox 694 3396 853 3459; x_wconf 89' lang='lat' dir='ltr'><strong>declarare</strong></span> <span class='ocrx_word' id='word_1_229' title='bbox 868 3394 1086 3477; x_wconf 89' lang='lat' dir='ltr'><strong>nequibamus.</strong></span> <span class='ocrx_word' id='word_1_230' title='bbox 1119 3391 1211 3455; x_wconf 88' lang='lat' dir='ltr'><strong>obtu-</strong></span> 
     </span>
     <span class='ocr_line' id='line_1_29' title="bbox 188 3501 1211 3589; baseline 0 -22"><span class='ocrx_word' id='word_1_231' title='bbox 188 3508 292 3569; x_wconf 90' lang='lat' dir='ltr'><strong>lerunt</strong></span> <span class='ocrx_word' id='word_1_232' title='bbox 312 3509 437 3570; x_wconf 88' lang='lat' dir='ltr'><strong>tandem</strong></span> <span class='ocrx_word' id='word_1_233' title='bbox 459 3510 549 3570; x_wconf 91' lang='lat' dir='ltr'><strong>nobis</strong></span> <span class='ocrx_word' id='word_1_234' title='bbox 566 3508 688 3589; x_wconf 91' lang='lat' dir='ltr'><strong>nigrum</strong></span> <span class='ocrx_word' id='word_1_235' title='bbox 703 3526 832 3588; x_wconf 87' lang='lat' dir='ltr'><strong>panem,</strong></span> <span class='ocrx_word' id='word_1_236' title='bbox 853 3506 892 3567; x_wconf 91' lang='lat' dir='ltr'><strong>de</strong></span> <span class='ocrx_word' id='word_1_237' title='bbox 908 3504 1008 3565; x_wconf 89' lang='lat' dir='ltr'><strong>farina</strong></span> <span class='ocrx_word' id='word_1_238' title='bbox 1022 3511 1052 3566; x_wconf 91' lang='lat' dir='ltr'><strong>et</strong></span> <span class='ocrx_word' id='word_1_239' title='bbox 1068 3501 1211 3567; x_wconf 82' lang='lat' dir='ltr'><strong>contritis</strong></span> 
     </span>
     <span class='ocr_line' id='line_1_30' title="bbox 187 3612 1211 3700; baseline -0.001 -20"><span class='ocrx_word' id='word_1_240' title='bbox 187 3617 352 3681; x_wconf 89' lang='lat' dir='ltr'><strong>corticibus</strong></span> <span class='ocrx_word' id='word_1_241' title='bbox 367 3638 539 3700; x_wconf 89' lang='lat' dir='ltr'><strong>quercuum</strong></span> <span class='ocrx_word' id='word_1_242' title='bbox 554 3619 679 3700; x_wconf 89' lang='lat' dir='ltr'><strong>pistum.</strong></span> <span class='ocrx_word' id='word_1_243' title='bbox 704 3617 761 3679; x_wconf 91' lang='lat' dir='ltr'><strong>sed</strong></span> <span class='ocrx_word' id='word_1_244' title='bbox 775 3615 864 3678; x_wconf 89' lang='lat' dir='ltr'><strong>nobis</strong></span> <span class='ocrx_word' id='word_1_245' title='bbox 880 3615 989 3676; x_wconf 91' lang='lat' dir='ltr'><strong>dulcor</strong></span> <span class='ocrx_word' id='word_1_246' title='bbox 1000 3612 1094 3686; x_wconf 88' lang='lat' dir='ltr'><strong>illius,</strong></span> <span class='ocrx_word' id='word_1_247' title='bbox 1114 3632 1211 3696; x_wconf 72' lang='lat' dir='ltr'><strong>supra</strong></span> 
     </span>
     <span class='ocr_line' id='line_1_31' title="bbox 186 3723 1212 3812; baseline -0.002 -21"><span class='ocrx_word' id='word_1_248' title='bbox 186 3729 317 3803; x_wconf 89' lang='lat' dir='ltr'><strong>similas,</strong></span> <span class='ocrx_word' id='word_1_249' title='bbox 338 3732 592 3812; x_wconf 91' lang='lat' dir='ltr'><strong>quandocunque</strong></span> <span class='ocrx_word' id='word_1_250' title='bbox 614 3746 744 3810; x_wconf 87' lang='lat' dir='ltr'><strong>pernes</strong></span> <span class='ocrx_word' id='word_1_251' title='bbox 766 3733 920 3788; x_wconf 89' lang='lat' dir='ltr'><strong>comestas</strong></span> <span class='ocrx_word' id='word_1_252' title='bbox 939 3724 1068 3788; x_wconf 90' lang='lat' dir='ltr'><strong>suauior</strong></span> <span class='ocrx_word' id='word_1_253' title='bbox 1082 3723 1212 3789; x_wconf 76' lang='lat' dir='ltr'><strong>uideba-</strong></span> 
     </span>
     <span class='ocr_line' id='line_1_32' title="bbox 185 3833 1214 3924; baseline -0.004 -21"><span class='ocrx_word' id='word_1_254' title='bbox 185 3849 245 3903; x_wconf 91' lang='lat' dir='ltr'><strong>tur.</strong></span> <span class='ocrx_word' id='word_1_255' title='bbox 276 3842 446 3905; x_wconf 89' lang='lat' dir='ltr'><strong>mansimus</strong></span> <span class='ocrx_word' id='word_1_256' title='bbox 463 3841 558 3924; x_wconf 90' lang='lat' dir='ltr'><strong>igitur</strong></span> <span class='ocrx_word' id='word_1_257' title='bbox 574 3839 691 3902; x_wconf 88' lang='lat' dir='ltr'><strong>ibidem</strong></span> <span class='ocrx_word' id='word_1_258' title='bbox 711 3856 774 3901; x_wconf 93' lang='lat' dir='ltr'><strong>uno</strong></span> <span class='ocrx_word' id='word_1_259' title='bbox 793 3856 917 3911; x_wconf 89' lang='lat' dir='ltr'><strong>mense,</strong></span> <span class='ocrx_word' id='word_1_260' title='bbox 937 3856 996 3899; x_wconf 88' lang='lat' dir='ltr'><strong>nec</strong></span> <span class='ocrx_word' id='word_1_261' title='bbox 1010 3835 1126 3899; x_wconf 90' lang='lat' dir='ltr'><strong>fuimus</strong></span> <span class='ocrx_word' id='word_1_262' title='bbox 1142 3833 1214 3900; x_wconf 84' lang='lat' dir='ltr'><strong>ausi</strong></span> 
     </span>
     <span class='ocr_line' id='line_1_33' title="bbox 185 3945 1212 4047; baseline -0.002 -32"><span class='ocrx_word' id='word_1_263' title='bbox 185 3954 366 4028; x_wconf 88' lang='lat' dir='ltr'><strong>discedere,</strong></span> <span class='ocrx_word' id='word_1_264' title='bbox 386 3955 442 4047; x_wconf 79' lang='lat' dir='ltr'><strong>esd</strong></span> <span class='ocrx_word' id='word_1_265' title='bbox 457 3953 655 4017; x_wconf 89' lang='lat' dir='ltr'><strong>mittebamus</strong></span> <span class='ocrx_word' id='word_1_266' title='bbox 670 3969 795 4033; x_wconf 87' lang='lat' dir='ltr'><strong>semper</strong></span> <span class='ocrx_word' id='word_1_267' title='bbox 808 3948 1034 4032; x_wconf 88' lang='lat' dir='ltr'><strong>speculatores,</strong></span> <span class='ocrx_word' id='word_1_268' title='bbox 1056 3967 1096 4012; x_wconf 84' lang='lat' dir='ltr'><strong>cx</strong></span> <span class='ocrx_word' id='word_1_269' title='bbox 1109 3945 1212 4013; x_wconf 82' lang='lat' dir='ltr'><strong>bond-</strong></span> 
     </span>
     <span class='ocr_line' id='line_1_34' title="bbox 185 4059 1212 4149; baseline -0.003 -20"><span class='ocrx_word' id='word_1_270' title='bbox 185 4065 276 4130; x_wconf 90' lang='lat' dir='ltr'><strong>nibus</strong></span> <span class='ocrx_word' id='word_1_271' title='bbox 297 4065 486 4142; x_wconf 84' lang='lat' dir='ltr'><strong>leuioribus,</strong></span> <span class='ocrx_word' id='word_1_272' title='bbox 507 4064 616 4131; x_wconf 88' lang='lat' dir='ltr'><strong>uidere</strong></span> <span class='ocrx_word' id='word_1_273' title='bbox 638 4070 670 4128; x_wconf 89' lang='lat' dir='ltr'><strong>et</strong></span> <span class='ocrx_word' id='word_1_274' title='bbox 690 4061 822 4140; x_wconf 85' lang='lat' dir='ltr'><strong>rescire,</strong></span> <span class='ocrx_word' id='word_1_275' title='bbox 843 4061 870 4129; x_wconf 87' lang='lat' dir='ltr'><strong>si</strong></span> <span class='ocrx_word' id='word_1_276' title='bbox 883 4060 994 4149; x_wconf 45' lang='lat' dir='ltr'><strong>‚adbuc</strong></span> <span class='ocrx_word' id='word_1_277' title='bbox 1017 4059 1120 4146; x_wconf 89' lang='lat' dir='ltr'><strong>aliqua</strong></span> <span class='ocrx_word' id='word_1_278' title='bbox 1137 4075 1212 4141; x_wconf 78' lang='lat' dir='ltr'><strong>pars</strong></span> 
     </span>
    </p>
   </div>
   <div class='ocr_carea' id='block_1_3' title="bbox 187 4170 1214 4273">
    <p class='ocr_par' dir='ltr' id='par_1_3' title="bbox 187 4170 1214 4273">
     <span class='ocr_line' id='line_1_35' title="bbox 187 4170 1214 4273; baseline -0.009 -24"><span class='ocrx_word' id='word_1_279' title='bbox 187 4177 390 4250; x_wconf 75' lang='lat' dir='ltr'><strong>latueram</strong></span> <span class='ocrx_word' id='word_1_280' title='bbox 403 4177 436 4250; x_wconf 88' lang='lat' dir='ltr'><strong>in</strong></span> <span class='ocrx_word' id='word_1_281' title='bbox 449 4174 612 4273; x_wconf 81' lang='lat' dir='ltr'><strong>ltuagarta</strong></span> <span class='ocrx_word' id='word_1_282' title='bbox 626 4175 844 4259; x_wconf 72' lang='lat' dir='ltr'><strong>renouaret,</strong></span> <span class='ocrx_word' id='word_1_283' title='bbox 872 4180 926 4246; x_wconf 83' lang='lat' dir='ltr'><strong>sut</strong></span> <span class='ocrx_word' id='word_1_284' title='bbox 939 4172 966 4244; x_wconf 86' lang='lat' dir='ltr'><strong>sl</strong></span> <span class='ocrx_word' id='word_1_285' title='bbox 980 4179 1046 4242; x_wconf 86' lang='lat' dir='ltr'><strong>arte</strong></span> <span class='ocrx_word' id='word_1_286' title='bbox 1061 4170 1214 4263; x_wconf 79' lang='lat' dir='ltr'><strong>decepte·</strong></span> 
     </span>
    </p>
   </div>
   <div class='ocr_carea' id='block_1_4' title="bbox 0 0 1409 4764">
    <p class='ocr_par' dir='ltr' id='par_1_4' title="bbox 0 0 1409 4764">
     <span class='ocr_line' id='line_1_36' title="bbox 0 0 1409 4764; baseline 0 0"><span class='ocrx_word' id='word_1_287' title='bbox 0 0 1409 4764; x_wconf 95' lang='lat' dir='ltr'><strong> </strong></span> 
     </span>
    </p>
   </div>
  </div>
 </body>
</html>
