2798 4764
201 326 275 395 :tot
417 326 572 395 emmona
590 346 679 395 raone
699 346 761 393 carr
781 348 923 395 atrurn.
949 329 1039 395 till.

213 500 432 585 qualecunque
456 520 555 584 genno
579 500 697 566 metalli
718 502 873 586 querendi
897 521 953 566 reu
977 502 1085 565 utendi
1111 502 1243 567 liberam

214 610 377 677 habebunt
391 611 580 676 facultatem.

296 727 373 801 (13)
400 726 476 789 item
499 725 578 789 seria
602 727 741 791 secunda
765 727 897 792 liberum
922 726 1026 790 lorum
1050 728 1096 790 eis
1121 735 1154 790 et
1175 728 1244 792 eliis
1305 794 1312 802 ,

212 832 359 903 omnibus
371 836 442 901 lieri
456 837 657 920 permisimus
672 836 754 903 inter
767 840 862 921 ipsos.

227 966 243 991 ··
295 948 334 1013 Ut
347 950 442 1031 igitur
454 949 514 1014 lnec
529 932 656 1013 libertas
670 951 767 1013 robur
781 950 897 1014 lrabeat
912 960 1065 1033 perpetue
1077 951 1243 1025 firmitatis,

212 1058 246 1127 'et
257 1082 299 1126 ne
309 1081 458 1144 processu
471 1062 622 1145 temporis
633 1080 689 1144 per
699 1063 879 1145 quempiam
889 1081 1107 1126 successorum
1118 1070 1244 1126 nostro·

211 1172 283 1239 ium
296 1193 426 1260 quoquo
441 1174 535 1238 modo
549 1174 657 1239 ualeat
669 1173 784 1238 irritari
805 1194 862 1238 seu
882 1173 1059 1248 retractari,
1081 1183 1243 1256 presentes

212 1286 427 1349 concessimus
441 1285 557 1360 literas,
569 1283 668 1350 nostri
681 1283 774 1369 sigilli
787 1293 819 1348 et
833 1286 964 1349 fratrum
979 1293 1159 1348 nostrorum
1175 1306 1244 1347 mu·

210 1380 331 1463 nimine
346 1398 518 1462 roboratae.
543 1398 656 1461 Datum
672 1417 755 1463 anno
770 1396 888 1460 ‹lomini
902 1397 983 1460 MCC
999 1396 1243 1481 quadragesimo

210 1508 321 1575 tercio.

557 1754 901 1787 m

509 1951 511 1954 ’
557 1988 673 2074 nnn
693 1986 751 2073 a.
773 1986 895 2073 nans

455 2152 774 2243 curruum
812 2153 1000 2241 Pacis

208 2324 334 2453 nuel
368 2326 439 2399 nu
473 2322 852 2400 conrnuntnnrr
891 2324 1243 2397 vnnnrrnnunr

394 2468 627 2533 llJRAllENTO
648 2468 835 2531 Ftttntntn.
863 2466 1056 2532 MccxttV.

495 2610 518 2661 E
548 2609 632 2675 pactis
650 2611 806 2661 Venetorum
831 2609 852 2660 l.
896 2607 953 2661 ³38.

212 2856 234 2891 ”
292 2866 355 2929 lior
370 2864 456 2928 Bella
478 2865 529 2929 dei
545 2865 650 2949 gracia
664 2888 721 2930 rex
735 2866 897 2950 ilungarie
915 2877 1026 2933 tenore
1041 2872 1240 2953 presencium

208 2956 289 3043 noire
310 2976 456 3041 uolumus
478 2978 655 3054 uniuersos,
677 2981 762 3061 quod
783 2980 858 3043 airis
879 2980 1036 3044 nobilibus
1052 2990 1083 3045 et
1097 2983 1240 3046 discretis

209 3086 369 3173 Stephano
384 3090 553 3177 Iustiniana
572 3098 604 3153 et
618 3090 711 3153 Petro
726 3089 886 3166 Danuuio,
908 3090 1030 3155 nunciis
1046 3099 1077 3154 et
1091 3112 1240 3175 procura-

207 3192 330 3266 toribus
352 3198 458 3264 dilecti
479 3200 571 3264 amici
592 3202 692 3264 nostri
707 3200 813 3265 lacobi
828 3202 984 3286 Theopuli
1006 3202 1134 3266 illustris
1150 3204 1238 3267 ducis

208 3312 422 3387 Venetorum,
444 3312 642 3394 promisimus
661 3313 788 3377 nomine
812 3313 887 3377 dicti
908 3315 996 3377 ducis
1020 3324 1052 3377 ct
1066 3316 1240 3377 communi-

208 3416 281 3489 talls
302 3424 510 3488 veneciarum
536 3425 712 3489 iuramento
738 3423 943 3507 corporaliter
966 3425 1117 3507 prestito,
1148 3425 1240 3488 tactis

208 3510 322 3610 locris,
344 3536 429 3620 quod
453 3538 602 3600 uniuersa
621 3545 653 3600 et
673 3536 796 3620 singula
818 3537 953 3619 capitula
971 3536 1169 3619 infrascripta
1185 3538 1240 3600 ch-

208 3648 407 3712 ceruabimus
422 3657 454 3712 et
468 3649 666 3713 attendemus
689 3650 771 3711 bono
784 3646 848 3712 nne
864 3656 895 3712 et
908 3650 976 3712 eine
991 3649 1103 3712 fraude
1119 3649 1239 3730 absque

207 3756 274 3821 ullo
296 3760 378 3822 malo
400 3759 537 3843 ingenio,
559 3768 590 3824 et
611 3759 772 3824 obseruari
795 3760 943 3823 anostris
957 3760 1180 3823 inuiolabiliter
1193 3758 1240 3821 la-

207 3865 337 3932 olemus.

290 3983 349 4058 (ί)
370 3980 522 4047 llidelicet
542 3983 628 4066 quod
653 3984 738 4047 (licto
763 3981 836 4047 (luci
860 3989 892 4046 et
912 3982 977 4045 suis
1001 3978 1239 4046 successoribus

206 4070 335 4168 alerem,
356 4091 478 4157 firmam
502 4101 535 4159 et
553 4101 740 4178 perpetuam
759 4112 872 4179 pacem
893 4102 926 4158 et
939 4093 1111 4193 amiciciam
1131 4094 1239 4157 obser·

206 4204 364 4275 omium.
