2798 4764
519 298 885 412 massmannus).
1151 326 1215 397 aaa

184 495 270 580 poris
285 494 397 572 allatis,
417 497 684 561 mercenariorum
703 500 762 562 sibi
783 498 996 564 seruienoium
1017 497 1143 565 labores
1162 520 1214 568 κ·

184 609 255 691 pius
265 605 437 672 releuabat.
457 610 586 692 quando
597 618 702 673 antem
714 611 754 673 de
769 610 840 673 loco
849 610 881 672 in
896 609 1000 674 locum
1011 612 1214 694 properabat,¹

184 740 249 783 non
268 718 411 802 quolibet
429 719 587 795 iumento,
607 722 665 785 sed
685 723 810 784 modico
833 723 978 786 utebatur
998 723 1159 800 uehiculo,
1176 724 1214 789 l!

185 849 248 914 quo
273 832 434 906 residens,
462 829 558 895 libros
581 852 661 914 quos
686 853 725 896 cx
749 834 878 915 spiritus
901 834 1001 896 sancti
1025 833 1213 900 authoritate

186 941 427 1024 compilaucrat,
447 942 618 1025 relegebat.
640 944 833 1007 uestimentis
849 952 901 1007 aut
915 944 1025 1018 cilicio,
1046 953 1100 1008 aut
1114 945 1214 1028 bispi-

185 1055 233 1117 dis
255 1055 387 1117 arictum
411 1053 543 1135 pellibus
564 1054 764 1137 frequencius
787 1056 945 1119 utebatur.
972 1057 1056 1119 unde
1070 1057 1215 1122 sicutne·

185 1167 254 1248 pins
269 1164 422 1246 contingit
434 1166 552 1228 sanctis
564 1165 761 1240 bominibus,
790 1185 861 1229 oum
875 1167 1045 1250 aliquando
1061 1187 1100 1230 ex
1112 1167 1216 1251 negli*

186 1276 296 1361 gencia
317 1276 366 1341 sui
386 1276 515 1359 surige,
536 1297 592 1341 seu
613 1277 674 1340 alia
689 1278 828 1360 qualibet
848 1278 962 1341 iniuria
980 1277 1065 1342 lesus
1085 1280 1214 1355 suimet,

184 1389 362 1472 precipiens
386 1387 573 1470 culpabilem
597 1389 757 1455 bominem
779 1392 922 1471 protinus
946 1391 1077 1474 llagcllis
1101 1411 1214 1475 aggra-

185 1501 255 1565 uari
278 1509 334 1563 aut
357 1501 484 1563 uinculo
505 1501 690 1583 mancipari,
718 1503 809 1564 cuius
832 1503 965 1565 iussioni
985 1505 1117 1568 ministri
1136 1505 1213 1568 obe·

186 1612 318 1685 dientes,
331 1612 388 1674 sed
402 1613 598 1695 paternitatis
613 1614 681 1676 ciue
693 1613 891 1677 dulcedinem
905 1636 968 1678 non
981 1616 1213 1692 obliuisccntes,

185 1742 276 1786 secus
298 1724 384 1786 niam
398 1742 461 1807 qua
482 1731 608 1787 sanctus
628 1733 718 1805 pater
737 1733 805 1788 erat
825 1727 1029 1800 transiturus,
1050 1727 1212 1792 bominem

185 1853 274 1897 reum
297 1833 337 1897 ad
358 1833 496 1916 stipitem
516 1834 671 1916 ligabant,
692 1855 728 1898 ac
743 1837 774 1898 in
789 1838 876 1899 nudo
891 1838 985 1901 dorso
999 1838 1068 1900 eius
1082 1837 1213 1920 gallina·

184 1945 246 2008 tico
260 1965 316 2009 seu
332 1946 471 2008 cuiusuis
485 1945 627 2010 animalis
640 1948 792 2030 sanguine
808 1948 1029 2032 depingebant
1050 1956 1081 2012 at
1095 1949 1149 2012 ubi
1162 1948 1213 2013 uic

186 2056 236 2120 dei
256 2057 405 2132 ueniens,
433 2057 625 2121 crudelitatis
648 2059 696 2122 sui
720 2061 845 2122 intuens
869 2059 1068 2133 memoriam,
1097 2059 1212 2123 saltem

186 2169 225 2231 de
239 2169 381 2251 plaustro
395 2188 453 2231 suo
467 2169 603 2245 faciens,
624 2171 665 2234 ad
683 2171 813 2253 ligatum
833 2170 993 2238 hominem
1010 2171 1212 2252 properabat,

185 2280 403 2362 stipitemque,
438 2300 549 2344 manus
578 2288 610 2344 et
632 2281 779 2354 brachia,
815 2279 942 2343 uincula
966 2288 997 2343 et
1021 2280 1119 2362 pedes
1145 2279 1215 2347 eins

186 2392 394 2466 osculabatur,
415 2412 545 2456 munera
565 2394 761 2474 promittens,
784 2391 811 2454 si
833 2392 960 2455 neniam
983 2400 1015 2454 et
1037 2392 1215 2455 miserisne

189 2503 270 2565 diam
284 2505 324 2566 ab
339 2504 466 2566 bomine
489 2505 549 2566 iam
565 2502 668 2566 soluto
681 2503 832 2584 consequi
847 2511 1031 2577 mereretur,
1052 2510 1084 2565 et
1097 2502 1123 2566 si
1137 2484 1215 2575 slus

187 2615 281 2678 bomo
303 2616 444 2679 adstares
468 2623 500 2679 ct
521 2617 657 2687 uideres,
678 2624 764 2679 certe
786 2616 909 2677 diceres
929 2614 1013 2677 hunc
1036 2616 1087 2678 dei
1110 2615 1226 2707 uirum·

188 2747 243 2809 pro
258 2735 345 2791 tanta
359 2726 533 2792 bumilitate
551 2735 584 2791 et
597 2727 793 2810 simplicitate
808 2728 955 2790 ellectum
969 2728 1057 2790 illum
1072 2748 1214 2810 puerum,

188 2858 282 2923 quern
299 2840 439 2902 saluator
460 2839 618 2921 discipulis
638 2840 678 2902 ad
699 2840 883 2906 imitandum
903 2838 1085 2903 humilitatis
1106 2858 1215 2904 exem·

185 2951 271 3035 plum
294 2952 466 3016 statuisset.
494 2953 638 3034 quamuis
662 2961 767 3016 autem
791 2951 1006 3035 episcopalem
1030 2951 1213 3034 dignitatem

185 3082 298 3146 magna
309 3063 515 3147 prouidenoia
529 3063 736 3146 gubernaret,
756 3073 824 3128 crat
837 3072 943 3127 tamen
957 3064 987 3127 ei
1002 3082 1114 3145 magna
1127 3061 1215 3127 solli-

186 3175 261 3237 tndo
279 3194 338 3256 pro
352 3175 487 3238 comisso
509 3194 616 3257 grege.
643 3194 716 3236 narn
731 3173 862 3256 quocies
885 3174 1007 3256 aliquos
1025 3172 1106 3236 lilios
1127 3192 1213 3247 suos

186 3303 266 3368 quos
285 3294 453 3369 genuerat,
474 3287 585 3349 beatus
607 3306 662 3350 rex
677 3284 857 3366 Stephanus
879 3285 967 3367 uirga
987 3284 1133 3366 equitatis
1154 3300 1213 3365 pso

187 3395 307 3458 scelere
319 3396 473 3461 noluisset
487 3397 660 3479 corripere,
681 3395 740 3458 bos
754 3401 845 3477 pater
854 3392 921 3456 zelo
936 3394 1060 3475 pietatis
1074 3401 1105 3456 et
1119 3392 1214 3456 mise-

188 3504 323 3568 ricordie
343 3504 477 3569 lacrimis
501 3506 701 3571 defendebat.
727 3506 843 3568 accidit
862 3513 967 3567 autem
982 3504 1119 3586 quodam
1134 3512 1213 3569 ten·

187 3635 281 3697 pore,
298 3623 332 3682 ut
345 3637 402 3699 pro
416 3616 601 3682 defensione
616 3617 778 3680 cuiusdam
793 3616 833 3679 ad
849 3634 956 3698 regen
970 3621 1215 3698 properaret-u

186 3729 216 3791 in
231 3729 376 3793 eiusdem
388 3730 529 3812 regionis
544 3738 633 3811 parte
646 3728 780 3803 siluosa,
800 3747 863 3810 que
877 3728 948 3791 ueni
965 3746 1132 3810 porcorum
1147 3734 1215 3794 east

185 3849 274 3924 apte,
302 3840 363 3906 sita
384 3850 453 3907 erat
471 3843 608 3924 quedam
629 3840 722 3916 uilla,
747 3840 863 3925 inqua
884 3839 1016 3905 meridie
1036 3838 1214 3923 hospitat!

185 3960 243 4016 est
271 3953 326 4017 ubi
348 3953 433 4017 eirca
451 3953 588 4017 mediam
609 3960 735 4019 noctem
750 3952 837 4027 audit
850 3953 1015 4036 strepitum
1027 3951 1215 4028 molarium,

185 4066 270 4148 quod
285 4065 354 4147 ipsc
367 4064 444 4129 alias
457 4085 522 4131 non
536 4065 668 4130 uiderat.
696 4065 868 4130 mirabatur
880 4065 1032 4148 quidnam
1046 4063 1107 4127 boc
1120 4068 1215 4128 esset·

185 4178 399 4260 continuoque
413 4176 545 4256 nuber,
564 4196 629 4263 que
648 4176 764 4245 nedem
784 4175 944 4254 trahebat,
972 4181 1100 4250 usuro
1120 4173 1215 4257 cepit·
