2798 4764
214 314 274 397 tii
365 329 491 393 ‚suoru
510 330 552 380 as
572 329 655 377 erza
677 327 776 376 srsrs
796 326 1006 376 screnormr
1025 304 1083 393 (d).

212 489 408 555 Mortuerum
435 495 541 550 autem
569 503 733 549 numerum
757 484 790 546 in
815 483 937 567 prelato
962 481 1061 565 prelio
1087 483 1242 565 potuisset

213 600 360 667 estimare
380 598 449 661 sola
470 597 576 660 diuina
598 596 765 679 sapiencia.
793 594 977 676 liudolphus
995 613 1071 675 ergo
1085 595 1241 658 Teutonis

212 733 269 777 rex
291 720 384 794 atque
405 712 618 773 Romanorum
641 728 712 771 oum
736 708 801 770 suis
823 708 938 780 stabat,
957 706 1156 788 inspiciendo
1177 720 1241 789 que

212 823 340 889 debunt
366 823 449 887 lecta
468 822 561 906 igitur
575 821 635 884 hac
647 820 777 883 uictoria
798 838 856 883 rex
870 818 1074 883 Germanicus
1094 818 1241 882 ladislao

212 935 281 1018 regi
298 935 364 1018 egit
382 943 497 1016 grates,
518 934 604 1014 quod
625 953 683 1015 per
704 951 776 994 eum
791 929 917 994 dustria
937 939 970 993 et
990 930 1083 993 Stiria
1103 931 1162 993 sibi
1183 929 1243 995 fuit

212 1044 357 1115 restituta
369 1043 423 1106 illo
438 1045 500 1107 die.
527 1044 566 1105 Et
580 1042 625 1105 sic
640 1041 801 1106 ladislaus
815 1060 872 1104 rex
886 1041 1047 1124 Hungarie
1064 1041 1157 1104 rediit
1170 1060 1242 1105 cum

212 1156 344 1220 uictoria
359 1175 434 1238 rege
450 1154 651 1216 Alamannico
666 1154 698 1215 in
712 1151 835 1215 dustria
849 1160 1042 1216 remanente.

295 1267 363 1331 llec
387 1274 436 1330 est
456 1265 539 1329 enim
554 1264 689 1327 Lndislai
710 1263 794 1346 regis
816 1263 948 1327 uictoris
966 1264 1125 1345 primicie,
1146 1284 1241 1347 quam

214 1381 323 1448 diuina
336 1378 508 1444 clemencia
522 1378 550 1440 ei
566 1377 673 1440 tribuit
685 1377 719 1438 in
733 1384 815 1438 etate
831 1375 1051 1440 adolescencie
1066 1376 1238 1440 constituto

213 1493 323 1573 inquo
339 1490 466 1573 quidem
481 1489 619 1554 exercitu
635 1489 704 1570 ipso
720 1487 772 1551 die
787 1507 892 1550 comes
907 1488 1067 1553 Renoldus
1085 1488 1168 1552 filius
1181 1489 1243 1551 lte·

213 1604 300 1671 uoldi
313 1601 477 1665 hunerium
492 1601 576 1683 regis
592 1601 690 1664 tenuit
704 1598 835 1662 uiriliter
849 1607 882 1662 et
896 1609 1052 1681 potenter,
1073 1600 1113 1663 de
1122 1620 1241 1682 genere

212 1714 347 1780 Bastech
366 1713 530 1776 oriundus.
559 1714 716 1776 adstantes
731 1713 859 1775 domino
878 1713 946 1795 regi
968 1713 1080 1776 fratres
1098 1712 1241 1776 eiusdem

208 1814 368 1901 Andreas,
390 1824 556 1898 Salomon,
577 1824 749 1898 ladislaus,
770 1832 803 1886 et
824 1824 876 1887 elii
899 1824 990 1906 regni
1004 1824 1162 1907 Hungarie
1183 1846 1242 1889 no·

213 1936 303 2012 biles,
322 1936 404 1999 sicut
424 1933 514 2000 stelle
534 1935 594 2000 celi
613 1936 733 2018 absque
752 1953 895 1997 numero.
924 1942 957 1997 ut
972 1954 1050 2025 ergo
1069 1934 1101 1996 in
1122 1955 1243 1999 memo·

213 2050 294 2115 mam
308 2049 417 2113 redeat
430 2048 514 2132 regis
525 2046 660 2111 Ladislai
675 2055 737 2111 tam
753 2047 890 2128 gloriose
905 2046 1165 2129 triumphalisque
1177 2048 1244 2111 uic-

214 2162 309 2236 toria,
322 2161 355 2225 in
369 2160 572 2244 opprobrium
587 2159 874 2241 sempiternumque
890 2159 1029 2222 dedecus
1043 2160 1244 2234 Boemorum,

212 2272 420 2348 l’olonorum,
449 2272 730 2354 Morauorumque,
757 2278 844 2333 scuta
870 2277 901 2333 et
923 2268 1041 2333 uexilla
1061 2270 1095 2332 in
1115 2269 1244 2334 Albensi

214 2383 366 2458 eeclesia,
387 2385 463 2448 sede
484 2384 573 2466 regni
592 2403 630 2446 ac
649 2381 728 2446 solio
751 2381 783 2445 in
803 2381 927 2465 pariete
942 2401 1097 2464 suspensa
1114 2381 1146 2444 in
1161 2389 1244 2445 eter-

213 2515 289 2558 num
304 2503 520 2577 perseuerant.

293 2604 386 2667 Aliud
416 2626 543 2688 quoque
570 2605 792 2669 miraculosum
828 2604 962 2687 prelium
991 2604 1158 2668 Ludislaus
1186 2624 1243 2668 rex

213 2715 396 2779 adolescens
417 2715 526 2779 habuit
549 2736 619 2779 cum
639 2717 802 2791 Comanis,
823 2718 910 2800 quod
935 2718 1034 2800 pretio
1058 2716 1245 2799 precedenti

214 2835 425 2909 eomparatur.
446 2828 539 2910 igitur
553 2848 624 2891 cum
640 2828 768 2892 Comani
785 2848 843 2911 per
857 2850 966 2911 regem
980 2828 1088 2892 Belem
1109 2829 1160 2909 pie
1176 2847 1243 2891 me·

214 2938 315 3001 morie
329 2958 423 3001 auum
437 2939 519 3021 regis
534 2939 566 3002 in
577 2939 771 3021 llungariam
785 2939 887 3022 primo
900 2939 1079 3014 introducti,
1099 2947 1134 3002 ut
1146 2958 1244 3002 arena

214 3050 416 3133 postmodum
440 3049 686 3124 succreuissent,
707 3057 739 3113 et
758 3051 819 3131 ipsi
839 3049 907 3133 regi
920 3051 995 3114 Bele
1016 3052 1101 3132 ipsos
1122 3051 1244 3133 disper-

215 3180 291 3244 gere
312 3161 461 3224 inanimo
476 3161 671 3243 peruenisset
692 3182 747 3244 per
762 3161 961 3243 prouincias,
983 3171 1015 3225 et
1033 3161 1243 3244 nunqua-‚id

215 3271 320 3339 secere
335 3272 588 3355 presumpsisset,
605 3273 638 3334 in
652 3292 751 3355 regno
766 3292 930 3356 emergere
943 3272 1097 3336 lesionem
1111 3291 1243 3355 sperans

216 3404 274 3467 per
289 3386 430 3448 eosdem.
459 3385 521 3448 hoe
542 3385 645 3466 ipsum
666 3384 778 3449 dicitur
798 3405 856 3448 rex
869 3384 1046 3466 Stephanus
1068 3393 1157 3467 pater
1177 3384 1244 3447 eius

215 3493 299 3557 bone
314 3496 465 3560 memorie
480 3497 520 3559 de
538 3496 615 3578 ipsis
629 3496 799 3579 cogitasse,
821 3504 853 3559 et
866 3505 996 3578 propter
1009 3496 1163 3561 cautelam
1178 3514 1246 3556 me·

216 3614 369 3669 moratam
381 3608 550 3673 retraxisse
561 3628 653 3672 suum
665 3608 759 3670 uelle.
780 3607 941 3671 ladislaus
953 3628 1031 3671 uero
1040 3628 1098 3671 rex
1106 3606 1246 3680 illustris,

216 3716 375 3779 animosus
397 3737 432 3780 ac
447 3718 644 3801 mugniuolus
657 3719 822 3801 perfidiam
837 3726 948 3782 contra
963 3738 1035 3781 eum
1049 3737 1245 3799 cognoscens

216 3824 299 3891 inter
314 3847 369 3890 eos
383 3827 545 3904 fabricari,
559 3829 663 3894 taliter
676 3830 828 3913 processit
841 3838 952 3894 contra
964 3829 1049 3910 ipsos
1063 3827 1247 3902 bellaturus,

216 3939 297 4003 utin
311 3939 412 4022 prelio
426 3940 496 4021 ipso
513 3940 626 4004 acriter
641 3942 804 4016 debellati,
825 3940 950 4024 plurimi
971 3938 1154 4021 intercepti,
1175 3940 1247 4022 qui·

217 4049 291 4115 tm
305 4069 382 4113 uero
397 4070 439 4114 ex
456 4050 532 4132 ipsis
546 4050 664 4114 relictis
678 4047 847 4127 uxoribus,
868 4050 975 4135 pueris
990 4058 1022 4113 et
1035 4049 1130 4113 rebus
1144 4051 1247 4114 omni·

216 4161 276 4253 ltus
299 4161 343 4233 ed
363 4162 499 4254 populos
523 4162 677 4231 iubatos
696 4163 865 4252 lugierunt.
899 4161 1042 4233 nonnulli
1066 4162 1167 4231 eciem
1190 4164 1245 4256 qui
