2798 4764
215 349 276 420 306
318 370 507 420 surarum
519 368 612 416 aron
625 371 665 415 mr
679 369 790 415 uorum
810 366 1026 415 rrrsrrrurrorur
1046 366 1149 415 umet.
1170 345 1245 431 (ru.)

215 529 259 592 ita
284 530 425 591 diuersus
452 526 571 608 linguas
595 537 625 590 et
649 525 903 599 consuetudines,
933 526 1122 607 diuerseque
1145 525 1245 588 docu-

216 649 322 703 menta
336 649 367 702 et
382 658 467 701 arma
480 657 586 701 secum
603 639 736 711 ducunt,
755 657 816 720 que
832 637 936 699 omnia
951 637 1069 718 regium
1085 646 1198 699 ornant
1214 644 1245 699 et

217 751 414 834 magnificant
429 749 549 823 aulam,
567 758 598 812 et
611 751 810 831 perterritant
825 756 1002 811 exterorum
1018 749 1245 829 arroganciam,

216 883 289 928 nam
305 864 395 925 unius
409 863 514 945 lingue
530 863 685 942 uniusque
701 861 796 924 moris
812 881 941 943 regnum
964 859 1120 922 imbecille
1137 869 1168 921 et
1182 860 1246 921 sru-

217 974 283 1058 gite
293 984 349 1037 est.
377 983 545 1055 propterea
559 972 602 1035 fili
618 973 659 1034 mi
674 974 768 1035 iubeo
784 974 838 1035 tibi
854 982 887 1033 ut
902 974 984 1033 bona
998 970 1159 1034 uoluntate
1176 970 1244 1032 illos

216 1087 335 1149 nutrias
351 1095 381 1148 et
396 1085 530 1147 honeste
544 1094 663 1158 teneas,
678 1094 712 1147 ut
726 1093 829 1146 tecum
844 1085 995 1146 libencius
1010 1085 1136 1165 degant,
1151 1103 1246 1165 quam

218 1198 329 1262 alicubi
344 1198 496 1260 habitent.
523 1197 648 1259 sienim
664 1205 697 1259 tu
713 1198 890 1270 destruere,
915 1198 1000 1277 quod
1016 1216 1076 1278 ego
1091 1196 1245 1269 edificaui,

218 1317 272 1372 aut
286 1309 453 1389 dissipare,
475 1309 561 1390 quod
583 1329 642 1389 ego
665 1309 853 1390 congregaui
875 1309 1045 1379 studueris,
1067 1307 1134 1368 sine
1149 1307 1245 1370 dubio

218 1420 352 1482 maxime
372 1427 458 1481 tuum
481 1420 625 1500 pacietur
644 1439 787 1500 rognum.
809 1420 894 1500 quod
918 1439 957 1480 ne
978 1419 1033 1479 fiat
1053 1426 1140 1480 tuum
1155 1426 1247 1498 quot-

218 1533 293 1595 tidie
318 1552 397 1614 auge
419 1553 575 1613 regnum,
603 1539 638 1593 ut
659 1541 711 1594 tua
731 1550 848 1593 corona
868 1533 907 1592 ab
929 1530 1073 1593 omnibus
1094 1531 1247 1591 habeatnr

219 1653 361 1726 augusta.

303 1867 481 1927 Carrruucur
496 1866 522 1926 V
525 1868 562 1926 li.
604 1868 648 1927 Dc
669 1870 871 1946 mcpor'tudr'or
890 1872 1014 1932 consilii.
1058 1870 1091 1928 iu
1107 1867 1248 1932 tribuna·

219 1978 300 2040 libus
316 1998 425 2059 regum
442 1978 605 2039 consilinm
619 1980 786 2060 septimum
802 1981 860 2043 sibi
876 1980 1023 2043 nendicat
1037 1981 1149 2043 locum.
1172 1999 1249 2040 eon-

220 2089 290 2150 siiio
305 2089 432 2170 quidem
448 2090 677 2152 constituuntur
689 2111 791 2173 reges,
809 2091 1058 2155 determinantur
1072 2109 1179 2171 regna,
1194 2090 1248 2150 de·

220 2200 358 2264 tenditur
373 2201 486 2281 patria,
501 2203 731 2283 componuntur
743 2203 855 2283 prelia,
871 2204 1003 2266 sumitur
1013 2204 1160 2276 uictoria,
1176 2223 1249 2284 pro·

220 2314 381 2396 pelluntur
401 2314 532 2386 inimici,
555 2314 753 2395 appellantur
772 2315 879 2389 amici,
902 2316 1042 2378 ciuitates
1062 2323 1249 2376 construun-

222 2435 281 2500 tur,
313 2434 344 2488 et
369 2434 471 2489 castra
496 2427 749 2489 aduersariorum
776 2428 988 2490 destruuntur.
1021 2428 1149 2509 quando
1171 2445 1249 2488 uero

221 2537 359 2599 consitiis
377 2539 460 2601 inest
480 2537 617 2599 utititas?
653 2558 725 2599 nam
747 2557 765 2599 a
787 2536 887 2600 stultis
910 2548 941 2601 et
955 2538 1183 2619 arrogantibus,
1213 2557 1249 2598 ac

222 2649 451 2721 mediocribus,
479 2658 513 2710 ut
536 2651 611 2711 mibi
636 2652 759 2712 uidetur
780 2672 843 2712 nou
865 2652 972 2713 ualent
993 2653 1139 2732 componi
1164 2651 1250 2720 uiris,

220 2761 278 2822 sed
292 2783 309 2823 a
325 2762 492 2822 maioribus
509 2770 539 2824 et
554 2763 752 2835 melioribus,
774 2764 1087 2845 sapiencioribusque
1102 2783 1137 2825 ar
1150 2764 1250 2824 bone-

222 2872 363 2934 stissimis
386 2874 561 2936 senioribus
583 2875 717 2955 exprimi
739 2876 856 2938 debent
880 2885 911 2938 et
932 2875 1033 2956 poliri.
1066 2877 1184 2938 idcirco
1206 2875 1250 2936 titi

221 2984 279 3056 mi,
302 3002 373 3044 cum
389 2985 556 3046 iuuenibus
572 2994 602 3047 et
617 2987 720 3048 minus
735 2987 929 3068 sapientibus
944 2988 1007 3049 noti
1024 2989 1179 3049 consiliari
1198 2995 1251 3048 arrt

222 3097 262 3157 ab
281 3096 341 3157 iilis
363 3097 526 3157 consitium
548 3116 698 3178 querere,
727 3099 782 3160 sed
798 3117 816 3159 a
830 3099 1026 3160 senatoribus
1042 3100 1153 3181 quibus
1173 3098 1251 3159 iilud

223 3206 388 3287 negocium
413 3216 542 3287 propter
564 3216 678 3269 etatem
705 3217 735 3269 et
756 3209 945 3289 sapienciarn
968 3209 1008 3270 sit
1031 3218 1147 3289 aptum.
1180 3229 1249 3269 nom

223 3318 353 3379 consilia
369 3337 477 3399 regum
492 3318 523 3377 in
540 3320 711 3399 precordiis
726 3321 900 3400 sapientum
917 3321 1030 3382 debent
1047 3320 1165 3392 claudi,
1188 3341 1251 3381 non

224 3431 411 3492 uentositate
431 3431 595 3491 stultorum
612 3433 788 3511 propagari.
811 3433 934 3493 sienim
951 3433 1103 3513 gradieris
1118 3451 1187 3492 cum
1203 3451 1254 3491 sa-

223 3542 391 3623 pientibus,
405 3542 530 3621 sapiens
545 3543 703 3615 efficieris,
717 3545 742 3605 si
757 3545 934 3606 uersaberis
946 3563 1016 3604 cum
1030 3543 1139 3614 stultis,
1152 3543 1253 3602 socia·

224 3652 307 3713 beris
322 3651 398 3725 iiiis,
420 3653 537 3716 fatente
552 3654 664 3734 spiritu
678 3664 786 3716 sancto
802 3675 859 3735 per
874 3653 1079 3716 Salomonem.
1105 3658 1135 3710 et
1151 3650 1250 3708 Dauid

224 3765 324 3825 canit:
346 3783 417 3825 cum
437 3773 544 3826 sancto
565 3774 689 3827 sauctus
710 3766 786 3836 en's,
809 3775 840 3826 et
855 3784 925 3826 eum
942 3765 1009 3826 uiro
1023 3763 1189 3822 innocente
1204 3761 1252 3820 in·

225 3895 344 3938 nocens
365 3877 443 3948 eris,
472 3884 588 3937 etcum
605 3875 706 3938 electo
721 3874 839 3936 electus
854 3874 932 3945 eris,
961 3880 992 3934 et
1007 3889 1077 3931 cum
1098 3889 1252 3950 peruerso

224 3987 428 4069 peruertcris.
449 4004 486 4045 ac
502 3986 675 4066 preterboe
688 3985 839 4069 quidquid
854 3982 1023 4063 uniruique
1037 3982 1162 4061 negocii
1178 4002 1254 4045 con-

225 4094 334 4155 ueniat
347 4092 438 4164 etati,
453 4094 485 4154 io
502 4093 562 4154 boo
577 4115 611 4157 se
626 4104 810 4168 exerceant,
824 4093 942 4157 scilicet
955 4093 1087 4156 iuuenes
1102 4096 1133 4156 in
1149 4097 1255 4168 armis,

224 4212 386 4276 senatores
400 4203 434 4267 in
448 4203 598 4269 conciliis.
621 4205 750 4276 omnino
764 4215 870 4270 tamen
883 4205 1016 4271 iuuenes
1031 4226 1095 4270 non
1110 4217 1183 4272 sunt
1198 4207 1254 4274 de-
