2798 4764
332 388 338 401 .
395 351 429 405 rc
444 349 574 405 roomo
590 350 716 406 mmm
735 329 1003 426 mammilla
1145 333 1210 413 ott

182 512 297 596 quibus
314 513 377 576 boc'
397 513 558 595 subpono
574 510 682 595 qrucic
696 513 779 596 regie
794 512 969 578 iniunctum
982 513 1102 589 iuerat,
1120 512 1211 581 iord·

182 623 263 686 ciam
278 623 421 688 lucerent
436 622 684 706 equiunlentem:
706 625 781 688 licet
794 625 940 689 Comanis
952 625 1031 699 boo,
1053 627 1140 709 quod
1150 644 1211 711 ἀις

184 734 286 818 poteri
302 736 472 808 deberent,
495 735 662 817 plurimum
682 736 873 816 displiceret.
901 737 998 801 etsie
1019 738 1079 819 ipsi
1100 746 1211 820 postes

180 845 251 909 siue
271 848 448 909 offensione
471 844 671 928 cuiusquam,
692 865 765 911 cum
780 849 845 911 suis
858 847 1002 912 tentoriis
1016 847 1142 922 filtreis,
1163 849 1211 913 io·

182 956 307 1030 meotis,
327 956 509 1038 pecoribus,
531 965 648 1020 terrem
662 977 794 1021 uocuom
809 957 973 1040 liunqarie
991 958 1211 1039 peragrabat

182 1077 298 1130 etcum
313 1077 421 1133 essent
435 1067 524 1132 multi
540 1077 572 1131 et
585 1088 743 1150 pauperes
759 1069 930 1141 intereos,
950 1068 1110 1133 bobeboot
1123 1068 1212 1135 linn-

182 1181 249 1262 qori
263 1181 304 1243 de
318 1180 364 1243 eis
379 1180 469 1262 quasi
485 1196 542 1261 pro
557 1178 655 1241 nihilo
669 1180 862 1253 rorulentos,
882 1188 915 1242 et
929 1178 974 1242 sic
987 1186 1087 1242 stolus
1102 1197 1211 1245 conta

184 1291 283 1372 magis
299 1291 339 1354 od
351 1290 565 1363 commodum,
580 1309 675 1370 quom
686 1287 921 1354 incommodum
930 1299 999 1354 erat
1009 1287 1066 1355 eie.
1086 1307 1212 1353 cescum

183 1402 279 1486 igitur
294 1403 432 1468 debebat
443 1403 476 1464 in
490 1402 552 1464 boc
565 1401 796 1465 moleuoleocie
810 1402 1010 1484 populorum.

266 1622 314 1706 (9)
336 1626 379 1688 De
400 1629 584 1706 responsione
607 1629 647 1688 od
667 1629 824 1690 secundm
844 1629 905 1690 odii
926 1649 1056 1691 mosum.
1097 1625 1131 1691 Si
1144 1646 1212 1702 ron,

183 1745 305 1801 mortuo
327 1737 468 1819 genitore
489 1737 665 1819 suscipiens
688 1739 899 1822 gubernaculo
920 1740 1012 1822 regni
1031 1738 1095 1812 eui,
1115 1757 1213 1821 qom-

182 1850 256 1911 dom
275 1849 316 1912 de
338 1848 510 1913 maioribus
533 1850 608 1913 fecit
628 1852 846 1932 questionibus
864 1850 978 1917 subdet
992 1860 1025 1914 et
1037 1847 1213 1924 torment'm,

183 1980 260 2022 eone
283 1959 396 2023 mentis
418 1981 481 2023 non
504 1962 600 2025 debet
620 1961 732 2045 aliquis
755 1963 914 2027 odmirari.
934 1961 1213 2031 nomiidemintot

183 2072 287 2152 ipsum
311 2090 419 2152 regem
440 2080 472 2134 et
489 2081 609 2153 patrem
625 2074 693 2136 eius
706 2073 812 2154 sepius
826 2074 1020 2137 sedicionem
1036 2082 1067 2136 et
1080 2072 1213 2139 sconde-

183 2182 248 2244 lum
267 2192 533 2264 procuruuerunt,
554 2184 596 2246 itu
610 2185 696 2265 quod
710 2184 783 2247 hinc
796 2185 871 2248 inde
885 2185 992 2266 sepius
1006 2182 1122 2245 milicia
1136 2202 1213 2251 oon·

186 2302 332 2375 gregata,
355 2293 503 2358 dimicare
518 2295 559 2357 od
574 2294 710 2357 inuicem
725 2295 902 2367 uoluerunt,
923 2296 981 2357 nisi
997 2301 1212 2375 pertenentes

184 2407 324 2470 medium
346 2406 522 2479 intereos,
543 2415 648 2469 essent
657 2407 748 2486 pacis
762 2405 872 2467 federa
886 2404 1067 2466 reformate.
1095 2411 1213 2469 cumol

183 2519 252 2598 ipse
265 2538 321 2580 rex
336 2518 377 2579 od
390 2517 487 2598 petris
502 2518 620 2579 curiam
635 2516 824 2589 accedebat,
843 2514 940 2577 iidem
961 2515 994 2576 in
1010 2514 1098 2577 nullo
1112 2515 1142 2578 ei
1156 2533 1214 2599 po·

185 2631 266 2693 nitus
282 2630 482 2702 deserebant,
502 2631 599 2692 immo
613 2629 822 2692 debonestare
841 2627 944 2709 ipsum
958 2627 1065 2692 uerbis
1079 2637 1111 2692 et
1121 2627 1213 2693 focus

184 2740 217 2804 in
240 2749 391 2824 quantum
414 2749 560 2822 poterant
581 2739 770 2802 nitebantur.
798 2741 885 2821 quod
903 2740 1000 2803 celeri
1021 2760 1085 2803 non
1099 2747 1214 2822 potul.

186 2861 217 2914 et
234 2860 344 2915 contre
359 2852 454 2913 uitem
469 2852 563 2932 putris
578 2860 610 2914 et
622 2849 759 2914 liliorum
779 2851 927 2934 nequiter
939 2850 1213 2934 conopionem

185 2973 226 3030 ut,
242 2964 302 3026 illis
325 2962 431 3044 gladio
452 2962 643 3036 intercutis,
663 2963 786 3028 iecilius
803 2964 936 3046 quilibet
950 2974 1058 3047 poscet
1071 2966 1111 3031 do
1125 2965 1215 3029 Hun-

184 3075 286 3157 qorio,
314 3093 409 3157 quem
433 3075 492 3139 sibi
516 3094 574 3155 per
594 3084 701 3155 portes
724 3075 914 3149 diuiserunt,
942 3077 1127 3158 porcionem
1153 3074 1214 3142 nbi

187 3187 338 3259 debitum,
359 3187 427 3250 eine
442 3185 628 3251 condicione
642 3187 811 3251 cuiuslibet
824 3187 979 3250 obtinere.
1007 3197 1125 3250 etcum
1139 3205 1215 3251 oon·

187 3305 278 3377 cepto
298 3298 466 3380 nequirent
485 3297 611 3361 effectui
629 3297 830 3379 mancipare,
849 3296 934 3361 eliud
949 3296 1083 3378 nequius
1096 3296 1216 3377 cogito·

187 3415 271 3469 ruot.
290 3407 364 3475 duci
378 3409 501 3472 bustric
523 3409 641 3471 litteras
660 3427 733 3471 curn
753 3407 847 3470 certis
865 3407 964 3487 protis
979 3415 1010 3470 ct
1023 3406 1216 3471 condicion‘·

188 3517 246 3579 bus
262 3518 462 3593 destinand03
485 3519 612 3581 domino
627 3519 650 3579 F
653 3517 797 3581 rederico
809 3519 1020 3581 llomonorum
1032 3515 1216 3598 imponloti

187 3650 334 3693 coronam
350 3632 438 3713 regni
454 3640 486 3694 ct
499 3629 692 3712 liungorinm
709 3631 785 3692 dare
801 3629 1033 3711 promittebant.
1058 3629 1120 3692 Sed
1136 3649 1216 3693 nun·

188 3743 255 3807 cius
269 3744 301 3804 in
316 3743 369 3807 uia
383 3754 503 3826 captos,
524 3745 591 3826 regi
606 3742 667 3807 tuit
679 3762 751 3804 cum
765 3741 876 3805 littorio
889 3748 1109 3823 prestentotuo.
1130 3740 1215 3804 unde

187 3856 404 3919 conseruando
419 3854 506 3937 ipsos
520 3856 561 3917 od
575 3855 690 3928 uitem,
709 3853 937 3928 misericordie,
958 3872 1020 3936 qoe
1032 3852 1217 3936 superciol-

187 3972 230 4029 tet
252 3966 420 4040 iudicium,
445 3986 521 4031 usus
543 3975 594 4029 est
612 3975 723 4029 contra
743 3985 811 4033 eos.
846 3965 880 4031 Si
904 3985 981 4031 uero
1002 3966 1110 4031 stetuit
1129 3963 1217 4051 qnod

188 4086 271 4152 torre
290 4077 382 4141 molis
399 4076 581 4143 bominibur
601 4086 791 4159 purgaretur
811 4097 909 4162 quom
925 4078 1120 4161 iniquitatem
1139 4094 1217 4141 cm·

185 4190 266 4265 dcet
284 4190 350 4255 boc
366 4194 539 4263 mutuet
564 4190 1013 4275 dudeobuomunoremeri
1028 4187 1216 4273 booritqn
1328 4250 1335 4261 .
