2798 4764
379 359 555 406 monnau
576 357 700 403 cmm
720 355 905 404 nonanus
933 335 1012 423 (tot
1147 340 1211 413 ΞΒ

178 512 419 580 ordinauerunt
438 511 583 574 focerunt
597 516 703 572 autem
716 508 821 571 laruas
835 517 867 572 ot
881 518 1021 573 monstra
1032 530 1127 593 qnam
1141 511 1212 594 pln-

178 627 272 698 rima,
294 643 332 686 ea
350 643 446 706 super
466 641 566 704 equos
586 640 721 695 uacuos,
751 628 899 702 tanquam
921 620 948 684 si
968 630 1076 686 essent
1095 623 1211 689 milites

179 737 366 808 ordinando,
388 743 420 798 et
442 753 543 816 equos
561 733 647 806 illos,
668 733 726 795 sub
740 732 878 815 quodam
893 733 1081 806 monticulo,
1100 733 1211 815 pancio

178 869 249 912 com
270 848 316 912 eis
337 847 455 910 relictis
477 846 698 919 seruientibus,
726 845 911 907 dimiserunt
937 844 1121 908 mandantes
1149 846 1211 910 eis·

179 962 267 1035 dom,
285 968 319 1022 ut
332 979 404 1022 cum
419 960 480 1041 ipsi
495 978 567 1023 cum
579 957 736 1039 Hungaris
752 957 992 1039 ingrederentur
1006 955 1046 1019 ad
1060 975 1210 1037 pugnam,
1316 1037 1325 1054 ,

177 1073 237 1156 ipsi
251 1071 375 1135 exirent
394 1071 462 1132 acie
478 1070 640 1142 ordinata,
665 1079 696 1132 ot
710 1067 861 1150 paulatim
875 1069 1084 1150 procederent
1098 1087 1210 1131 uersus

179 1202 246 1247 eos.
267 1191 299 1246 et
319 1181 380 1264 ipsi
401 1182 433 1242 in
448 1180 581 1262 planicie
596 1180 763 1261 Hungaros
787 1179 1005 1261 expectabant.
1026 1180 1140 1263 quibus
1153 1180 1211 1244 ad·

179 1292 391 1364 uenientibus,
415 1291 503 1353 boch
517 1310 641 1364 comes,
663 1298 695 1352 et
710 1291 837 1372 quidam
853 1288 924 1363 alii,
948 1290 1003 1372 qui
1018 1291 1057 1354 de
1072 1290 1210 1354 meliori·

178 1405 239 1471 bus
259 1403 409 1467 militibus
424 1403 585 1484 Hunqarie
606 1402 806 1483 putabantur,
827 1403 882 1482 qui
902 1421 973 1463 cum
988 1403 1139 1484 episcopo
1152 1421 1211 1465 uo·

178 1522 300 1588 nerant,
321 1514 396 1595 ipsis
412 1513 497 1586 uisis,
518 1512 649 1575 habenis
664 1532 818 1595 equorum
834 1512 981 1586 dimissis,
1005 1532 1208 1595 congressum

178 1625 356 1690 babuerunt
369 1625 572 1688 durissimum
588 1645 658 1687 cum
673 1625 802 1687 eisdem.
835 1634 951 1688 etcum
966 1632 1073 1688 essent
1087 1625 1211 1689 Tartari

179 1755 311 1799 numero
325 1735 503 1817 pauciores,
525 1744 612 1819 terga
627 1737 674 1798 cis
689 1737 764 1800 dare
778 1736 945 1819 fingentes,
969 1758 1079 1801 uersus
1093 1738 1210 1802 monti·

179 1847 284 1913 culum
298 1849 502 1911 retrocedere
517 1847 712 1929 inceperunt.
734 1856 766 1912 et
777 1850 852 1912 dum
863 1850 922 1932 ipsi
933 1869 1004 1912 cum
1016 1850 1110 1912 laruis
1121 1850 1210 1914 exie·

179 1969 252 2035 runt
276 1959 335 2021 sub
359 1967 484 2033 monte,
513 1967 561 2032 et,
590 1967 625 2023 ut
650 1960 828 2023 condictum
855 1970 938 2036 erat,
959 1961 1028 2025 acie
1054 1962 1209 2025 ordinata.

179 2070 319 2151 llungari
333 2069 394 2131 boc
406 2069 559 2143 uidentes,
573 2077 606 2132 ct
617 2071 783 2151 opinantes
796 2073 841 2134 eis
856 2073 985 2136 insidias
998 2073 1108 2146 tactas,
1121 2082 1211 2156 terga

180 2181 353 2256 dederunt,
374 2189 406 2243 et
420 2181 526 2263 fugam
541 2181 692 2244 uelociter
705 2183 852 2245 inierunt
878 2184 1001 2245 Tartari
1015 2191 1120 2245 autem
1134 2202 1210 2246 mox

179 2293 212 2354 in
226 2292 296 2356 illos
312 2294 472 2367 conuersi,
496 2290 566 2355 illos
589 2294 810 2376 sequebantur,
836 2295 964 2357 cosdem
979 2294 1210 2376 prosternendo

181 2411 214 2467 ot
225 2403 454 2479 interficiendo,
474 2411 569 2486 prout
587 2405 721 2488 nequius
744 2403 945 2468 crudelitates
961 2411 1105 2487 poterant
1116 2422 1210 2467 exer·

180 2534 263 2579 cere.
295 2516 463 2598 episcopus
483 2522 588 2578 autem
609 2536 680 2578 cum
702 2516 809 2597 paucis
830 2535 976 2578 reuersus
997 2523 1046 2579 cst
1063 2513 1210 2578 Waradi·

180 2647 274 2703 num,
295 2635 327 2690 et
341 2627 535 2710 aliquantula
552 2646 642 2689 mora
663 2607 759 2702 sacta,
781 2627 919 2692 collectis
934 2627 1091 2711 aliquibus
1105 2624 1211 2692 militi·

180 2737 251 2814 bus,
271 2738 414 2801 transiuit
426 2737 605 2800 Danubium
620 2747 652 2801 et
665 2738 776 2801 euasit.

263 2960 328 3045 (28)
350 2963 394 3025 De
407 2965 517 3044 infelici
539 2966 609 3027 bello
631 2966 706 3044 repis
720 2964 787 3027 liele
808 2984 873 3026 cum
888 2964 1023 3028 Tortoric
1043 2968 1207 3030 commisce·

182 3074 323 3158 Cumque
339 3096 412 3149 rex,
433 3084 468 3139 ut
482 3077 599 3139 dictum
615 3085 679 3151 ost,
701 3096 848 3159 egressus
863 3077 902 3140 do
917 3078 992 3141 uilla
1005 3079 1114 3152 Pestb‚
1135 3096 1210 3160 pro·

182 3188 366 3269 graderetur
392 3196 500 3251 contra
518 3190 663 3252 Tartaros
689 3208 760 3251 cum
783 3188 980 3253 multitudine
1001 3199 1208 3264 armatorum,

180 3295 226 3360 illi
247 3298 286 3363 de
301 3298 570 3362 combustionibus
592 3298 738 3363 uillarum
759 3301 896 3372 reuersi,
917 3308 949 3363 et
962 3300 1066 3363 subito
1082 3298 1209 3362 insimul

183 3411 382 3491 congregati,
404 3412 576 3492 peruiam,
597 3430 764 3493 perquam
778 3418 949 3484 uenerant,
971 3411 1154 3475 retroibant.
1176 3418 1211 3476 et
1243 3489 1244 3492 Ἴ

181 3519 262 3583 sicut
282 3520 334 3583 isti
353 3521 501 3603 paulatim
523 3521 794 3604 persequebantur
808 3521 952 3595 eosdem,
972 3521 1018 3585 sio
1033 3519 1123 3585 atilli
1140 3528 1209 3587 tur·

180 3640 246 3695 tum
262 3642 334 3696 ante
348 3633 434 3716 ipsos
449 3654 484 3698 so
499 3634 610 3716 iugero
624 3632 820 3696 simulabant.
853 3640 970 3695 etcum
990 3634 1030 3696 ad
1049 3635 1209 3718 quandam

181 3764 306 3829 aquam,
326 3766 388 3828 que
400 3746 483 3828 Sayo
499 3746 623 3820 dicitur,
641 3754 674 3809 et
688 3766 751 3808 non
765 3745 896 3809 multum
909 3746 1004 3830 longo
1016 3748 1056 3812 de
1066 3749 1210 3832 Agriani

181 3857 306 3923 ciuitate
320 3857 398 3932 lluit,
415 3867 446 3922 et
456 3857 553 3922 intrat
565 3857 693 3932 Ticiam,
707 3856 937 3946 peruenissent,
950 3869 1023 3942 post
1032 3879 1114 3942 aque
1125 3867 1210 3924 ban·

179 3967 289 4044 situm,
311 3969 367 4051 qui
381 3967 478 4033 tiebat
490 3990 547 4055 per
562 3978 704 4054 pontem,
725 3976 829 4034 casua
843 3971 949 4037 metati
962 3957 1049 4048 sunt,
1069 3979 1103 4037 et
1114 3979 1211 4039 stete-

179 4090 261 4159 runt,
274 4090 431 4166 ponentes
441 4083 475 4148 in
484 4090 580 4169 ponte
591 4082 748 4159 custodes,
761 4084 817 4171 qui
826 4087 926 4151 noctis
936 4086 1061 4172 uigilias
1071 4084 1219 4166 custodis

179 4200 261 4268 rent·
283 4194 407 4268 Tartari
419 4195 547 4288 quiden
560 4196 810 4289 postumatum
823 4198 1113 4368 elmderppclndis,
1128 4197 1211 4265 dm
