2798 4764
363 329 495 379 sannam
516 333 549 379 ιι.
572 332 660 381 necis
683 334 849 381 arenarum
867 336 905 383 ιι.
946 316 1038 405 ISIII.
1153 316 1214 385 tot

268 485 336 548 xtt.
379 484 514 550 Comites
529 487 713 569 parochiani
728 491 838 571 predia
852 490 1063 555 seruiencium
1079 499 1110 554 ot
1123 490 1216 569 uillas

186 596 390 660 ecclesiarum
410 618 474 659 non
496 599 678 675 discutiant,
699 600 758 663 nisi
777 599 808 662 in
824 620 918 663 causa
939 610 1066 665 monete
1083 609 1115 665 et
1130 600 1215 666 decl·

187 727 319 772 marum.

269 820 351 883 XIII.
393 821 532 886 Curiales
544 825 673 888 comites
688 824 870 907 parochiani
887 823 1004 887 nullum
1016 825 1140 906 penitus
1151 826 1216 889 dis·

188 932 321 1006 cutianl,
342 933 402 995 nisi
424 934 557 1016 populos
576 935 669 998 castri
690 934 748 999 sui.
783 935 887 1009 iures,
907 935 1045 998 latrones
1064 955 1122 1019 per
1136 936 1214 1001 nilo-

187 1044 263 1107 chos
282 1044 405 1126 regales
424 1047 645 1121 discuciantur,
673 1057 745 1111 unte
770 1048 867 1130 pedes
889 1056 992 1111 tamen
1012 1046 1133 1111 comitis
1156 1068 1215 1131 po·

192 1154 268 1238 puli.

270 1267 352 1330 XIV.
395 1268 554 1333 Coniurati
577 1271 662 1334 iures
676 1271 840 1335 nominare
856 1290 919 1334 non
938 1272 1074 1354 possint,
1095 1292 1134 1336 ne
1155 1291 1214 1356 per

187 1380 247 1444 hoc
262 1380 414 1444 innocens
430 1382 575 1465 popellus
596 1385 800 1466 opprimatur.

269 1493 337 1555 XV.
380 1494 475 1557 Nobis
489 1494 674 1559 iacientibus
690 1496 862 1560 exercitum
877 1505 962 1561 extra
977 1517 1109 1580 regnum
1123 1494 1214 1559 nubi·

184 1604 231 1667 Ies
244 1605 406 1668 uobiscum
422 1607 467 1669 ire
479 1627 542 1668 non
556 1616 730 1681 teneantur,
744 1607 805 1671 nisi
819 1608 949 1671 counitos
965 1617 997 1671 et
1009 1604 1214 1690 stipendiarii,

186 1726 217 1780 et
237 1718 442 1800 iobbagiones
465 1718 558 1781 castri
581 1729 613 1782 et
631 1720 684 1802 qui
700 1740 741 1783 ex
762 1719 867 1782 officio
883 1721 988 1784 debito
1004 1729 1160 1796 teneatur,
1181 1728 1214 1785 et

185 1827 300 1910 quibus
313 1833 432 1910 amplas
448 1831 660 1892 concessimus
679 1831 905 1912 possessiones.

266 1937 348 2000 xt't.
389 1939 420 2001 Si
441 1959 520 2001 uero
542 1941 698 2003 exercitus
720 1961 817 2024 super
832 1963 964 2025 regnum
986 1943 1123 2016 uenerit,
1142 1940 1214 2007 uni·

184 2050 268 2113 uersi
288 2058 320 2113 et
340 2050 455 2131 singuli
474 2051 513 2112 ad
536 2051 754 2114 defensionem
774 2053 871 2134 patrie
888 2060 997 2116 contra
1018 2053 1162 2114 inimicus
1175 2070 1212 2117 so

184 2179 345 2242 opponere
359 2169 534 2224 teneantur.
556 2181 701 2245 regresso
712 2163 956 2245 superueniente
970 2163 1060 2226 hoste
1072 2184 1129 2245 pro
1141 2161 1212 2225 uia·

184 2271 266 2335 dicta
280 2275 364 2355 ipsos
381 2282 526 2336 tenentur
540 2275 697 2356 persequi·

266 2385 361 2447 XVII.
403 2385 561 2447 Palatinus
587 2407 664 2448 uero
689 2405 799 2448 omnes
829 2386 973 2450 homines
994 2385 1211 2449 indifferenter

183 2496 350 2569 discuciat,
381 2506 487 2579 preter
513 2517 662 2579 personas
691 2496 919 2561 ecclesiasticas
944 2506 976 2562 ct
1000 2497 1144 2571 clericos,
1178 2504 1211 2561 et

183 2620 287 2692 preter
302 2629 411 2673 causas
426 2608 671 2672 matrimoniales
687 2620 718 2672 et
729 2610 818 2673 dotes
834 2619 866 2672 et
879 2608 955 2672 alias
970 2608 1211 2685 ecclesiasticas,

182 2741 370 2804 quacunque
397 2720 526 2784 racione
554 2720 702 2784 uidentur
731 2720 773 2783 nd
800 2720 1048 2785 ecclesiasticum
1077 2738 1210 2785 examen

182 2834 351 2914 pertinere.

265 2945 374 3007 xvut.
415 2945 516 3009 Causa
537 2945 688 3008 nobilium
710 2965 773 3029 que
798 2946 838 3010 ad
863 2945 1076 3030 perdicionem
1098 2945 1209 3029 capide

182 3065 236 3120 aut
250 3057 494 3120 destructionem
509 3059 743 3140 possessionum
760 3060 933 3123 eorundem
949 3059 1118 3140 pertineat,
1138 3056 1208 3121 sine

181 3168 380 3231 consciencia
393 3171 477 3251 regis
493 3191 548 3253 per
563 3170 665 3233 nullos
679 3169 801 3233 iudices
813 3169 1032 3232 terminentur.

265 3280 350 3341 xlx.
391 3278 549 3345 Polaticus
563 3281 683 3344 iudices
699 3278 833 3343 uicarios
847 3299 911 3343 non
926 3278 1050 3352 hebeat,
1065 3276 1124 3340 nisi
1137 3274 1208 3339 uui·

182 3411 252 3453 cum
274 3390 306 3452 in
328 3391 414 3454 curia
434 3412 501 3453 sua.
529 3400 560 3454 et
581 3398 693 3453 caueat
712 3390 877 3472 diiigenter
891 3409 931 3453 ne
951 3398 1061 3452 contra
1073 3405 1207 3470 presens

180 3510 327 3565 statutum
342 3503 478 3586 aliquem
492 3503 609 3565 iudicet
624 3501 674 3564 uel
689 3501 885 3565 condemnet.

264 3614 334 3675 XX.
377 3612 508 3675 Curialis
524 3632 630 3675 comes
645 3620 763 3687 noster,
780 3613 855 3674 dnm
870 3611 902 3673 in
918 3608 1005 3674 cirria
1020 3621 1127 3675 nostra
1140 3632 1208 3679 ms·

181 3734 249 3800 net,
270 3746 380 3789 omnes
402 3723 536 3800 iudicet,
557 3733 727 3788 etecusam
745 3722 921 3787 inchoatam
945 3722 977 3786 iu
999 3731 1105 3787 nostra
1119 3722 1208 3787 curia

180 3838 297 3921 ubique
321 3837 421 3921 possit
445 3836 624 3900 terminare.
651 3835 708 3905 sed
730 3834 867 3897 existens
890 3834 923 3897 in
943 3834 1054 3917 predio
1074 3854 1133 3898 suo
1154 3830 1208 3899 uel

181 3950 255 4012 alibi
269 3959 356 4013 extra
371 3950 489 4013 curiam
503 3956 658 4024 nostram,
679 3966 739 4011 nec
752 3947 829 4011 dare
846 3946 1037 4030 prestaldos,
1057 3965 1116 4010 nec
1131 3964 1207 4031 par-

180 4073 228 4130 tes
242 4063 341 4148 possit
355 4062 443 4128 citari
456 4062 572 4127 lacere.

263 4175 348 4238 xxt.
388 4175 429 4240 Et
442 4174 517 4261 quia
528 4171 618 4239 multi
631 4172 665 4239 in
678 4190 777 4257 regno
791 4170 939 4239 leduntur
951 4190 1011 4257 per
1020 4166 1117 4233 taum
1130 4184 1206 4253 pre·
