2798 4764
373 339 517 386 scurrus
537 338 584 386 sr.
598 336 743 387 usnrmr
762 338 856 388 nors
874 321 993 409 (Η).
1135 322 1205 393 ff

169 491 283 556 Christi
297 497 370 555 suut
383 492 450 555 sine
461 490 593 574 querele
603 493 766 574 querebat.
788 500 917 575 propter
927 494 1043 576 quode
1054 493 1201 579 proptu

167 611 230 667 tete
243 623 350 667 rerum
364 611 397 666 et
410 602 555 678 nominis,
570 604 660 686 qussi
675 612 793 667 mutato
804 605 941 680 nomine,
954 606 993 669 rb
1002 607 1088 670 omni
1101 613 1203 690 gente

166 733 223 778 sua
236 714 308 797 pius
321 734 380 777 rex
392 715 575 778 uocabatur.

249 935 296 1020 (5)
317 934 396 1000 Cum
417 937 523 1020 tuque
545 937 614 1020 ipse
634 939 705 1022 pius
720 960 776 1003 rex
791 948 893 1012 esset,
914 947 1053 1002 armatus
1072 938 1202 1004 humid-

168 1056 249 1125 tete,
268 1058 383 1132 puteus
404 1049 537 1131 pietate,
558 1052 727 1133 precipuus
747 1059 852 1113 tamen
867 1059 935 1113 eret
947 1049 1101 1132 largitate.
1129 1066 1201 1115 um-
1314 1092 1317 1097 -

169 1180 226 1225 nes
241 1160 325 1224 enim
341 1160 474 1224 ecclesie
489 1169 520 1223 et
533 1163 723 1225 monasterie
744 1162 878 1244 regalia,
899 1163 967 1225 siue
989 1162 1029 1224 nb
1042 1181 1097 1237 eo,
1127 1162 1198 1227 siue

169 1291 391 1355 uquocunque
407 1271 468 1335 ulio
483 1271 622 1347 fundata,
638 1273 819 1337 elemosinis
829 1274 898 1336 eius
908 1283 982 1336 sunt
995 1272 1198 1354 locupletstn.

169 1381 255 1447 unde
277 1383 389 1446 meritc
413 1402 513 1465 usque
541 1383 574 1445 in
598 1383 788 1446 hodiernum
813 1382 896 1446 diem
916 1384 1104 1448 elemosinas
1129 1384 1199 1449 eius

170 1500 296 1558 enrrrsl
318 1495 419 1557 omnis
438 1494 573 1558 ecclesie
594 1496 797 1578 Ungarorurn.
833 1496 977 1578 duosque
999 1499 1201 1578 episcopatu

169 1605 326 1669 ordinauit
338 1615 371 1669 et
384 1605 472 1689 regie
485 1605 629 1689 largitate
643 1606 856 1689 locupletnuit.
878 1616 947 1670 erat
962 1608 1048 1671 eninr
1062 1624 1205 1690 mugnus

169 1725 201 1780 et
220 1715 404 1790 munificus,
423 1718 596 1780 secuudum
615 1737 731 1781 nornen
751 1739 844 1782 suum
865 1717 1045 1801 gloriosum.
1070 1717 1200 1783 ieiuniis

171 1837 203 1892 el
219 1827 418 1891 oracionibus
437 1829 552 1912 ingiter
569 1829 743 1893 insistebat.
769 1838 897 1912 peccate
919 1829 1027 1912 populi
1045 1829 1093 1892 sui
1107 1829 1198 1912 plun-

170 1941 280 2023 gebut‚
301 1949 333 2002 et
346 1940 378 2001 in
393 1959 447 2004 ern
461 1941 564 2004 cordis
579 1942 782 2023 semetipsum
797 1941 857 2005 deo
870 1941 1005 2004 hostiam
1027 1943 1134 2003 uiuum
1148 1940 1200 2010 ol·

170 2051 302 2115 ferebat
330 2052 457 2133 quodsi
472 2053 634 2115 nocturnis
653 2052 767 2136 uigiliis
785 2062 818 2117 et
835 2052 1056 2134 prolixioribus
1072 2053 1197 2116 oresio-

170 2162 261 2226 uibus
284 2165 389 2245 ipsum
413 2163 534 2246 fatigari
560 2164 758 2246 contigisset,
789 2184 853 2226 nou
878 2163 1045 2228 delicatum
1070 2163 1199 2229 tuorum

170 2275 348 2356 repetebat,
369 2276 425 2337 sed
440 2276 471 2337 in
487 2276 611 2339 exedris
626 2276 830 2339 ecclesiarum
851 2274 1013 2358 paululum
1032 2276 1199 2357 pnusebet.

171 2386 306 2467 quedam
335 2384 491 2467 siquidem
516 2394 608 2448 nocte
633 2386 855 2449 monesterium
880 2386 1087 2449 Wnrediense
1109 2386 1203 2451 intr

171 2497 431 2559 consuetudinem
453 2496 548 2569 subiit
568 2505 601 2560 ut
623 2505 744 2570 oraret,
765 2496 880 2559 fuctum
894 2504 944 2561 est
957 2504 1061 2560 sutem
1076 2496 1202 2560 dumiu

172 2608 318 2671 orscione
341 2607 463 2672 diucius
483 2616 676 2682 moraretur,
705 2607 916 2671 cubicularius
938 2608 1021 2682 eius,
1041 2607 1095 2691 qui
1119 2606 1199 2678 ioth

171 2738 244 2782 eum
264 2718 349 2783 solus
371 2720 575 2802 expectsbrt,
595 2739 652 2802 pre
666 2719 764 2782 nimis
776 2738 866 2783 more
880 2720 967 2783 tedio
982 2720 1113 2783 effectus
1128 2736 1202 2783 snus

170 2831 251 2894 rexit
274 2839 306 2896 et
330 2833 529 2914 introspexit,
558 2832 701 2914 uiditque
723 2830 883 2895 dominum
907 2848 999 2896 suurn
1023 2830 1208 2916 glorificens.

172 2960 302 3023 corpore
324 2942 506 3005 mirabiliter
520 2942 551 3004 in
566 2960 641 3005 rere
654 2942 871 3018 subleuntum,
892 2963 986 3026 quern
1006 2943 1133 3007 beatum
1150 2942 1206 3007 ui*

171 3071 257 3128 rum,
278 3053 423 3136 quumms
444 3052 548 3118 sdbue
562 3054 595 3116 in
610 3071 705 3117 cerne
720 3054 939 3129 constitutum,
961 3072 1076 3118 cernes
1099 3053 1200 3119 moles

170 3184 234 3230 non
257 3169 438 3250 premebat,
457 3168 516 3232 ssd
541 3168 740 3251 prerogntlun
763 3138 946 3232 meritorum
969 3169 1010 3231 sd
1033 3165 1201 3233 consuete

171 3295 378 3361 supernorum
392 3278 509 3342 ciuium
521 3279 718 3343 subleurbst.

255 3497 300 3583 (d)
320 3503 394 3568 Post
411 3503 472 3567 boc
489 3503 657 3567 latrunculi
672 3502 884 3586 Byssenoruru
904 3497 1041 3562 confinis
1058 3497 1203 3581 Ungern-

171 3631 241 3678 rum
255 3613 451 3698 irruperunt,
466 3623 498 3679 et
510 3614 575 3678 illie
590 3615 675 3678 uiros
690 3633 727 3677 sc
741 3612 889 3677 mulieres
904 3610 1046 3694 erpuuor
1060 3610 1204 3678 meurs»

171 3733 252 3790 runt
281 3746 361 3810 quos
382 3727 450 3810 ipse
469 3745 540 3790 curu
554 3725 695 3789 exercitu
709 3739 923 3807 persequens,
942 3722 1031 3785 uenit
1043 3722 1077 3785 iu
1090 3716 1203 3787 sottu-

172 3837 276 3903 dinem
292 3858 453 3923 msgnem,
475 3856 533 3902 neo
551 3836 709 3902 hebebant
723 3836 811 3921 quod
822 3834 1059 3899 mrudncment.
1079 3840 1112 3899 st
1124 3826 1205 3899 Μ

170 3949 253 4015 fame
271 3951 503 4034 periclitaretur
514 3951 690 4025 exercitus,
710 3947 839 4015 annuus
853 3955 904 4013 est
914 3948 983 4031 lpse
995 3961 1141 4014 morsm
1158 3945 1207 4011 eb

171 4063 235 4140 eu,
256 4073 289 4130 er
311 4063 346 4127 tn
371 4064 523 4130 uranon
545 4041 721 4147 procursus
744 4061 933 4144 ruptor-nu
955 4059 1205 4125 messorum

172 4171 242 4253 dei,
263 4182 299 4240 ut
310 4175 366 4260 qni
380 4174 542 4260 quondm
554 4172 637 4239 filios
652 4166 772 4240 uranu
784 4188 902 4239 menne
912 4171 1026 4256 passu
1039 4169 1206 4244 muntem,
