2798 4764
221 328 282 397 h88
324 346 412 397 rrae
432 347 477 395 rr,
492 346 584 392 nors
608 346 812 393 corerrrorro
832 347 873 392 or
896 345 1032 392 oacrurs.
1062 328 1153 392 1255.

220 519 345 582 perse,
366 499 392 563 si
413 499 585 572 noluerint,
606 499 658 561 uel
679 518 844 580 persuum
866 499 1062 561 sacerdotem
1090 506 1143 560 aut
1166 497 1257 559 cieri·

222 629 304 672 oum.

303 721 364 795 (3)
387 722 434 783 Ad
448 719 509 782 hoc
525 720 737 783 archidiaconi
752 741 824 785 cum
847 721 974 783 uisitant
996 720 1175 801 parochiam
1198 741 1256 785 sex

222 833 406 914 equitaturis
420 832 482 894 sint
497 832 651 905 contenti,
667 830 765 894 semel
778 834 810 893 in
826 852 908 894 anno
924 833 1076 912 recipiant
1092 841 1122 893 et
1137 833 1256 895 medie·

221 952 315 1007 tatem
331 944 413 1015 eius,
435 944 521 1024 quod
542 962 598 1024 pro
614 943 824 1005 cathedratico
848 945 991 1026 recipere
1011 953 1255 1016 consueuerant,

222 1064 284 1118 tam
305 1056 345 1116 de
370 1054 498 1116 matrice
521 1054 656 1117 ecclesia
676 1075 769 1136 quam
789 1054 908 1136 capella
931 1055 1102 1136 recipiant,
1139 1063 1169 1116 et
1191 1075 1254 1117 non

221 1167 305 1229 nitra
325 1168 365 1227 ah
385 1186 440 1239 eo,
462 1186 557 1248 aquo
571 1175 797 1248 procurantur:
819 1167 937 1229 scilicet
954 1168 992 1228 de
1008 1166 1137 1228 matrice
1153 1167 1254 1228 eccle-

221 1278 267 1341 sia
282 1278 445 1340 dimidium
466 1277 638 1350 fertonem,
661 1286 692 1340 et
708 1279 748 1339 de
764 1278 884 1362 capelia
906 1279 963 1340 tria
977 1279 1129 1360 pondera.
1159 1279 1198 1339 ah
1214 1299 1253 1340 eo

221 1401 344 1463 autem,
367 1410 463 1472 aquo
479 1391 737 1471 procuracionem
751 1390 924 1471 recipiunt,
947 1390 1192 1452 cathedraticum
1207 1391 1254 1451 in-

221 1510 309 1584 tegre
332 1502 506 1584 percipiant
526 1503 698 1563 secundum
715 1502 919 1583 quantitatem
940 1509 1110 1581 pretactam
1123 1544 1252 1561 .......

222 1612 362 1674 ecclesiis
386 1613 600 1685 restituantur,
622 1612 661 1673 ad
681 1631 753 1673 suas
776 1610 923 1673 ecclesias
945 1619 976 1673 et
993 1610 1146 1672 beneficia
1167 1611 1252 1690 prius

222 1725 360 1787 obtenta.
389 1725 503 1785 damna
519 1724 619 1786 eciam
642 1722 715 1785 hinc
735 1723 808 1784 inde
829 1722 913 1785 iliata
931 1723 1128 1784 decreuimus
1145 1730 1252 1784 mutue

221 1835 419 1896 remittenda.

305 1946 367 2022 (h)
389 1946 436 2007 Ad
463 1945 522 2007 hec
544 1954 579 2007 ut
601 1945 742 2026 predicta
767 1946 871 2008 omnia
894 1944 1011 2007 firmius
1036 1946 1253 2017 ohseruentur,

220 2057 337 2142 placuit
361 2058 514 2138 partibus,
542 2065 574 2119 et
594 2077 652 2119 nos
674 2058 876 2119 assumsimus
903 2076 959 2137 pro
981 2058 1065 2119 hono
1087 2057 1192 2138 pacis,
1219 2065 1253 2119 ut

220 2179 338 2252 partem
360 2171 582 2232 obseruantem
604 2170 807 2250 prescriptam
829 2168 1064 2230 ordinacionem
1085 2187 1253 2230 conserue-

222 2304 290 2347 mus
304 2284 336 2345 in
351 2303 408 2345 suo
423 2281 490 2343 iure
506 2290 615 2345 contra
629 2281 757 2344 aiteram
773 2282 943 2345 obseruare
963 2300 1027 2342 non
1042 2280 1211 2342 uolentem.

303 2395 362 2469 (5)
384 2392 561 2455 Adiecimus
576 2393 691 2465 eciam,
703 2393 788 2473 quod
805 2400 908 2472 partes
924 2400 1095 2473 spontanea
1111 2398 1142 2453 et
1156 2391 1252 2454 ultro·

221 2525 283 2568 nea
302 2503 463 2566 uoluntate
484 2502 751 2564 renunciauerunt
772 2502 927 2582 prioribus
954 2501 1065 2564 litteris
1087 2510 1117 2564 et
1138 2502 1252 2565 iustru-

222 2618 349 2689 mentis,
371 2616 438 2676 siue
462 2615 501 2676 de
522 2613 598 2676 sede
621 2612 793 2693 apostolica
811 2614 863 2675 uei
884 2614 1085 2694 undicunque
1108 2614 1252 2687 obtentis,

222 2747 317 2807 super
339 2726 399 2787 hoc
422 2725 503 2787 sacto
528 2725 591 2787 fide
614 2725 687 2786 data
706 2725 921 2806 promittentes
942 2724 974 2785 in
996 2733 1117 2786 nostras
1140 2744 1249 2785 manus

222 2858 260 2900 ea
274 2839 395 2917 integre
410 2839 588 2917 resignare,
610 2845 641 2898 et
655 2836 759 2917 siqua
774 2855 814 2897 ex
835 2835 893 2896 iilis
917 2835 1011 2898 modo
1033 2834 1137 2915 aiiquo
1152 2854 1250 2916 penes

221 2949 399 3034 quempiam
422 2956 635 3022 remanerent,
657 2967 746 3010 cassa
766 2955 873 3011 essent
893 2957 925 3011 et
948 2947 1068 3009 inutilia
1092 2956 1125 3010 et
1148 2946 1249 3008 nullas

220 3063 345 3145 penitus
360 3061 444 3123 uires
457 3059 611 3122 habitura.

302 3174 413 3234 Datum
429 3180 460 3233 et
473 3179 574 3232 actum
589 3171 622 3233 iu
637 3171 750 3234 Vaska.
771 3192 855 3236 anno
870 3171 989 3235 domini
1005 3170 1169 3234 millesimo
1191 3171 1249 3232 du-

221 3284 391 3349 centesimo
414 3280 672 3364 quinquagesimo
688 3283 805 3364 quinto.
