2798 4764
192 326 255 397 m
376 342 846 405 arammanorsnrcmrnn
867 343 902 389 u.
944 322 1035 397 12³1.

192 520 304 569 neum
329 500 564 577 administrent,
594 499 768 563 secundum
789 497 864 561 uille
883 497 1025 581 ipsorum
1045 496 1223 560 incremen-

192 621 270 679 tum.

225 769 230 779 ·
267 727 335 802 (8)
349 727 498 789 Pretarea
509 725 666 807 quandam
682 733 799 789 terram
810 742 921 787 eornm
936 730 1020 785 terre
1032 721 1222 803 contiguam,

194 855 258 921 qne
279 836 353 899 olim
368 834 509 918 Dionysii
531 833 587 898 lilii
601 835 736 899 Simonis
757 833 876 907 luerat,
898 833 944 896 eis
958 843 990 896 et
1004 852 1115 897 eorum
1131 832 1223 897 bere·

195 948 288 1015 dibus
312 948 379 1011 iure
403 955 558 1029 perpetuo
583 946 771 1009 contulimus
798 943 1036 1027 possidendam,
1067 942 1099 1005 iu
1124 943 1223 1025 ipsius

194 1058 427 1145 passessionem
456 1079 513 1140 per
531 1056 658 1122 fidelem
685 1056 867 1140 pristaldum
890 1065 1032 1119 nostrum
1051 1054 1224 1119 Cbudrucb

194 1170 282 1255 ipsos
295 1169 451 1233 introduci
465 1177 650 1233 statuentes.

204 1338 210 1347 .
279 1282 318 1344 Ut
330 1279 425 1364 igitur
438 1290 503 1343 tunr
517 1300 537 1343 a
551 1280 641 1344 nobis
655 1280 826 1343 liberaliter
840 1298 991 1343 concessa
1004 1279 1142 1353 tiberim,
1156 1287 1222 1341 tum

196 1401 367 1472 memorato
390 1401 472 1457 terre
495 1393 627 1457 donacio
647 1392 735 1456 salua
752 1411 878 1475 semper
892 1400 924 1455 et
945 1391 1134 1453 inconcussa
1152 1410 1225 1472 per-

198 1512 339 1577 maneat,
361 1512 539 1585 presentem
560 1503 705 1587 paginam
726 1504 893 1566 secreciori
911 1501 1014 1584 sigilio
1029 1510 1147 1574 nostro,
1169 1521 1225 1563 au·

198 1635 255 1679 ree
267 1613 416 1679 uidelicet
428 1614 513 1677 bulle
528 1614 708 1679 charactere
724 1614 854 1677 lecimus
870 1614 1021 1697 insigniri.
1046 1613 1153 1675 datum
1168 1632 1226 1693 per

43 1718 48 1725 ’
112 1808 118 1817 .
198 1744 311 1789 manns
326 1725 432 1808 Ugrini
448 1724 630 1791 colocensis
653 1726 882 1809 archiepiscopi
905 1735 936 1789 et
958 1724 1029 1788 aule
1050 1725 1136 1806 regie
1151 1745 1226 1787 cau·

199 1836 333 1911 eufimii,
357 1856 440 1899 anno
461 1837 620 1901 dominico
639 1836 868 1901 incarnacionis
888 1836 1053 1900 millesimo
1077 1837 1226 1899 ducente-

198 1946 279 2011 simo
294 1948 462 2031 trigesimo,
484 1949 572 2030 regni
587 1950 684 2012 nostri
700 1968 782 2012 anno
797 1947 924 2010 XXVll.
994 1988 999 2001 ·

102 2340 110 2347 ’
227 2332 505 2461 ,murram
529 2362 581 2452 rr
610 2360 768 2438 naurs
799 2360 1088 2438 nncnnrnrr
1112 2361 1161 2435 rr.

615 2518 815 2581 mccxxxt.

470 2688 493 2740 E
510 2695 616 2753 regesto
633 2686 795 2740 bibliothece
811 2688 954 2740 Vaticanis.

284 2944 320 3007 ln
334 2946 460 3008 nomine
474 2952 583 3009 sancte
598 2946 756 3010 Trinitatis
772 2955 803 3011 et
815 2946 979 3011 indiuidue
995 2948 1134 3011 Unitatis.

285 3060 428 3122 Andreas
457 3058 508 3123 dei
535 3058 641 3142 gracia
667 3059 844 3141 Hrrugarie,
874 3060 1050 3135 Dalmacie,
1082 3060 1229 3134 Croacie,

202 3170 317 3247 Rama,
337 3171 465 3246 Seruis,
485 3170 615 3235 Gallicie
628 3172 880 3255 Lodomerieque
902 3192 958 3234 rex
979 3173 1012 3234 in
1032 3180 1229 3254 perpetuum.

286 3283 443 3360 Quoniam
470 3283 597 3347 libertas
627 3292 690 3346 tam
716 3282 866 3347 nobilium
895 3283 984 3366 regni
1009 3283 1108 3347 nostri
1135 3303 1228 3366 quam

204 3396 447 3465 erismatorum
462 3415 480 3458 a
494 3417 520 3459 s.
531 3396 691 3478 Stephano
712 3416 788 3479 rege
803 3396 960 3469 instituta,
980 3416 1039 3478 par
1052 3394 1228 3479 aliquorum

202 3528 314 3593 regum
329 3510 523 3591 potenciam,
543 3507 765 3572 ulciscencium
782 3508 951 3591 aliquando
965 3509 1044 3570 iram
1059 3509 1229 3590 propriam,

204 3619 373 3702 aliquando
388 3622 487 3683 eciam
502 3620 734 3684 attendencium
750 3621 880 3684 consilia
894 3620 971 3685 laisa
987 3620 1148 3682 hominum
1171 3619 1230 3681 ini·

204 3750 341 3815 quorum
363 3730 421 3795 luit
444 3732 476 3793 in
501 3752 596 3813 quam
621 3730 763 3813 plurimis
787 3732 956 3805 diminuta,
983 3731 1148 3795 multocies
1169 3730 1229 3814 ipsi

203 3838 325 3907 nubiles
345 3841 444 3903 nostri
463 3842 665 3905 serenitatem
686 3849 825 3906 nostram
847 3850 879 3906 et
892 3843 1154 3925 predecessorum
1174 3862 1232 3905 no·

203 3956 339 4015 suorum
359 3970 469 4033 regum
488 3972 616 4016 suornm
638 3955 783 4036 precibus
801 3961 833 4018 et
847 3954 999 4018 instancia
1013 3954 1112 4018 mrrlta
1127 3955 1233 4037 pulsa·

203 4068 337 4135 norunt,
356 4082 453 4144 sopor
466 4064 695 4129 reformacioue
714 4067 805 4148 regni
826 4065 934 4129 nostri.
963 4084 1032 4129 nos·
1043 4065 1140 4151 igitur
1153 4066 1233 4150 peti-

205 4172 290 4263 pioni
303 4193 415 4264 eorum
428 4175 611 4245 sstbtasere
625 4178 804 4269 cupientes,
816 4178 857 4259 ,in
869 4177 1014 4249 omnibm
1029 4185 1232 4265 alienemur,
