2798 4764
505 367 695 423 ‚reomaus
718 370 760 417 nr
782 370 894 417 vana.
1147 348 1216 413 737

190 523 302 589 diciaia
320 523 438 588 ferrum
460 544 519 605 pro
537 543 572 588 se
589 532 620 588 et
633 544 691 605 pro
704 523 775 596 iilis,
795 541 875 606 qnos
889 523 1006 587 iibcros
1018 541 1089 586 ease
1105 522 1215 586 deces-

91 710 93 713 ,
190 637 310 708 tabant,
336 643 507 717 portarent.
535 654 691 717 quocum
715 634 891 707 uenissent,
918 642 1046 715 peracto
1065 634 1214 697 triduano

188 748 323 822 ieiunio,
343 746 476 829 predicti
491 756 614 811 actores
628 745 789 808 candentis
803 744 880 807 ferri
898 743 1117 825 subterfugere
1131 744 1215 807 iudi·

189 860 289 933 cium,
311 859 450 923 diceutes
465 859 551 940 quod
566 877 674 921 omnes
690 857 924 939 prenominatos
944 855 1145 918 aduersarios
1159 874 1214 918 ao·

188 990 258 1033 rum
273 971 386 1033 iniuste
402 990 459 1051 pro
474 968 658 1032 concinibus
671 968 736 1030 suis
751 966 973 1048 impcciissent.

271 1079 361 1162 (368)
376 1080 508 1142 Humilis
520 1087 693 1153 conuentus
704 1078 838 1141 ecclesie
850 1076 1059 1150 Uaradiensis,
1069 1075 1215 1139 omnibus
1268 1071 1277 1093 ⁸

188 1201 296 1256 sancte
306 1190 441 1254 ecclesie
451 1192 522 1254 tiliis
534 1200 673 1255 eternam
684 1189 816 1254 salntem
826 1189 858 1251 in
867 1188 1006 1252 domino.
1016 1186 1214 1252 uniuersitati

190 1310 294 1366 uestra
314 1312 422 1366 uotum
444 1303 585 1375 fecimus,
605 1303 690 1384 qnod
712 1321 795 1365 anno
810 1301 965 1364 dominice
982 1298 1214 1365 incarnacionis
1271 1336 1285 1351 -

189 1412 354 1476 millesimo
368 1414 583 1477 ducentesimo
596 1412 748 1495 trigesimo
764 1413 875 1494 primo,
895 1432 967 1475 cum
981 1419 1064 1476 esset
1076 1411 1214 1474 edictum

187 1544 207 1587 e
220 1544 296 1606 rege
308 1525 432 1586 Andrea
443 1525 529 1607 qnod
544 1532 626 1597 terre
641 1533 815 1586 castrorum
828 1542 1048 1606 aquocunque
1058 1523 1214 1586 uiolenter

187 1645 357 1717 occupate,
372 1637 481 1700 castris
496 1637 744 1708 restituerentur,
760 1636 934 1709 Tiburcius,
948 1635 1063 1716 Gyuia,
1077 1642 1108 1697 et
1121 1634 1213 1698 Helia

187 1748 351 1811 comitibus
366 1767 383 1810 a
399 1746 521 1830 pretato
535 1767 612 1830 rege
625 1746 658 1808 in
673 1745 821 1827 parocbia
835 1746 1030 1810 bichoriensi
1049 1745 1214 1829 delegetis,

186 1858 294 1920 uiltani
308 1859 348 1920 de
363 1858 442 1920 Uror
457 1865 488 1920 et
503 1858 543 1921 de
558 1856 682 1919 Koloud
697 1865 730 1918 et
742 1856 782 1919 de
797 1856 930 1938 Gontoy,
952 1857 1212 1921 concinnantibus

181 1967 329 2032 eiusdem
349 1967 442 2032 castri
462 1965 714 2048 ioubagionibus,
735 1966 855 2030 scilicet
867 1969 953 2030 Lucu
966 1967 1107 2049 principe
1122 1987 1214 2032 excr-

185 2079 280 2151 oitus,
302 2080 465 2160 Tegeegu,
486 2076 582 2140 Paulo
604 2086 637 2140 et
657 2077 737 2149 aliis,
756 2076 964 2160 impecierunt
980 2078 1062 2141 filios
1076 2080 1213 2152 Bocion,

184 2186 303 2249 scilicet
317 2185 504 2268 Georgium,
518 2186 683 2268 Gylianum
698 2196 731 2250 et
744 2186 822 2251 elios
836 2207 957 2261 omncs,
972 2188 1112 2252 dicentes
1126 2188 1214 2269 quod

186 2306 302 2362 terram
327 2298 422 2361 castri
449 2299 490 2361 ad
512 2298 598 2379 ipsos
621 2299 831 2380 pertinentem
855 2299 970 2362 iniuste
994 2307 1212 2381 occupassent.

185 2409 229 2473 tttt
251 2417 357 2472 autem
378 2409 612 2491 responderunt
633 2409 766 2472 eandem
787 2418 902 2473 terram
924 2429 994 2474 esse
1013 2410 1073 2472 sibi
1087 2409 1212 2473 beredi—

180 2521 312 2594 tariam,
334 2530 365 2584 et
378 2520 440 2583 boc
461 2519 641 2585 testimonio
656 2519 968 2602 compropincialinm
986 2522 1211 2602 probauerunt.

183 2630 394 2713 prenominati
416 2630 522 2712 itaque
543 2630 663 2694 indices
683 2638 848 2712 utramque
868 2639 990 2713 partem
1009 2651 1067 2713 per
1087 2632 1210 2714 pristal-

185 2743 259 2805 dum
274 2742 399 2804 nomine
410 2742 569 2804 Andream
584 2740 623 2804 de
634 2740 727 2803 Pulos
742 2741 924 2805 direxerunt
937 2742 977 2806 ed
989 2763 1121 2807 exemeri
1133 2741 1208 2806 terri

184 2853 346 2917 candentis
370 2853 572 2926 Uaradinnm,
593 2852 647 2914 ubi
671 2860 742 2934 post
763 2852 942 2917 triduanum
963 2853 1115 2918 ieiunium
1135 2872 1208 2917 cum

184 2965 315 3028 deberet
340 2965 459 3027 ferrum
483 2964 619 3046 portari,
649 2960 820 3046 supradicti
844 2974 966 3029 actores
991 2973 1209 3030 conuenerunt

184 3097 256 3142 cum
270 3077 462 3140 aduersariis
475 3077 632 3157 ipsorum,
654 3075 730 3140 dare
744 3077 790 3139 eis
806 3085 920 3139 terram
935 3083 1093 3139 metatam.

264 3184 352 3266 (369)
372 3187 552 3248 Dominicus
564 3188 604 3248 de
615 3205 731 3267 genere
741 3187 945 3248 Sentemacus
959 3183 1099 3267 impeciit
1109 3204 1209 3266 quan·

184 3297 257 3359 dam
269 3296 346 3358 iuris
361 3296 524 3358 militarem
539 3296 665 3358 nomine
675 3296 810 3368 Latiber,
821 3296 929 3359 dicens
940 3296 1026 3378 quod
1039 3316 1095 3359 sex
1105 3297 1209 3377 capita

183 3424 364 3477 seruorum,
385 3405 439 3486 qui
452 3405 492 3467 ab
507 3403 576 3487 ipso
590 3406 747 3487 fugerunt,
767 3408 852 3488 opud
865 3408 967 3489 ipsum
981 3407 1162 3482 inuenisset,
1176 3415 1209 3471 et
1337 3449 1342 3473 i

181 3515 250 3596 ipse
275 3534 331 3577 eos
356 3514 552 3578 occultasset.
583 3516 669 3597 quod
694 3537 764 3580 cum
789 3518 841 3581 iiie
867 3527 1010 3600 negaret,
1039 3518 1208 3582 Mauricius

183 3625 433 3708 uice-palatinus,
458 3646 514 3708 per
536 3625 718 3707 pristaldum
737 3629 864 3691 nomine
883 3629 1051 3691 Martinum
1073 3628 1113 3691 de
1133 3626 1208 3692 uilia

183 3737 281 3800 Sciios
304 3737 344 3800 ad
369 3756 503 3799 examen
526 3736 602 3799 ferri
626 3740 788 3802 candentis
809 3739 894 3802 misit
919 3739 1119 3802 Uaradinum.
1152 3739 1206 3802 nbi

181 3847 277 3912 homo
292 3847 442 3912 dominici
455 3856 578 3929 portato
592 3848 676 3912 terro
691 3869 747 3932 pro
758 3850 886 3913 domino
896 3870 955 3913 suo
968 3851 1135 3915 mundatus
1149 3859 1208 3915 cst.

265 3958 353 4040 (370)
374 3960 476 4022 babor
498 3967 531 4022 at
550 3959 692 4023 Andreas
713 3961 919 4043 ionbagiones
939 3961 1124 4036 Laurencii,
1150 3960 1207 4024 titii

140 4072 143 4077 ’
182 4070 241 4133 Pot
258 4070 464 4152 impacierunt
484 4071 678 4153 Stephanum
697 4074 889 4137 seruientem
908 4074 1023 4139 Ioence
1049 4074 1089 4136 de
1111 4071 1207 4135 furto.

181 4180 286 4245 iudice
295 4182 429 4247 Zakaria
437 4183 546 4249 curiali
556 4183 671 4249 comite
684 4183 725 4249 tie
734 4184 891 4262 Zatbmcr,
905 4183 1054 4269 pristaldo
1063 4181 1207 4248 Bnebida
