2798 4764
565 1009 876 1092 rmmmms

492 1140 955 1254 nrnnnras

209 1342 409 1406 HOSPl'lUll
426 1348 477 1407 DE
493 1347 644 1420 Polou,
663 1349 765 1409 ,ll'Ull
782 1349 1006 1410 Ecdtastatt
1023 1349 1052 1408 S.
1066 1346 1236 1409 NlCOLAl.

669 1489 774 1550 blCCl.

562 1629 583 1677 n
602 1644 663 1679 mss.
682 1629 875 1690 stagnantis.

287 1932 462 1993 innomine
486 1933 515 1993 S.
528 1933 557 1993 S.
571 1934 727 1996 Trinitatis
750 1943 780 1996 et
801 1935 962 1997 indiuidne
983 1935 1119 1996 unitatis.
1141 1936 1233 1997 Eme·

205 2043 297 2116 ricus,
326 2045 377 2105 dei
403 2045 506 2127 gracia
528 2046 706 2127 wingario,
728 2046 899 2117 Dalmacie,
922 2046 1051 2107 Croacie
1074 2048 1233 2127 llameqae

204 2175 259 2216 rex
275 2156 305 2215 in
322 2165 519 2236 perpetuum.
550 2157 707 2230 Quoniam
724 2177 762 2217 ex
778 2156 931 2216 donorum
946 2155 1122 2235 pluralitate
1138 2155 1234 2218 liher-

204 2267 274 2328 tatis
290 2268 433 2348 sequitur
449 2269 670 2329 detrimentum
686 2278 716 2330 et
735 2288 921 2339 onerosum,
943 2268 1005 2327 imo
1022 2266 1232 2347 periculosum

204 2387 250 2440 est
272 2379 404 2439 diuersis
426 2380 535 2440 subiici
560 2379 697 2450 iudiciis,
726 2378 875 2439 incumbit
895 2397 1004 2458 regum
1028 2377 1231 2458 prouidencie

204 2491 354 2570 legalibus
386 2491 531 2553 institutis
558 2491 752 2552 subditorum
783 2490 995 2550 commoditati
1022 2489 1231 2560 considendo,

204 2604 331 2663 norinos
347 2603 483 2664 indebite
506 2602 750 2685 presumptionis
767 2602 917 2683 impetaS,
940 2603 978 2662 ab
995 2622 1103 2663 corum
1118 2621 1231 2683 graua-

203 2714 337 2772 minibus
361 2714 514 2794 sagaciter
528 2723 689 2775 auertere:
714 2714 809 2774 debiti
825 2733 900 2775 sane
917 2714 1013 2776 nostri
1029 2715 1231 2775 consideran-

202 2832 248 2884 tes
263 2824 470 2905 exigenciam,
489 2825 629 2906 hospites
645 2826 683 2887 de
700 2826 799 2886 Potolr
815 2826 898 2906 apud
914 2826 1079 2887 ecclesiam
1096 2826 1125 2885 S.
1137 2826 1228 2887 Nico·

201 2935 241 2995 lai
257 2944 494 3009 commorantes,
511 2938 638 3000 definite
653 2938 803 3002 libertatis
820 2937 984 3020 priuilegio
1000 2938 1137 3019 gaudere
1152 2958 1228 3001 con·

202 3047 361 3118 cessimus,
383 3055 569 3109 statuentes:

283 3157 328 3238 (1)
351 3166 383 3220 ut
398 3161 570 3221 secundum
587 3182 643 3222 sue
659 3162 761 3242 gentis
776 3161 1052 3232 consuetudinem,
1075 3160 1112 3221 ab
1127 3158 1227 3221 electo

201 3270 282 3331 inter
296 3290 329 3330 sc
343 3271 501 3350 preposito
517 3271 710 3344 iudicentur,
732 3292 795 3353 quo
812 3281 939 3352 propter
951 3271 1153 3352 negociorum
1169 3269 1228 3330 dif-

201 3380 370 3442 srcultatem
392 3402 453 3441 non
476 3381 665 3455 sufficiente,
690 3381 816 3462 palatini
832 3383 953 3443 comitis
973 3383 1039 3444 siue
1055 3382 1136 3461 regis
1153 3381 1227 3444 suh·

204 3501 275 3553 eant
299 3492 466 3565 iudicium,
492 3513 550 3553 nec
574 3493 604 3552 iu
630 3492 823 3554 secularibus
845 3492 921 3552 alios
943 3491 1080 3552 habeant
1095 3537 1227 3554 .....

287 3602 341 3681 (2)
364 3647 371 3663 .
388 3649 395 3663 .
412 3647 419 3663 .
436 3648 443 3662 .
466 3603 541 3683 quin
557 3613 587 3664 et
603 3604 777 3683 ponderum
794 3612 824 3664 et
839 3602 1026 3663 tributorum
1043 3603 1227 3685 pensionem

203 3714 277 3794 ipsis
304 3714 430 3775 omnino
456 3714 666 3786 remittentes,
689 3714 903 3787 decernimus,
924 3722 957 3775 ut
982 3715 1035 3796 qui
1056 3734 1094 3775 ex
1116 3713 1228 3776 iisdem

203 3824 321 3888 herede
338 3835 499 3899 carerent,
519 3826 651 3888 liberam
666 3825 854 3906 disponendi
876 3869 1072 3888 .........
1092 3825 1230 3890 habeant

203 3938 400 4012 facultatem,
423 3947 455 4000 et
475 3940 514 4001 ad
535 3938 615 4001 filias
637 3947 762 4019 neptes,
784 3944 932 4018 nepotes,
954 3957 1010 3999 seu
1025 3937 1113 4010 alios,
1134 3956 1230 4017 quos·

203 4068 327 4130 cunque
344 4050 488 4112 duxerint
502 4050 708 4132 adoptandos,
728 4049 884 4114 bonorum
897 4068 1027 4113 suorum
1041 4045 1228 4113 uniuersitn

204 4161 401 4231 deuoluatur.
