2798 4764
202 329 264 398 tte
372 270 519 395 umus
537 272 728 393 ssmsusm
748 337 839 388 mess
857 338 962 386 uuus
977 316 1058 402 llll.

199 500 344 568 ielicihus
366 500 445 563 illud
465 497 649 562 intendebat
668 493 964 578 csse-principium,
982 491 1071 575 quod
1083 512 1125 557 ex
1137 512 1235 559 essu·

201 614 283 699 gelio
307 611 394 676 fideli
416 610 554 694 pectoris
580 607 808 690 contemplatus
831 615 882 682 est
904 606 994 680 uisu,
1013 623 1073 687 per
1094 605 1237 669 ueritatis

202 725 303 808 ip'sius
324 721 535 787 testimonium
556 720 703 784 dicentis:
725 718 809 782 beati
830 716 1069 791 misericordes,
1087 718 1238 799 quonism

201 835 263 920 ipsi
281 830 529 897 misericordiam
549 837 796 911 consequentur.
826 838 859 891 et
870 828 903 891 in
917 825 980 890 alio
993 825 1088 889 lcum
1115 827 1235 892 dulcet

203 946 327 1011 dsbitm
339 943 442 1007 uobis.
472 942 565 1006 tantis
580 941 674 1024 igitur
689 940 901 1003 misericordie
916 949 948 1003 ct
962 939 1088 1021 pietatis
1101 940 1239 1005 brachiis

205 1057 320 1123 Christi
342 1074 517 1139 pauperes,
537 1056 633 1117 immo
656 1051 814 1117 Christum
834 1053 867 1115 in
890 1052 966 1135 ipsis
990 1052 1239 1135 amplexabatur,

206 1169 293 1254 quod
309 1168 414 1232 nullus
428 1185 577 1250 umquam
591 1166 708 1249 hospes
723 1173 756 1229 et
769 1165 955 1247 peregrinus
975 1164 1015 1227 ab
1033 1183 1076 1228 eo
1092 1165 1162 1229 sine
1182 1167 1239 1229 be-

206 1281 365 1367 nignitatis
376 1279 506 1343 alicuius
515 1277 667 1342 solamine
678 1277 775 1340 tristis
787 1276 933 1340 abcessit.
953 1276 993 1338 a‘d
1004 1276 1240 1340 recreauiousm

207 1413 382 1478 egenorum
393 1390 577 1455 cottidianas
587 1406 744 1470 expensas
756 1387 972 1451 indesinenter
985 1385 1055 1450 lieri
1070 1388 1241 1462 essemus

208 1511 378 1567 nocturnas
400 1500 522 1583 uigilias
542 1501 575 1562 iu
596 1499 740 1563 tenendis
755 1498 870 1562 Christi
888 1497 1028 1562 fidelium
1042 1498 1187 1580 pedihus,
1207 1499 1242 1563 iu

209 1611 440 1677 abscondendis
460 1612 493 1673 iu
515 1611 619 1673 sinum
639 1628 816 1692 puupernm
838 1608 1036 1683 elemosinis,
1066 1609 1188 1690 ugiliter
1208 1618 1243 1675 et

208 1723 351 1789 hilariter
363 1723 539 1806 transigere
563 1720 699 1795 sciehat,
720 1739 856 1803 egenum
870 1719 1028 1783 Christum
1046 1721 1080 1783 iu
1093 1720 1244 1785 memhris

105 1911 107 1915 ¹
212 1834 279 1898 stris
292 1831 450 1898 consolari
465 1831 642 1895 deliberans
659 1830 883 1912 temporsliter,
908 1839 943 1895 nt
955 1831 1068 1912 etipse
1080 1830 1145 1894 uite
1158 1830 1243 1895 cels·

210 1945 266 2011 stis
280 1937 436 2009 cernerem
450 1944 568 2007 cunctis
582 1942 818 2007 delectamentis
839 1942 989 2007 refertam
1008 1943 1176 2007 inueniens
1193 1943 1244 2007 iu-

213 2056 343 2121 cundari
358 2056 473 2119 meruit
486 2053 677 2118 eternaliter.

224 2318 227 2323 -
295 2276 362 2362 (ts)
390 2279 534 2356 Quadam
562 2298 640 2342 nero
673 2288 765 2343 nocte
794 2278 948 2360 spirituali
975 2278 1095 2343 monitu
1126 2286 1243 2353 naus,

212 2394 340 2458 nemine
361 2394 481 2457 sciente
503 2392 589 2456 solus
608 2389 737 2476 plenum
760 2391 844 2455 dono
866 2391 918 2454 dei
938 2411 1052 2475 gerens
1065 2390 1244 2467 sacculum,

215 2505 329 2571 Christi
348 2505 495 2586 pusillum
514 2524 642 2587 gregem
663 2502 755 2566 solito
769 2521 858 2566 more
879 2503 1004 2584 perexit
1016 2504 1159 2578 uisitare,
1180 2510 1244 2568 sta·

213 2619 333 2699 timque
353 2635 511 2698 pauperes
527 2616 766 2679 distribuentem
781 2614 905 2678 celestis
917 2615 1057 2678 thessmi
1076 2616 1243 2698 pecuniam

214 2703 425 2790 distrmeutes
448 2724 588 2798 initium,
616 2726 677 2788 uiri
704 2727 760 2789 dei·
778 2727 898 2790 meritis
923 2725 1122 2790 eurslsionem
1144 2726 1242 2791 bsrhe

214 2837 409 2920 prebuerunt
431 2836 654 2900 testimouium.
690 2837 732 2898 ob
755 2837 818 2899 hoc
841 2838 959 2919 gaudio
981 2836 1130 2920 pertusus
1152 2836 1244 2903 miles

215 2946 330 3011 Christi
342 2947 511 3010 mammem
525 2947 708 3030 coniugium
726 2947 801 3012 fecit
813 2949 855 3014 sd
866 2948 1082 3013 beatissimum
1094 2949 1247 3013 moetoris

216 3062 356 3125 omnium
377 3061 577 3143 genitricem,
602 3070 841 3145 prostratusque
853 3069 938 3127 terre
952 3064 1074 3147 grecias
1088 3082 1187 3147 ageas
1199 3063 1245 3127 sic

216 3173 419 3239 exclamauit:
439 3174 550 3258 regins
562 3174 688 3239 celestis
702 3183 734 3239 et
747 3195 835 3250 mss,
856 3195 953 3259 quem
967 3184 1001 3241 tu
1013 3174 1123 3260 repere
1135 3177 1247 3240 ststui·

215 3286 273 3360 sti,
292 3285 406 3349 milites
425 3286 468 3349 tui
491 3286 538 3348 sic
561 3286 808 3350 honorauerunt.
836 3288 864 3350 si
883 3287 925 3350 sb
939 3287 1047 3370 sliquo
1060 3287 1245 3351 aduersario

216 3397 293 3461 mihi
305 3397 369 3460 hoc
381 3396 501 3461 illatum
515 3398 641 3471 fuisset,
655 3417 742 3461 meas
756 3398 887 3462 iniurias
901 3419 959 3481 per
974 3408 1061 3463 tuum
1075 3397 1247 3463 ulciscerer

216 3508 450 3573 adminiculum.
470 3509 574 3573 sciens
589 3527 666 3591 ergo
677 3509 804 3573 domina
818 3530 876 3592 per
887 3509 948 3573 hoc
959 3517 1073 3574 eterna
1080 3529 1133 3573 me
1142 3509 1247 3593 siqss·

217 3628 283 3683 tum
297 3619 462 3694 felicitate,
476 3621 570 3683 nimis
585 3621 703 3696 exulto,
723 3623 958 3705 periungens
971 3621 1137 3686 sslustoris
1149 3621 1248 3685 nocui

215 3728 335 3791 nomini
356 3736 387 3791 et
408 3731 637 3805 consolarium,
659 3733 774 3816 quibus
788 3731 959 3813 discipulos
979 3751 1055 3794 suos
1069 3732 1248 3795 consolatus

216 3847 267 3902 est
279 3839 404 3902 dicemz
427 3842 557 3924 capillus
571 3844 612 3907 de
626 3845 729 3926 capite
743 3850 850 3909 uestro
863 3861 930 3905 nun
943 3842 1069 3925 peribit.
1092 3841 1142 3905 bis
1155 3843 1249 3907 dictis

215 3969 252 4014 se
274 3951 323 4015 uir
338 3952 390 4016 dei
410 3954 517 4019 celesti
536 3957 645 4040 grecia
666 3955 846 4040 percipiens
865 3954 1025 4020 uisitstum
1043 3960 1077 4018 et
1093 3953 1251 4037 spirituali

217 4063 383 4130 mutuate
397 4067 574 4150 perfusum,
595 4068 698 4135 cordis
711 4068 823 4133 ianuas
835 4085 930 4149 opera
945 4066 1150 4149 querentibus
1165 4087 1249 4135 nun·

217 4194 312 4269 quam
333 4176 481 4251 mutere
501 4180 660 4259 drumm,
679 4187 713 4248 et
729 4200 790 4271 per
800 4199 838 4249 se
850 4178 1004 4270 deuceps
1024 4190 1059 4252 et
1077 4201 1139 4272 per
1156 4181 1248 4266 elica
