2798 4764
388 356 524 407 monnau
544 354 644 408 essm
665 358 873 413 nmaaeonm
894 344 973 427 (57).
1148 342 1188 443 bd

247 624 315 709 (57)
337 627 381 690 De
399 631 601 693 conuitueione
615 630 719 712 Requi.
761 633 832 694 Dux
853 653 928 697 uero
942 632 1029 698 Zulta
1048 644 1119 720 post
1135 656 1188 731 τος

164 741 344 804 uersionem
358 740 489 804 militum
509 762 638 805 suorum
652 742 720 807 lixit
733 754 832 810 metas
848 746 935 829 regni
949 746 1124 831 Hungan'e,
1146 767 1186 813 ex

164 851 434 936 pastelli-ecorum
448 855 601 937 usquead
615 865 735 938 portam
746 856 846 921 Wazil
863 867 893 921 et
908 878 1007 941 usque
1017 860 1057 922 ad
1071 869 1186 924 terram

162 965 257 1050 Baby,
279 965 320 1030 ab
334 967 494 1031 occidente
511 989 611 1051 usque
626 970 665 1032 ad
680 990 783 1044 mare,
806 970 857 1033 ubi
873 979 921 1034 est
935 971 1093 1053 spalatina
1111 954 1185 1055 ciui:

162 1085 221 1152 tes,
241 1085 332 1143 etex
352 1088 438 1162 parte
454 1080 717 1144 Teotbonicorum
739 1102 839 1166 usque
861 1083 901 1145 ad
922 1092 1051 1164 pontem
1066 1081 1186 1160 Guneil,

162 1198 194 1255 et
213 1191 248 1255 in
271 1191 390 1255 eisdem
412 1194 552 1274 partibus
575 1193 661 1257 dedit
674 1205 807 1260 easlrum
828 1204 1009 1259 construere
1024 1194 1186 1277 Ruthenis,

163 1304 216 1387 qui
229 1323 302 1367 cum
316 1303 406 1367 Almo
422 1305 501 1368 duee
517 1326 577 1369 auo
591 1326 649 1368 suo
663 1308 695 1369 in
709 1308 900 1371 Pannoniam
917 1317 1088 1382 uenerant,
1109 1317 1141 1372 et
1154 1309 1186 1372 in

167 1415 273 1479 eodem
288 1414 437 1490 confinio,
458 1414 538 1478 ultra
557 1417 655 1480 lutum
669 1419 795 1493 blusun,
824 1420 986 1484 eolloeauil
1008 1422 1105 1509 eciam
1118 1421 1185 1484 Bis.-

170 1545 257 1591 senos
269 1547 334 1591 non
348 1547 464 1610 paucos
479 1529 619 1592 babitare
633 1550 691 1613 pro
706 1530 888 1594 defensione
906 1531 995 1617 regni
1009 1533 1074 1605 sui,
1087 1540 1131 1595 ,ut
1143 1524 1183 1596 ne

165 1635 330 1724 »liquando
348 1640 379 1702 in
395 1648 553 1722 posterum
569 1640 726 1705 furibundi
742 1643 940 1718 Teothonioi,
963 1652 1088 1727 propter
1101 1642 1183 1707 iniu-

161 1752 241 1817 riam
261 1753 320 1816 sibi
341 1752 456 1816 illatam
469 1753 548 1817 lines
562 1754 781 1838 Hnngarorum
800 1756 950 1819 inuadere
972 1767 1110 1840 possent.
1142 1777 1182 1824 ex

160 1874 250 1949 perte
271 1885 349 1929 uero
369 1867 556 1930 boemorum
578 1867 645 1930 fixit
665 1877 762 1933 metas
785 1889 884 1953 usque
904 1871 944 1932 ad
964 1871 1093 1935 lluuium
1113 1872 1181 1934 Mo-

158 1997 254 2052 roun,
275 1977 333 2042 sub
348 1977 400 2040 tali
415 1976 615 2054 condicione,
637 1989 670 2045 ul
691 1982 753 2045 dux
773 2002 881 2045 eorum
896 1985 1055 2048 annuatim
1068 1985 1181 2048 tribula

157 2089 356 2174 persolueret
370 2091 440 2154 duci
454 2091 627 2176 Hnngarim
649 2102 679 2157 et
693 2094 805 2157 eodem
820 2094 914 2157 modo
934 2105 1074 2178 exparte
1089 2096 1181 2159 Polo·
1295 2109 1300 2119 ‘

158 2222 274 2267 uorum
294 2222 395 2286 usque
418 2204 457 2267 ad
478 2214 616 2268 montem
630 2206 734 2280 Tatur,
754 2206 834 2268 sicut
847 2206 947 2288 primo
960 2206 1078 2269 lecerat
1091 2208 1180 2292 regni

157 2323 273 2378 metam
287 2314 386 2377 Borsu
399 2314 480 2377 lilius
494 2315 628 2398 Bunger.
650 2326 681 2380 et
696 2317 768 2379 dum
784 2316 847 2378 dux
861 2316 948 2379 Zultu
963 2326 993 2379 et
1006 2317 1054 2378 sui
1070 2317 1180 2383 milites

158 2428 204 2491 ita
224 2428 351 2490 redienti
374 2437 478 2491 essent
498 2429 707 2510 undequaque
727 2427 895 2511 Hungarii,
916 2437 989 2490 tune
1010 2429 1073 2491 dux
1094 2429 1182 2494 Zulta

158 2541 247 2604 duxit
266 2539 331 2603 filio
346 2541 468 2605 Toesun
491 2561 620 2603 uxorem
641 2541 680 2604 de
700 2549 783 2603 terra
804 2540 1030 2615 Cumanorum,
1060 2552 1091 2604 et
1112 2544 1181 2624 ipso

158 2652 285 2716 uiuente
300 2653 418 2735 accepit
432 2653 603 2716 iuramenta
618 2671 746 2715 suorum
760 2652 923 2726 nobilium,
937 2661 968 2715 et
978 2652 1073 2715 filium
1089 2675 1179 2717 suum

157 2767 281 2830 Tooeun
299 2764 373 2829 lecit
394 2767 505 2829 ducem
527 2785 563 2829 ao
582 2765 808 2829 dominatorem
828 2784 923 2847 super
935 2774 1033 2830 totum
1048 2787 1179 2850 regnum

156 2876 332 2960 Hungarie,
354 2878 473 2959 etipse
496 2878 559 2940 dux
574 2877 660 2941 Zulla
682 2877 778 2941 tercio
799 2877 881 2940 anno
902 2879 989 2961 regni
1007 2878 1060 2941 lilii
1076 2880 1123 2942 sui
1139 2881 1177 2944 de

157 2987 315 3071 ergastulo
330 2991 469 3068 corporis
484 2991 566 3052 uiam
581 2991 727 3053 uniuerso
742 2991 844 3054 earnis
860 3011 1006 3074 egressus
1021 3001 1077 3055 est.
1100 2993 1178 3056 'loo-

157 3119 216 3162 sun
230 3120 308 3163 uero
323 3101 405 3174 dux,
427 3121 495 3163 eum
511 3102 655 3165 omnibus
677 3101 857 3183 primatibus
871 3102 1046 3184 Hungarie,
1067 3112 1178 3184 poten·

158 3220 205 3275 ter
219 3220 251 3275 et
264 3212 391 3295 pacifice
407 3234 463 3295 per
477 3233 586 3276 omnes
602 3213 667 3276 dies
683 3214 745 3276 uite
765 3233 821 3276 sue
842 3213 972 3277 obtinuit
987 3216 1090 3277 omnia
1109 3216 1177 3278 iura

156 3326 246 3409 regni
260 3327 326 3399 sui,
347 3335 378 3389 et
392 3326 496 3387 audita
510 3325 624 3407 pietate
638 3344 705 3398 sua,
725 3326 812 3387 multi
826 3325 965 3405 hospites
981 3326 1177 3392 conlluebanl

157 3437 196 3500 ed
210 3457 283 3500 eum
298 3458 337 3503 ex
352 3438 483 3500 diuersis
499 3438 690 3501 nacionibus.
721 3455 793 3498 nam
807 3437 847 3498 de
866 3445 950 3501 terra
963 3436 1057 3498 Bnlar
1079 3457 1176 3503 uene·

155 3558 228 3613 runt
247 3549 373 3633 mildam
396 3548 576 3613 nobilissimi
600 3549 734 3621 domini,
756 3567 826 3609 cum
847 3566 959 3630 magna
981 3544 1174 3614 multitudine

155 3659 441 3735 Hismabelitarum,
462 3680 595 3744 qnorum
616 3661 741 3722 nomina
763 3659 903 3723 luerunt:
924 3659 991 3722 Bila
1010 3670 1040 3724 et
1059 3661 1174 3738 Bocsu,

154 3774 267 3856 quibus
278 3772 341 3835 dux
352 3794 407 3855 per
418 3774 542 3835 diuersa
558 3773 625 3841 loca
635 3773 855 3854 Hungarorum
866 3772 1054 3837 condonauit
1064 3783 1174 3850 terras,

152 3892 186 3946 el
197 3883 328 3966 insuper
342 3892 478 3947 castrum
491 3884 577 3968 quod
591 3884 702 3947 dicitur
715 3885 787 3946 Pest
800 3884 832 3946 in
846 3894 1030 3967 perpetuum
1046 3904 1174 3948 conces·

151 3995 201 4060 sit.
233 3995 300 4058 bila
323 4015 399 4059 uero
424 4005 455 4059 et
477 3995 574 4059 irater
595 3996 663 4058 eins
680 3996 798 4070 Bocsu,
828 4016 845 4060 e
869 4016 1002 4080 quorum
1023 3998 1172 4080 progenie

151 4108 254 4192 Elbey
277 4109 454 4182 deseendit,
480 4109 557 4172 inito
582 4108 720 4184 consilio,
744 4108 784 4172 de
809 4109 923 4193 populo
947 4130 1053 4174 secum
1079 4110 1172 4173 ducto

151 4221 231 4291 tuo
244 4229 350 4316 panes
364 4221 403 4291 ed
418 4220 585 4289 sorbicium
598 4221 731 4311 predicti
744 4221 837 4291 metri
851 4228 1088 4302 concesserunt,
1109 4227 1171 4286 ter·
