2798 4764
137 327 142 336 ¹
182 371 269 416 man
286 371 331 416 ru.
350 371 440 416 racis
458 371 607 416 nrnnnras
626 368 1015 427 onrsounncccnsmssrun.
1038 348 1128 415 1191.
1148 349 1209 419 393

180 524 301 597 uende,
323 544 458 607 quarum
474 525 624 587 medietas
639 524 786 598 ecclesie,
808 532 840 586 et
854 522 914 586 alia
929 543 1001 605 pars
1014 524 1120 586 comiti
1136 543 1209 606 pro-

180 634 307 698 uinciali
328 636 428 699 cedat.

262 743 307 826 (2)
329 747 406 808 Item
422 745 482 809 alia
498 747 637 809 eiusdem
655 747 786 810 ecclesie
802 747 929 810 libertas
943 745 1003 809 bec
1019 754 1081 820 est,
1102 753 1137 809 ut
1151 766 1208 831 po-

178 857 243 939 puli
265 858 407 920 eiusdem
432 858 582 930 ecclesie,
603 858 683 920 sicut
698 858 896 941 iobagiones,
918 857 1059 938 hospites
1074 866 1105 918 et
1120 858 1207 922 ciues

180 970 334 1043 eiusdem,
356 971 442 1032 ciues
464 991 520 1034 sue
542 971 674 1033 ciuitatis
691 970 1039 1053 Quinqueecclesiensis
1060 970 1109 1031 uel
1130 968 1207 1033 alio·

178 1102 247 1144 rum
273 1082 427 1145 bonorum
452 1083 593 1144 eiusdem
619 1082 768 1156 ecclesie,
789 1102 846 1145 seu
872 1081 1122 1155 condicionales,
1149 1102 1207 1163 per

177 1202 277 1256 totum
298 1214 430 1275 reguum
453 1204 592 1256 nostrum
615 1215 685 1258 cum
710 1214 819 1257 eorum
842 1195 1015 1268 mercibus,
1043 1194 1094 1256 uel
1116 1192 1206 1258 aliter

177 1303 357 1386 ubicunque
380 1313 594 1378 transeuntes,
617 1306 736 1367 nullum
761 1306 910 1368 tributum
930 1303 1055 1367 soluere
1076 1313 1205 1368 tenean-

177 1422 236 1476 tur.
266 1415 491 1497 etquicunque
508 1435 563 1478 eos
579 1417 681 1479 taliter
696 1437 829 1499 grauare
843 1416 1063 1498 presumserit,
1091 1436 1203 1498 penam

178 1525 287 1608 uiginti
302 1545 476 1588 marcarum
491 1527 614 1589 soluere
631 1527 846 1608 compellatur,
868 1529 956 1590 euius
978 1530 1129 1591 medietas
1150 1549 1204 1592 co·

178 1638 243 1698 miti
262 1637 412 1711 Palatino,
433 1637 492 1699 alia
517 1658 594 1700 uero
620 1640 771 1702 medietas
796 1638 929 1701 ecclesie
954 1638 1204 1722 Quinqueeccle·

176 1749 271 1811 siensi
286 1751 392 1823 cedat,
414 1750 554 1811 eiusdem
570 1751 701 1813 Palatini
720 1759 873 1832 potestate
895 1750 1018 1832 plenius
1037 1751 1202 1834 exigenda.

258 1858 303 1942 (3)
324 1862 401 1924 Item
424 1882 533 1923 omnes
555 1863 769 1943 possessiones
792 1871 823 1925 et
841 1863 925 1924 bona
940 1863 1081 1925 eiusdem
1100 1862 1202 1926 eccle-

174 1975 235 2046 sie,
258 1983 320 2036 tanr
335 1974 441 2035 habita
455 1994 549 2056 quam
565 1973 726 2049 habenda,
748 1976 779 2036 in
795 1994 981 2057 quacunque
1002 1984 1091 2056 parte
1113 1975 1202 2057 regni

174 2085 273 2146 nostri
295 2085 424 2158 situata,
445 2085 591 2147 uolumus
613 2106 682 2150 esse
702 2086 818 2159 libera,
841 2096 903 2150 tam
918 2087 958 2149 ab
972 2087 1127 2149 auditorio
1143 2105 1201 2148 no·

173 2204 237 2265 stre
253 2196 431 2268 maiestatis,
452 2216 545 2277 quam
561 2216 578 2257 a
594 2197 708 2259 iudicio
724 2197 834 2259 iudicis
850 2198 935 2258 curie
950 2206 1071 2270 nostre,
1093 2194 1200 2260 simili-

174 2316 221 2370 ter
235 2309 334 2370 eciam
348 2309 387 2369 ab
402 2309 487 2370 omni
502 2309 716 2371 iurisdictione
735 2318 766 2372 et
781 2317 936 2390 potestate
954 2309 1075 2371 comitis
1090 2307 1199 2382 nostri,

174 2420 228 2502 qui
249 2441 305 2501 pro
326 2429 467 2501 tempore
487 2421 622 2482 extiterit
642 2420 790 2493 Palatini,
812 2427 906 2501 prout
928 2419 1028 2480 eciam
1050 2416 1199 2483 anostrie

174 2532 336 2594 comitibus
356 2530 601 2613 prouincialibus
624 2530 675 2593 uel
699 2532 915 2613 parochianis,
937 2539 968 2595 et
987 2549 1093 2594 coram
1112 2528 1198 2594 nullo

171 2642 312 2723 ipsorum
327 2642 435 2724 populi
450 2643 591 2705 eiusdem
612 2644 744 2707 ecclesie
760 2645 895 2707 debeant
909 2663 1109 2725 comparere,
1127 2641 1200 2706 etsi

173 2755 419 2834 comparuerint,
441 2756 558 2817 nullam
581 2776 694 2838 penam
712 2777 769 2819 sen
784 2756 1108 2838 condempnacionem
1125 2756 1199 2821 ideo

173 2866 404 2946 pertimescant,
425 2867 482 2928 sed
497 2868 598 2929 solum
613 2888 719 2931 coram
734 2869 884 2951 episcopo
900 2867 952 2932 uel
972 2869 1042 2931 eius
1056 2867 1199 2931 officiali·

173 2978 229 3039 bus
246 2979 382 3041 debeant
397 2979 470 3041 dicti
485 2981 607 3062 populi,
622 2990 684 3043 tam
699 2983 731 3043 in
746 2982 956 3044 criminalibus
968 3000 1064 3064 quam
1078 2981 1109 3042 in
1124 2998 1199 3062 pec·

173 3091 320 3152 cuniariis
343 3093 518 3154 conueniri.
547 3103 763 3158 uerumtnmen
783 3095 808 3157 si
827 3095 981 3157 iusticiam
1002 3110 1199 3174 conqueren-

172 3201 253 3265 tibus
276 3203 446 3285 denegaret
466 3205 551 3267 idem
571 3207 749 3287 episcopus,
772 3208 812 3270 ad
833 3207 952 3289 regiam
977 3204 1074 3287 possit
1092 3211 1123 3267 et
1142 3202 1198 3265 de-

173 3315 244 3378 beat
265 3317 476 3396 presenciam,
503 3337 573 3379 cum
596 3319 781 3382 reuerencia
805 3328 910 3382 tamen
931 3317 1036 3379 debita
1055 3314 1196 3389 euocari,

172 3429 439 3508 conquerentibus
458 3448 676 3510 responsurus.
708 3431 735 3492 si
749 3449 826 3493 uero
840 3430 1018 3513 prepositus
1033 3437 1064 3491 et
1078 3428 1198 3508 capitu-

170 3535 235 3598 lum
250 3537 390 3601 eiusdem
406 3538 538 3602 ecclesie
549 3541 815 3622 conquerentibus
829 3540 982 3602 iusticiam
994 3540 1197 3623 denegarent,

171 3646 268 3711 solius
283 3650 423 3733 episcopi
438 3652 485 3713 sui
501 3660 531 3713 et
547 3673 608 3713 non
624 3650 751 3715 alterius
766 3653 891 3718 stabunt
902 3652 1030 3715 iudicio.

253 3759 301 3842 (ll
322 3764 399 3826 item
423 3764 497 3846 quia
519 3764 654 3828 ecclesia
678 3764 1026 3848 Quinqueecciesiensis
1054 3774 1103 3831 est
1125 3766 1198 3832 inn-

172 3875 244 3939 data
264 3876 296 3937 in
319 3877 468 3941 comitatu
492 3878 531 3940 de
545 3879 703 3962 Barnnya,
724 3889 756 3943 et
773 3889 896 3944 exemta
916 3883 956 3945 ab
974 3883 1059 3945 omni
1078 3883 1197 3948 iudicio

171 3988 337 4053 cuiuslibet
351 3990 462 4053 indicis
476 3992 566 4074 regni
580 3991 696 4067 nostri,
717 3993 861 4057 uolumus
876 4004 995 4072 minen,
1019 4004 1054 4060 ut
1068 4004 1101 4060 et
1113 4017 1197 4061 sem-

170 4120 228 4180 per
242 4100 357 4163 factum
373 4104 597 4184 comperimus,
617 4104 703 4186 quod
719 4104 832 4168 debeat
845 4107 970 4172 soluere
983 4109 1050 4191 ipsa
1064 4108 1198 4175 ecclesia

171 4212 277 4284 comiti
292 4213 331 4278 de
345 4213 489 4302 Baranya
499 4215 662 4283 annuatim
675 4217 815 4304 singalas
828 4225 894 4300 tpes
906 4239 1030 4299 marcas
1043 4220 1197 4287 irisatim·

909 4319 950 4386 26
