2798 4764
218 334 259 400 86
395 352 516 399 sruons
537 353 577 398 os
599 353 681 398 seza
702 350 800 397 ossrs
820 349 988 395 nonnosus
1009 327 1063 414 (li.

218 506 357 569 nondum
377 504 464 570 linita
485 514 572 580 erat,
592 506 649 569 sed
669 525 769 589 usqne
791 504 932 566 lunarem
955 502 1122 575 circulum,
1144 518 1238 582 quem

216 618 324 682 diluuii
345 620 427 683 unda
449 639 513 681 non
533 619 704 702 adtigerat,
724 618 849 679 illorum
865 617 1002 700 cogitatu
1016 614 1150 678 debebat
1165 613 1240 677 sub·

216 729 325 795 leuari.
370 739 582 795 trecentorum
616 740 720 794 autem
754 748 902 811 passuum
932 726 1109 810 grossitudo
1138 724 1240 789 luerat

216 842 429 916 fundamenti,
443 843 605 906 subleuata
619 843 774 925 siquidem
789 840 947 924 paullatim
963 840 1131 912 artabatur,
1153 836 1239 921 quod

216 956 375 1039 grossities
395 955 523 1018 interior
545 954 667 1038 pondus
688 953 870 1037 prominens
891 953 1068 1016 sustineret.
1109 952 1167 1014 sita
1194 958 1240 1014 et·

217 1066 299 1132 enim
315 1076 382 1129 erat
396 1067 477 1130 inter
491 1066 620 1129 Nubiam
636 1074 670 1129 et
681 1067 854 1149 Emptum,
876 1065 965 1127 dulus
986 1063 1157 1146 antiqualia
1172 1083 1241 1127 cer·

117 1160 121 1169 Α
216 1186 333 1261 nuntur
347 1199 447 1261 usque
460 1178 554 1242 hodie
570 1178 714 1242 euntibus
730 1178 769 1240 de
784 1175 939 1258 Memphis
954 1173 1185 1238 Alexandriam.

165 1340 168 1347 ,
297 1274 438 1352 Dimissi's
459 1309 534 1373 ergo
555 1282 747 1362 incidebciis,
769 1309 832 1371 que
846 1295 936 1370 cepte
951 1280 1080 1350 materie·
1097 1284 1172 1349 dant
1186 1304 1240 1348 co·

215 1382 333 1473 lorem,
349 1386 544 1466 rederrriduin
559 1409 607 1465 est
622 1402 660 1464 ad
675 1390 819 1465 Menrolb
834 1398 887 1482 qui
903 1386 1022 1482 gygans
1036 1393 1107 1481 post
1120 1397 1241 1481 lingua·

218 1520 288 1576 rum
308 1512 465 1595 inceptam
488 1498 705 1577 confusionem
728 1521 842 1575 terram
857 1510 982 1574 sartan
1004 1508 1158 1584 imminit,
1179 1530 1240 1592 que

218 1606 306 1709 'regio
327 1618 456 1701 Perside
478 1624 537 1688 isto
560 1630 702 1707 tempore
725 1622 911 1706 appellatur,
941 1629 972 1685 et
994 1621 1037 1683 ibi
1059 1621 1138 1684 duos
1160 1614 1241 1683 tilios

218 1718 331 1798 ilonor
352 1734 471 1799 scilicet
493 1744 524 1799 et
538 1734 648 1818 llogor
663 1757 702 1799 ex
716 1734 819 1798 Eneth
842 1755 896 1797 sna
913 1733 1046 1816 coniuge
1061 1731 1241 1815 generauit,

218 1838 258 1908 e'x
273 1845 384 1929 quibus
399 1844 564 1927 llunisiue
580 1845 721 1930 ilungari
734 1853 807 1909 sunt
821 1844 933 1908 exorti.
964 1844 1021 1907 sed
1035 1845 1108 1927 quia
1123 1838 1242 1927 gygans

217 1936 363 2020 blenrotb
385 1950 500 2019 uxores
515 1953 590 2020 alias
610 1959 678 2020 sine
692 1948 795 2021 Enctb
817 1956 1000 2039 perhibetur
1017 1950 1180 2030 babuisse,
1202 1964 1242 2018 ex

218 2064 332 2150 quibus
347 2054 466 2152 absque
481 2066 592 2131 Honor
606 2076 636 2132 et
651 2066 762 2152 blogo'r
774 2068 881 2151 plnres'
901 2067 983 2130 lilios
1000 2076 1031 2130 et
1045 2066 1124 2130 filias
1147 2084 1243 2150 gene·

217 2178 321 2252 rauit,
348 2176 382 2241 bi
403 2178 451 2243 sdi
471 2166 526 2241 lilii
547 2176 579 2242 cl
600 2178 710 2243 eorum
732 2178 898 2263 posteritas
918 2178 1045 2242 Perside
1069 2171 1243 2242 inhabitant

217 2290 379 2373 regionem
392 2298 509 2354 statura
523 2298 556 2354 et
570 2291 674 2354 colore
689 2288 788 2355 Hunis
802 2288 937 2365 sir‘niles,
957 2290 1172 2354 tantummodo
1187 2288 1243 2373 pa·

218 2421 288 2464 rum
304 2402 453 2467 dillerunt
467 2402 498 2465 in
512 2400 653 2487 loquela,
674 2405 755 2466 sicut
769 2402 908 2466 Saxones
930 2408 962 2466 et
976 2402 1138 2486 Thuringi.
1171 2421 1242 2464 cum

219 2498 323 2576 autem
338 2512 449 2576 Honor
463 2520 494 2577 et
508 2515 618 2596 llogor
631 2512 777 2578 blenrotb
797 2522 904 2578 essent
918 2512 1132 2598 primogeniti,
1154 2532 1242 2596 apa·

218 2610 265 2684 lre
279 2623 419 2703 ipsorum
435 2623 643 2687 tabernaculis
657 2624 793 2707 separati
808 2626 1007 2689 incedebant.

300 2733 421 2796 Accidit
440 2742 543 2797 autem
560 2734 681 2798 dierum
697 2752 775 2810 una,
797 2736 933 2800 uenandi
949 2757 1058 2801 caussa
1072 2737 1156 2819 ipsos
1171 2754 1244 2821 per·

216 2843 353 2916 rexisse,
375 2844 488 2926 quibus
510 2846 542 2907 in
564 2846 690 2910 deserto
713 2866 808 2911 cerua
830 2847 1037 2923 occurrisset,
1058 2849 1089 2911 in
1112 2849 1242 2931 paludes

220 2942 372 3019 blentidas
387 2955 470 3019 illam
485 2955 698 3039 insequentes,
720 2957 811 3042 logiit
822 2965 893 3022 ante
908 2979 973 3023 eos.
997 2980 1131 3043 cumque
1146 2960 1188 3024 ibi
1203 2954 1243 3023 a'b

218 3066 316 3130 oculis
331 3066 455 3131 illorum
470 3076 598 3151 prorsus
614 3069 791 3144 uanuisset,
813 3070 936 3134 diucius
952 3072 1133 3154 requisitam
1153 3071 1243 3134 inue-

217 3167 284 3273 nire
309 3179 372 3244 ullo
396 3182 491 3244 modo
517 3186 694 3264 potuerunt.
729 3183 902 3266 peragratis
924 3180 1050 3247 tandem
1076 3181 1242 3267 paludibus

218 3286 397 3354 memoratis
423 3312 479 3376 pro
505 3292 652 3357 armentis
680 3295 854 3358 nutriendis
882 3295 983 3378 ipsam
1012 3294 1244 3379 conspexerunt

220 3387 439 3485 opportunam.
462 3405 502 3469 ad
517 3416 637 3488 patrem
649 3402 764 3470 deinde
779 3407 959 3482 redeuntes,
981 3406 1020 3470 ab
1031 3408 1102 3491 ipso
1112 3406 1245 3470 licencia

218 3498 384 3596 impetrata
405 3535 476 3579 enm
499 3518 592 3582 rebus
613 3518 757 3582 omnibus
780 3518 910 3602 paludes
932 3518 1084 3584 Meotidas
1108 3520 1246 3584 intraue-

219 3630 292 3686 runt
306 3627 466 3690 moraturi.
495 3630 582 3713 regio
600 3630 727 3712 quidem
751 3630 905 3706 lleolida,
925 3623 1054 3696 Perside
1075 3630 1175 3713 patrie
1198 3636 1247 3694 est

218 3732 336 3810 uicina,
358 3757 452 3820 quam
468 3737 604 3823 undique
620 3752 734 3824 pontus
747 3751 855 3824 preter
870 3742 985 3806 uadum
1007 3758 1104 3805 unum
1124 3741 1246 3825 paruis·

217 3842 329 3909 simum
345 3844 414 3930 giro
428 3844 538 3921 uallat,
559 3838 737 3914 fluminibus
752 3853 876 3934 penitus
890 3870 1011 3927 carens,
1026 3851 1121 3926 erbis,
1137 3850 1242 3934 lignis,

218 3946 407 4033 dolatilibus,
428 3956 565 4042 piscibus
588 3967 620 4024 et
639 3960 747 4027 bestiis
768 3962 921 4049 copiatur.
948 3954 1051 4027 aditus
1068 3956 1142 4025 illuc
1162 3958 1246 4026 diffi-

218 4064 286 4132 sttis
301 4079 333 4133 et
347 4062 458 4136 eiitus'.
487 4071 618 4156 paludes
632 4082 736 4139 autem
750 4072 903 4142 Meotidas
925 4075 1077 4143 adeuntes
1098 4075 1188 4140 annis
1203 4075 1243 4144 V.

216 4178 418 4250 immobiliter
432 4184 549 4252 abidam
562 4180 814 4274 permanserunt
