2798 4764
198 312 258 377 132
505 325 665 372 rubemus
694 323 920 370 mauricensis

197 483 316 546 duricie
337 501 413 554 sue,
435 480 641 561 depositaque
664 478 765 541 lerina
786 477 986 552 crudelitate,
1006 476 1070 539 leui
1084 476 1157 560 iugo
1173 477 1232 541 do·

198 594 274 656 mini
289 592 370 655 colla
385 591 576 654 submittant.
598 609 616 651 a
631 610 693 670 qun
707 609 782 671 ergo
798 589 1122 671 prelataUngarorum
1137 598 1231 670 gente

197 705 302 768 multis
317 702 462 786 precibus
477 702 544 783 ipse
572 700 727 763 inuitabat
741 700 867 772 uenire,
895 710 949 763 aut
966 699 1075 761 missos
1091 718 1178 761 meos
1199 699 1233 760 in

200 836 280 899 opus
298 812 453 896 euangelii
474 813 547 874 illuc
562 812 708 894 dirigere.
738 811 777 872 ad
793 831 873 893 quos
889 811 964 871 ‹lum
988 811 1231 873 transmitterem

200 928 276 993 satie
290 927 422 988 idoneos
437 924 522 988 uiros
536 944 577 987 ex
591 923 764 996 monacbis,
779 922 1012 1005 canonicosque
1028 922 1233 1003 presbiteros,

201 1046 296 1121 atque
318 1037 357 1100 de
378 1035 508 1118 singulis
530 1033 748 1095 ecclesiasticis
772 1032 922 1114 gradibus
944 1032 1092 1107 clericos,
1115 1039 1145 1094 et
1169 1032 1234 1094 uita

203 1150 352 1232 omnique
374 1145 619 1210 conuersaciooe
645 1146 690 1207 sic
718 1145 879 1217 ordinata,
910 1143 1175 1226 quemadmodum
1201 1144 1233 1207 in

204 1263 300 1347 gestis
314 1260 487 1343 bogiorum
508 1258 617 1332 didici,
640 1266 759 1321 tautum
775 1256 881 1320 diuina
896 1257 1001 1339 gracia
1016 1255 1151 1341 fructum
1172 1264 1236 1321 sta-

203 1375 260 1437 tim
280 1372 483 1446 ministrauit,
510 1379 545 1433 ut
563 1391 602 1433 ex
617 1369 736 1433 eisdem
751 1368 955 1431 nobilioribus
969 1367 1100 1452 Ungaris
1121 1367 1235 1432 utrius-

204 1505 267 1568 que
289 1490 382 1547 s'exus
406 1483 561 1546 catholica
578 1483 642 1546 lide
657 1483 804 1556 imbutos,
825 1491 919 1564 utque
933 1500 1022 1545 sacro
1038 1481 1166 1546 lauacro
1181 1483 1236 1545 ab·

204 1595 307 1668 lutos,
333 1595 458 1657 circiter
481 1592 737 1675 quinquemillia
761 1592 884 1656 Christo
909 1593 1113 1656 lucrarentur.
1146 1593 1238 1655 Cbri·

207 1705 298 1768 stiani
314 1714 434 1777 autem,
456 1724 590 1787 quorum
613 1703 712 1766 maior
726 1723 800 1785 pars
815 1703 922 1786 populi
946 1712 1007 1778 est,
1028 1705 1081 1786 qui
1097 1705 1237 1767 exomni

205 1824 294 1900 parte
309 1816 416 1877 mundi
433 1815 505 1878 illuc
520 1816 609 1878 tracti
625 1823 698 1878 stant
712 1816 837 1896 captiui,
849 1815 961 1897 quibus
976 1817 1238 1899 nunquomsobo-

205 1928 253 1991 les
276 1947 347 1989 suas
368 1927 453 1990 licuit
468 1928 527 1988 nisi
549 1927 663 1990 lurtiue
681 1928 809 1989 domino
829 1948 1035 2001 consecrare,
1058 1930 1151 1991 modo
1170 1948 1239 1991 cer·

207 2040 296 2103 tatim
310 2038 395 2101 nullo
411 2040 554 2103 obstante
577 2040 688 2102 timore
708 2042 846 2104 ollerunt
867 2060 922 2103 eos
938 2040 1106 2121 baptizare.
1135 2050 1240 2124 gratu·

206 2150 310 2216 lentur
332 2171 441 2213 omnes
462 2158 610 2233 tanquam
632 2153 671 2213 ‹le
696 2152 952 2234 peregrinacione
974 2171 1032 2214 sua
1053 2152 1084 2214 in
1106 2152 1240 2234 patriam

209 2263 349 2337 reducti,
370 2263 456 2346 quod
472 2263 642 2325 christiano
658 2283 746 2326 more
760 2263 897 2325 oratoria
914 2263 1033 2328 audent
1046 2273 1241 2338 construere,

209 2385 240 2440 et
254 2376 387 2438 licencia
402 2383 567 2457 percepta,
589 2373 729 2456 linguam
743 2374 868 2457 ligatam
888 2375 920 2436 in
935 2375 1060 2439 laudem
1076 2377 1240 2439 saluatoris

208 2494 394 2570 presumunt
416 2485 552 2549 soluere.
585 2486 645 2568 ipsi
667 2486 750 2547 enirn
771 2486 897 2548 barbari
918 2489 997 2548 mira
1019 2488 1241 2570 omnipotentis

211 2598 262 2661 dei
285 2606 435 2678 operante
465 2598 652 2670 clemencia,
679 2617 813 2678 quorum
836 2597 911 2660 licet
937 2600 1041 2661 adbuc
1067 2599 1240 2681 gentilitate

210 2706 271 2769 sint
285 2707 411 2789 quidam
427 2707 561 2780 detenti,
582 2707 700 2769 nullum
716 2716 821 2770 tamen
838 2728 878 2770 ex
893 2709 1016 2772 illorum
1029 2709 1161 2771 subditis
1183 2727 1240 2772 ue-

181 2826 189 2835 '
210 2824 277 2882 tant
290 2817 456 2899 baptizari,
476 2836 536 2881 nec
550 2820 763 2882 sacerdotibus
779 2819 921 2883 inhibent
936 2839 1126 2903 quocunque
1146 2819 1241 2902 proli·

211 2928 296 2992 eisci.
323 2929 381 2991 sed
401 2928 444 2990 ita
459 2930 632 2992 concordes
646 2939 719 2992 suut
733 2932 847 3014 pagani
862 2952 932 2995 cum
949 2930 1152 3008 Christianis,
1172 2943 1241 2998 tan·

211 3050 337 3123 umque
353 3042 393 3103 ad
407 3040 543 3104 inuicem
558 3041 676 3106 babent
692 3042 948 3119 familiaritatem,
968 3053 1004 3108 ut
1018 3045 1083 3109 illic
1095 3046 1242 3111 uideatur

210 3152 290 3217 lraie
312 3152 487 3234 prophecia
506 3152 650 3234 impleri:
676 3154 768 3235 lupus
791 3165 822 3218 et
841 3174 939 3239 agnus
955 3165 1127 3238 pascuntur
1140 3156 1242 3232 simul,

210 3262 262 3329 leo
288 3274 319 3327 et
343 3263 401 3326 bos
425 3265 592 3328 comedent
616 3266 733 3347 paleas.
765 3266 882 3330 lactum
910 3278 958 3331 est
982 3289 1075 3352 ergo,
1100 3279 1132 3333 ut
1158 3289 1241 3351 pene

212 3386 324 3441 cuncta
340 3376 532 3462 Ungarorum
553 3379 645 3442 nocio
660 3378 700 3442 sit
719 3398 819 3460 prona
840 3381 880 3443 ad
895 3381 1133 3463 percipientium
1147 3381 1242 3445 iidem

213 3498 364 3552 sanctam.
393 3491 449 3554 sed
465 3498 496 3554 et
510 3491 570 3555 alie
584 3490 792 3554 Scblauorum
816 3493 977 3574 prouincie
994 3494 1033 3557 ad
1049 3495 1243 3559 credendum

212 3606 345 3680 promte.
375 3609 472 3664 otest
491 3602 535 3664 ibi
557 3603 667 3666 messis
692 3605 820 3686 quidem
842 3604 955 3679 multa,
982 3606 1118 3686 operarii
1139 3616 1244 3671 autern

212 3708 314 3790 pauci.
336 3709 409 3772 inde
424 3732 551 3793 quoque
570 3715 671 3776 uisum
687 3724 735 3777 ost
753 3715 815 3775 iam
830 3714 1040 3777 necessarium
1056 3735 1144 3789 esee,
1166 3737 1244 3799 qua-

213 3825 305 3882 tenos
327 3821 473 3882 sanctitas
494 3830 600 3885 uestra
619 3824 681 3887 illic
702 3825 809 3889 iubeat
829 3825 951 3909 aliquos
967 3825 1105 3888 ordinari
1120 3828 1245 3907 episco-

212 3949 283 4015 pos,
304 3931 378 4014 quia
392 3941 423 3996 et
436 3933 594 4015 quondam
606 3936 818 4000 Romanorum
831 3935 1084 4020 Gepidarumque
1099 3945 1244 4021 tempore

212 4041 358 4126 proprios
373 4042 428 4105 Vll
442 4043 594 4109 antistites
610 4046 722 4112 eadem
738 4046 897 4114 orientalis
912 4046 1073 4110 Pannonia
1086 4046 1196 4114 babuit
1211 4060 1244 4118 et

213 4150 326 4231 bieria,
341 4174 412 4220 mee
426 4162 534 4220 sancto
548 4156 776 4237 Laurcaceosi,
790 4160 840 4225 cui
855 4179 914 4246 ego
927 4158 1075 4245 indignus
1089 4163 1242 4242 ministro,
