2798 4764
556 971 795 1057 eutonium
828 973 953 1058 nucis

597 1164 916 1253 crunnus

243 1340 928 1407 HOSPlTUbiIUXTACASTRUMWALKO
936 1341 1272 1407 contionatoribus.

657 1481 857 1546 cccxxxi.

556 1652 579 1704 E
598 1667 659 1705 mss·
677 1652 809 1731 Stephani·
823 1653 957 1720 iiaprinci.

327 1910 517 1976 Coiomaaus
531 1911 583 1976 dei
597 1915 702 1996 procia
722 1934 779 1978 rex
800 1922 832 1978 ei
845 1914 910 1977 dux
923 1912 1025 1978 tocius
1039 1913 1203 1978 Sclauonie
1221 1931 1272 1975 sa-

243 2023 341 2088 lutem
357 2032 388 2087 et
402 2045 495 2088 omne
510 2026 639 2089 bonum.

326 2137 372 2198 Nc
391 2155 431 2200 aa
450 2157 513 2221 quc
533 2146 669 2220 aguntur
686 2138 720 2201 in
740 2147 881 2223 temporo
896 2138 1041 2201 labantur
1055 2157 1126 2201 cum
1142 2137 1271 2210 eodem,

243 2248 434 2331 prudentum
454 2248 603 2314 subitiuit
622 2249 828 2333 prouidencia
848 2248 1009 2314 literarum
1027 2248 1205 2312 testimonio
1220 2266 1272 2310 ro·

242 2360 359 2425 bereri.
380 2361 421 2426 ad
431 2360 652 2425 uniuersorum
667 2361 760 2443 igitur
771 2362 916 2425 uolumus
930 2362 1098 2444 peruenire
1114 2360 1272 2434 noticiam,

244 2473 329 2555 quod
344 2494 401 2536 nos
415 2472 590 2556 hospitibus
603 2472 691 2537 iuxta
704 2482 838 2538 castrum
850 2472 981 2536 Valirow
994 2471 1271 2543 commorantibus,

242 2583 390 2647 uidelicet
404 2585 594 2660 Teutonieis,
615 2585 803 2660 Saxonibus,
823 2585 981 2668 ilungaris
999 2592 1031 2647 ct
1044 2583 1174 2657 Sciauis,
1195 2603 1273 2645 con-

241 2692 313 2757 silio
333 2704 365 2758 et
385 2715 542 2760 consensu
565 2697 705 2760 omnium
726 2697 928 2781 iobagioaum
949 2704 1129 2760 nostrorum
1143 2694 1272 2758 liberta·

241 2811 306 2868 tem
321 2803 415 2868 talem
429 2807 663 2870 constituimus:

325 2918 384 2991 (1)
405 2926 440 2979 ut
453 2934 579 2979 onmem
594 2935 720 2980 causam
735 2916 817 2981 inter
830 2917 916 3000 ipsos
931 2926 1049 2993 oriam,
1070 2926 1177 3002 preter
1191 2920 1271 2980 eiiu-

242 3026 363 3090 aioncm
389 3028 559 3110 sanguinis,
586 3029 686 3091 maior
710 3028 784 3093 uiiie
809 3031 1001 3106 eorundem,
1029 3051 1123 3113 quem
1145 3031 1270 3112 ipsimet

243 3139 460 3221 exposuerint,
480 3138 617 3202 iudicare
632 3149 767 3204 tenetur.
789 3142 975 3205 effusionem
991 3151 1094 3205 tannen
1110 3142 1269 3225 sanguinis

241 3272 306 3317 uon
327 3272 386 3334 per
400 3271 452 3325 se,
472 3251 530 3314 sed
546 3272 602 3333 per
616 3252 781 3316 ianitorem
796 3254 888 3316 castri
909 3254 1008 3337 possit
1021 3253 1176 3327 iudicare,
1197 3273 1269 3317 cum

243 3382 307 3447 quo
322 3363 470 3426 iudicium
483 3363 599 3426 habeat
613 3383 790 3428 commune.

326 3476 384 3549 (2)
406 3475 575 3537 Statuimus
590 3476 690 3538 eciam
701 3477 788 3558 quod
802 3476 842 3540 de
853 3474 992 3560 qualibet
1004 3484 1094 3558 porta
1109 3478 1268 3541 annuatim

243 3583 406 3647 dimidium
422 3585 586 3660 fertonem,
601 3587 765 3649 transactis
778 3588 809 3649 iu
824 3588 962 3651 nouitate
975 3587 1073 3649 tribus
1089 3588 1178 3649 annis
1192 3587 1269 3649 darc

243 3700 421 3769 tencantur,
441 3696 484 3757 iia
497 3678 602 3760 tamen
617 3698 702 3780 quod
716 3697 845 3761 iniusto
860 3718 885 3759 s.
897 3697 1024 3780 Georgii
1045 3699 1104 3761 trio
1119 3699 1269 3780 pondera,

243 3802 277 3867 in
291 3805 429 3868 secundo
444 3805 526 3871 iesto
540 3828 566 3871 a.
576 3807 702 3871 biartini
716 3808 773 3872 tria
788 3809 928 3892 pondera
942 3809 1169 3891 persoluerent.

325 3918 383 3993 (3)
404 3918 557 3982 statutum
573 3930 621 3985 est
634 3921 770 3997 eisdem,
792 3920 877 4005 quod
892 3919 1002 4003 siquis
1017 3922 1084 3985 sina
1098 3923 1269 3987 heredibus

243 4046 283 4093 cx
302 4027 379 4111 ipsis
402 4029 556 4092 decedere
580 4031 758 4117 contigerit,
791 4030 958 4117 pecuniam
979 4051 1067 4095 suam
1090 4034 1269 4119 cuicunque

241 4139 339 4207 uellet
352 4141 450 4227 possit
465 4140 644 4229 disponere.
