2798 4764
513 384 586 434 ura
607 385 633 434 s.
646 385 780 436 cumam
807 363 883 454 (alp.
1147 362 1209 437 &l

184 543 263 607 mira
286 541 464 624 fragrancia
486 561 527 605 ex
551 540 697 622 sepulcro
718 541 785 604 eius
801 540 928 623 erupit,
949 549 981 605 et
1004 560 1119 624 eorpus
1143 540 1211 613 cius

183 655 340 729 lucidum,
360 663 508 737 tanquam
529 655 583 717 nix
605 662 805 735 repererunt,
826 672 864 714 ac
882 653 908 716 si
923 653 1036 717 eodem
1050 633 1211 719 momento

184 767 390 830 martirizatus
413 765 534 830 luisset.
563 785 633 829 cum
655 787 732 849 ergo
752 773 893 830 sanctum
917 785 1031 846 corpus
1053 765 1212 840 tulissent,

186 878 395 944 concurrebat
422 877 587 940 mullitudo
616 877 781 951 debilium,
813 896 977 948 cecorum,
1007 875 1210 951 claudorum,

185 991 240 1073 qui
264 996 350 1053 tacto
372 1007 506 1070 corpore
531 985 583 1051 uel
604 988 712 1051 babitu
733 991 800 1051 eius
825 1008 935 1051 omues
957 988 1159 1061 sanabantur,
1179 994 1212 1052 et

186 1121 256 1165 cum
278 1108 407 1183 propter
427 1100 658 1163 multitudinem
679 1099 786 1182 populi
806 1101 838 1162 in
856 1100 907 1164 die
925 1100 1034 1182 egredi
1047 1121 1111 1163 non
1125 1098 1213 1164 ualc-

185 1221 271 1287 rent,
291 1221 385 1277 noete
407 1213 527 1293 egressi
548 1221 636 1285 sunt,
657 1220 688 1274 et
702 1232 774 1275 cum
796 1211 1022 1294 aliquantulum
1041 1211 1213 1294 processis·

186 1331 266 1398 sent,
280 1343 390 1387 manns
406 1324 567 1386 cuiusdam
583 1331 740 1386 contracte
756 1323 904 1396 mulieris,
918 1343 980 1405 que
992 1342 1107 1404 corpus
1121 1341 1213 1385 sanc·

187 1443 254 1498 tum
267 1434 368 1517 tetigit
376 1479 386 1509 ,
407 1454 480 1498 mox
492 1436 636 1498 restituta
650 1442 697 1499 est
710 1434 843 1497 sanitati.
863 1434 992 1514 insuper
1001 1434 1139 1497 iumenta
1150 1452 1214 1515 quc

188 1565 313 1610 currum
339 1546 505 1609 trahebant
533 1565 597 1608 non
620 1555 693 1608 sunt
719 1544 786 1608 uisa
811 1546 977 1609 comedere
1005 1564 1063 1609 nec
1087 1545 1215 1620 bibere,

187 1676 312 1737 semper
324 1657 387 1720 loto
401 1656 570 1731 trabentes,
585 1656 675 1738 quasi
689 1655 807 1718 nullum
822 1656 945 1739 pondus
960 1657 1124 1720 sentirent.
1144 1676 1215 1721 cuc-

188 1769 297 1832 rebant
318 1769 357 1832 de
380 1769 464 1833 uillis
479 1770 564 1832 etde
580 1776 643 1832 tota
659 1769 821 1851 prouincia
835 1768 1045 1832 Chanediensi
1067 1768 1128 1861 uiri
1145 1787 1217 1833 cor-

188 1879 257 1961 pori
279 1879 421 1953 obuiam,
450 1888 484 1942 ut
497 1881 551 1963 qui
570 1881 655 1962 ipsos
670 1881 710 1943 ad
723 1881 818 1944 fidem
834 1889 1051 1956 conuerterat,
1072 1881 1217 1963 dignare·

188 1999 240 2054 tur
253 1993 352 2055 eciem
374 1992 459 2074 apud
479 1992 661 2055 altissimum
683 2011 741 2075 pro
760 1992 836 2074 ipsis
851 1992 1060 2056 intercedere.
1081 2012 1216 2076 cumque

189 2102 229 2164 ad
242 2101 373 2164 fluuium
389 2103 494 2164 Muros
509 2104 744 2185 peruenissent,
767 2113 797 2166 et
812 2123 898 2166 more
913 2103 1004 2165 solito
1020 2124 1129 2166 currus
1145 2123 1216 2165 cum

193 2232 327 2295 corpore
349 2213 382 2275 in
403 2215 477 2277 noui
499 2222 599 2288 esset,
621 2233 734 2276 nauem
749 2222 814 2277 tota
829 2213 993 2276 multitudo
1008 2232 1137 2275 mouere
1151 2232 1217 2275 non

191 2327 303 2406 potuit.
333 2332 449 2388 etcum
470 2325 599 2407 remigia
621 2345 678 2387 sua
699 2326 738 2387 de
757 2324 902 2387 manibus
915 2325 980 2387 suis
996 2323 1217 2405 proiecissent,

191 2438 281 2500 nauis
300 2446 363 2500 tam
385 2437 535 2500 uelociter
555 2438 685 2500 lluuium
708 2436 905 2517 pertransiit,
934 2445 968 2499 ut
987 2444 1053 2498 arte
1082 2435 1221 2497 bumana·

191 2547 369 2611 nuliatenus
390 2549 581 2631 pertransire
602 2549 765 2630 potuisset.
793 2547 835 2610 ibi
853 2568 930 2629 ergo
945 2547 1106 2630 Philippus
1121 2546 1217 2610 abbas

192 2679 263 2723 cum
280 2661 438 2723 canonicis
459 2668 489 2723 et
511 2660 673 2723 monacbis
693 2660 793 2722 induti
817 2667 1001 2722 ornamento
1015 2654 1219 2733 sacerdotali,

192 2789 263 2833 com
286 2789 401 2852 magna
415 2771 616 2853 processione
635 2780 776 2834 sanctum
797 2791 910 2853 corpus
931 2771 1078 2834 tollentes
1098 2770 1138 2832 ad
1152 2784 1221 2832 mo·

192 2883 363 2946 nestorium
383 2884 473 2946 beate
494 2883 641 2965 uirginis,
661 2883 747 2965 quod
769 2885 837 2966 ipse
857 2884 970 2947 uiuens
989 2904 1046 2964 pro
1061 2882 1221 2964 sepultura

193 3001 411 3058 construxerat
433 2995 521 3057 iuxta
546 2994 710 3058 ecclesiam
735 2996 832 3058 saneti
857 2996 980 3058 loannis
1004 2995 1141 3077 baptiste
1165 2993 1221 3057 de-

194 3103 360 3169 duxerunt.
382 3105 527 3189 laetaque
547 3115 595 3169 est
610 3105 773 3170 altercacio
787 3107 870 3169 inter
883 3105 1060 3188 Pbilippum
1075 3106 1221 3168 abbatem

194 3225 226 3279 et
240 3218 419 3281 canonicos.
448 3218 595 3281 dicebant
609 3219 692 3282 enim
709 3218 852 3281 canonici
867 3217 953 3299 quod
974 3218 1006 3279 in
1021 3216 1155 3280 ecclesia
1169 3232 1222 3278 ca-

105 3317 108 3321 ’
194 3324 328 3391 tbedrali
343 3327 474 3392 deberet
487 3329 623 3410 sepeliri.
645 3338 784 3397 econtra
797 3328 958 3409 Philippus
973 3329 1069 3390 abbas
1084 3323 1224 3387 autbori·

196 3445 259 3500 tate
273 3438 442 3520 apostolica
456 3460 549 3522 quern
563 3440 613 3502 uir
628 3440 739 3503 uiuens
755 3447 980 3520 procurauerat
995 3456 1052 3518 pro
1062 3434 1236 3516 sepultura

197 3567 272 3620 sua,
293 3548 415 3615 dicebat
429 3549 557 3633 sepeliri
572 3551 603 3613 in
618 3551 808 3613 monasterio
822 3550 913 3611 beate
929 3548 1068 3631 uirginis.
1095 3545 1222 3609 tandem

197 3660 295 3740 primo
319 3663 461 3726 canonici
492 3670 634 3724 sanctum
663 3682 776 3744 corpus
806 3669 967 3742 portantes
991 3660 1032 3722 ad
1057 3657 1223 3722 ecclesiam

193 3771 292 3833 sancti
306 3771 452 3855 Georgii,
480 3783 512 3835 et
532 3782 638 3835 tamen
658 3773 835 3836 nullatenus
857 3772 1016 3852 deponere
1039 3773 1224 3850 potuerunt,

195 3902 254 3945 nec
267 3904 303 3946 se
317 3884 434 3966 deponi
450 3885 606 3967 permisit,
627 3884 686 3947 uisi
701 3884 732 3947 in
752 3884 823 3947 loeo
838 3892 1029 3958 memorato,
1049 3883 1103 3946 ubi
1118 3881 1224 3964 elage-

195 4001 245 4056 rat
256 3995 461 4076 sepulturam.
483 3997 566 4059 unde
580 3996 612 4059 bi
628 3997 681 4078 qui
696 3995 847 4060 feretrum
862 3997 1039 4079 portabant,
1053 3995 1139 4057 ibant
1152 4010 1224 4054 cum

196 4103 345 4169 miraculo
359 4115 529 4189 sequentes
543 4128 608 4190 quo
620 4108 815 4172 ducebantur
828 4104 928 4171 inuiti.
950 4127 1020 4171 cum
1032 4112 1135 4169 autem
1147 4116 1226 4167 uem

196 4223 263 4285 tum
279 4215 397 4312 ‘tolsact
415 4219 457 4287 ed
470 4218 647 4305 predictum
659 4219 765 4287 locum
783 4219 960 4305 repulere,
980 4225 1069 4284 uoto
1082 4213 1225 4303 pondus
