2798 4764
287 342 438 396 arcessar
454 351 481 396 r.
503 350 592 397 urnis
614 352 762 400 nrneurss
785 353 936 404 saxosus.
975 339 1065 407 127¹.
1126 343 1187 409 523

162 522 219 583 per
241 512 338 565 totum
360 524 489 578 annum,
512 527 611 588 usque
634 509 673 569 ad
687 508 920 573 reuoluciouem
945 532 1028 575 noue
1044 522 1187 591 monete,

163 617 247 697 quod
262 616 392 698 quilibet
404 618 517 680 babeat
539 621 667 681 liberam
688 621 850 684 licenciam
866 624 1006 698 curandi,
1028 626 1188 691 uendendi

162 748 233 789 cum
255 729 322 810 ipsa
344 740 485 803 moneta,
507 751 577 793 cum
600 753 676 796 auro
696 741 727 797 et
741 745 882 817 argento,
905 736 955 798 nel
970 739 1186 824 cuiuscunque

161 841 338 904 substancia
356 842 519 905 facultatis.

242 955 323 1028 (12)
360 974 417 1016 nec
445 957 669 1036 pretermisso,
703 960 790 1039 quod
818 961 984 1041 sepedictis
1011 960 1187 1044 hospitibus

161 1065 274 1127 nostris
298 1065 444 1128 fidelibus
465 1067 497 1128 iu
520 1070 610 1150 aqrris
635 1070 790 1150 piscandi,
819 1071 849 1132 iu
872 1073 1005 1154 campis,
1036 1074 1067 1136 in
1089 1074 1186 1157 syluis

162 1179 315 1253 uenandi,
336 1181 460 1261 plenam
476 1183 689 1246 concessimus
703 1183 889 1247 libertatem.

241 1293 321 1366 (¹13)
344 1293 489 1355 uolumus
504 1295 632 1377 iusuper
645 1297 730 1377 quod
746 1296 777 1357 iu
793 1297 884 1360 metis
900 1307 930 1361 et
944 1298 1103 1372 limitibus,
1121 1299 1185 1382 syl·

162 1403 210 1466 uis
226 1411 257 1465 et
271 1406 460 1479 nemoribus
481 1427 538 1487 per
553 1406 666 1468 nullius
688 1408 883 1471 condicionis
905 1410 1072 1472 bominem
1085 1409 1186 1492 impe·

162 1516 286 1578 diantur
307 1518 357 1579 uel
376 1527 555 1599 graueutur,
578 1540 687 1583 uerum
703 1521 762 1602 ipsi
775 1521 863 1603 larga
878 1522 1042 1603 pociantur
1056 1521 1186 1586 licencia

161 1628 265 1710 sylnas
286 1630 493 1710 exstirpandi,
516 1639 547 1693 et
562 1631 592 1692 iu
608 1640 722 1695 terram
739 1632 887 1696 arabilem
902 1634 1084 1717 redigendi,
1105 1634 1186 1699 suis·

161 1761 223 1822 que
238 1741 347 1804 usibus
362 1743 550 1824 applicandi.

242 1852 321 1928 (tt)
353 1874 425 1915 cum
449 1864 551 1917 autem
578 1855 762 1920 collectores
792 1858 918 1940 terragii
948 1859 1068 1933 nostri,
1099 1867 1185 1925 certo

159 1972 300 2046 tempore
323 1968 496 2046 prescripto
517 1966 558 2028 ad
580 1967 666 2048 ipsos
686 1968 890 2049 peruenient,
918 1969 1107 2032 tenebuntur
1129 1986 1185 2032 cos

159 2078 320 2159 suscipere
337 2078 507 2140 bonoribce
521 2086 553 2140 et
566 2087 733 2158 gratanter,
753 2080 886 2141 incerto
901 2099 1033 2142 nurnero
1049 2089 1185 2163 quatuor

159 2209 368 2273 personarum
390 2199 422 2252 et
446 2192 585 2273 quinque
611 2210 782 2273 equorum,
809 2191 922 2272 quibus
943 2191 975 2252 in
999 2190 1184 2255 uictualibns

160 2311 191 2364 et
206 2302 324 2364 deliciis
338 2303 459 2365 laucius
473 2301 699 2383 prouidebunt,
720 2302 823 2364 donec
836 2322 958 2364 summa
972 2310 1184 2365 trecentarum

160 2434 351 2488 marcarum,
373 2435 442 2477 cum
465 2415 604 2496 pondere
623 2423 788 2496 prenotato
803 2415 998 2498 integraliter
1012 2414 1185 2497 colligatur.

242 2530 320 2604 (15)
342 2536 501 2609 postremo
512 2526 587 2606 ipsis
604 2527 781 2607 petentibus
795 2528 876 2589 benc
888 2527 1100 2589 concessimus
1114 2544 1186 2608 gra·

160 2642 259 2704 ciam:
281 2640 435 2722 querendi
460 2639 596 2701 mineras
619 2648 649 2701 et
670 2637 794 2701 metalla
813 2639 845 2701 in
866 2640 1035 2713 montanis,
1056 2638 1186 2703 inuenta

162 2753 287 2825 tollere,
310 2760 340 2814 et
360 2753 423 2814 suis
445 2750 553 2813 usibus
575 2749 750 2832 applicare,
771 2749 860 2813 saluo
874 2749 942 2812 iure
958 2759 1075 2825 nostro,
1096 2749 1186 2814 dedi·

161 2884 230 2927 mus
244 2872 441 2946 potestatem.

244 2986 277 3039 ut
290 2977 384 3059 igitur
398 2976 490 3037 buius
506 2996 523 3038 a
538 2976 629 3039 nobis
644 2995 794 3038 concesse
810 2975 960 3038 libertatis
975 2975 1072 3038 series
1086 2975 1186 3039 robur

161 3092 301 3154 obtineat
322 3087 474 3150 nuntiatis
498 3097 659 3170 perpetue,
682 3107 740 3151 nec
760 3108 818 3169 per
839 3087 1017 3170 quempiam
1036 3104 1185 3167 processa

160 3202 309 3282 temporis
325 3200 484 3262 retractari
500 3199 612 3271 ualeat,
635 3208 688 3260 aut
703 3199 735 3259 iu
749 3198 869 3261 irritum
886 3194 1121 3280 quomodolibet
1134 3213 1186 3257 ro·

161 3313 284 3383 uocari,
321 3319 484 3392 presentes
508 3308 720 3371 concessimus
745 3307 880 3379 litteras,
912 3305 1068 3386 dupplicis
1092 3300 1186 3386 sigilli

162 3424 258 3486 nostri
274 3424 443 3484 munimine
459 3422 631 3484 roboratas.
653 3421 759 3481 datum
774 3439 831 3500 ρει·
846 3436 955 3479 manus
971 3415 1109 3497 magistri
1124 3415 1185 3478 Be·

122 3561 125 3566 ·
160 3535 276 3598 nedicti
305 3535 486 3596 (leodiensis
511 3532 645 3595 ecclesie
674 3529 839 3612 prepositi,
868 3528 938 3589 aule
964 3537 1069 3589 nostre
1101 3526 1186 3590 nice·

159 3645 354 3719 cancellarii,
376 3645 478 3706 dilecti
494 3652 525 3705 et
539 3641 639 3704 fidelis
655 3642 762 3704 nostri.
788 3659 870 3700 anuo
886 3637 1003 3699 domini
1019 3636 1184 3700 millesimo

159 3758 375 3821 ducentesimo
402 3753 635 3837 septuagesimo
661 3753 772 3833 primo.
798 3751 876 3814 Vlll.
910 3749 972 3812 kal.
1002 3746 1184 3813 necemus

158 3870 327 3934 indictione
343 3868 424 3930 xlv.
442 3867 531 3949 regui
547 3874 650 3928 autem
667 3865 762 3926 nostri
778 3864 814 3925 ll.
