2798 4764
218 325 260 395 lt)
438 342 577 394 uuourur
597 342 697 389 ossis
718 344 928 391 nonosnonuu
950 325 1030 410 (lot

219 503 320 566 eciam
342 509 443 565 terras
467 498 633 581 posteritas
657 519 784 574 eorum,
812 499 919 563 diuina
943 502 1049 584 grecia
1070 502 1253 579 adiuuante,

220 631 321 696 usque
336 633 421 675 nuno
436 612 554 674 habere
568 620 761 674 meruerunt.
789 610 950 692 predictus
966 630 1045 675 uero
1060 613 1175 677 Tumol
1194 635 1253 696 por

221 726 359 809 graciam
371 724 477 806 Arpad
492 723 580 785 ducis
595 724 637 785 ad
650 724 790 787 radicem
806 723 948 786 eiusdem
963 725 1088 798 montis,
1103 725 1156 788 ubi
1167 727 1252 791 uuu-

219 858 280 921 rug
294 837 459 900 descendit
476 837 509 898 in
524 838 548 896 T
550 836 698 908 hiscinm,
720 836 886 917 eequisiuit
899 855 1045 917 maguam
1063 845 1179 899 terrum
1189 883 1199 911 ‚
1209 848 1253 904 ..et

219 951 253 1014 in
273 950 386 1012 eodem
409 948 479 1010 loco
496 955 632 1010 oestrum
653 948 827 1009 construxit
842 957 999 1021 terreum,
1020 950 1106 1030 quod
1121 969 1205 1012 nuno
1219 951 1251 1013 in

221 1063 358 1146 presenti
373 1061 599 1144 Hymusuduor
613 1071 821 1140 nuncupatur.

304 1224 368 1311 (18)
400 1228 445 1289 Do
464 1226 590 1289 Borsod.
644 1227 684 1288 Et
701 1225 783 1318 ‘dum
805 1226 848 1288 113
872 1224 1002 1289 radicati
1025 1234 1147 1300 essent,
1176 1234 1251 1292 tuno

221 1341 379 1405 oommuui
391 1339 521 1403 consilio
536 1349 568 1401 et
582 1339 800 1403 admoniciones
817 1339 955 1401 omnium
970 1337 1161 1415 incolarum,
1177 1339 1250 1402 mis-

221 1474 275 1517 sus
297 1462 344 1517 est
358 1454 458 1515 Borsu
479 1452 560 1515 lilius
580 1454 714 1535 Bunger,
736 1472 807 1514 cum
822 1451 926 1513 ualida
947 1472 1038 1513 mauu
1056 1471 1166 1514 uersus
1188 1459 1251 1515 ter·

223 1584 290 1626 ram
304 1562 512 1634 Polonorum,
541 1563 594 1644 qui
609 1561 744 1623 confinia
760 1563 848 1645 regui
865 1563 1077 1644 conspiceret,
1100 1571 1131 1625 et
1146 1562 1251 1625 obsta-

223 1673 302 1738 culis
319 1672 517 1736 confirmaret
539 1693 638 1756 usquo
662 1675 701 1734 ud
718 1683 853 1736 montem
871 1676 976 1747 Tutor,
999 1684 1030 1737 et
1045 1674 1076 1737 in
1091 1674 1161 1738 loco
1177 1695 1252 1738 con-

222 1783 363 1849 uenienti
378 1794 514 1848 castrum
531 1793 745 1858 construeret,
768 1805 862 1846 causo
877 1786 1018 1848 custodie
1032 1785 1130 1866 regni.
1151 1785 1250 1847 Borsu

222 1917 300 1962 uero
316 1907 447 1981 accepta
459 1896 586 1961 licentia
601 1918 748 1978 egressus
764 1897 846 1960 lelici
862 1898 1003 1970 l'urtunn,
1026 1898 1158 1960 collecta
1173 1896 1252 1960 nsul-

221 2008 355 2074 titudine
378 2008 581 2082 ruslicorum,
608 2008 695 2070 iuxta
716 2009 843 2070 lluuium
865 2009 987 2071 Buldua
1013 2017 1146 2071 castrum
1176 2028 1252 2071 oon-

221 2120 349 2194 struxit,
372 2121 456 2204 quod
474 2128 618 2182 uocatum
641 2129 688 2184 est
702 2140 720 2182 3
736 2120 854 2202 populo
877 2119 929 2180 illo
951 2121 1088 2194 llorsod,
1111 2121 1252 2203 eoquod

221 2251 355 2318 paruum
370 2231 473 2296 luerit.
503 2232 581 2292 Bors
596 2252 674 2295 uero
690 2232 828 2314 acceptis
842 2231 914 2293 liliis
929 2231 1101 2294 incolarum
1120 2232 1152 2293 in
1168 2229 1251 2294 obsi·

223 2344 290 2420 (les,
312 2355 343 2409 et
358 2344 446 2410 lactis
461 2345 567 2419 metis,
588 2366 647 2427 per
661 2353 781 2407 montes
794 2346 890 2406 Tutur
904 2363 1052 2407 retrorsus
1074 2350 1123 2406 est
1137 2344 1177 2405 ud
1193 2343 1251 2406 du·

224 2478 292 2521 cem
311 2459 434 2540 Arped,
457 2459 548 2520 etde
571 2457 752 2520 reuersione
775 2459 873 2518 Borsu
897 2455 1010 2518 lactum
1034 2464 1081 2517 est
1103 2455 1250 2537 goudium

222 2588 369 2649 magnum
389 2569 422 2629 in
437 2569 523 2628 curin
539 2568 636 2629 ducis.
664 2569 820 2629 (1333333
838 2586 894 2650 pro
909 2566 1064 2628 beneficio
1080 2586 1153 2639 suu,
1175 2568 1251 2627 Bor-

223 2698 291 2740 sum
314 2677 345 2738 in
367 2678 479 2739 eodem
500 2685 604 2739 castro
620 2678 763 2740 comitem
780 2677 957 2749 constituit,
980 2684 1012 2737 et
1033 2684 1127 2737 totum
1143 2697 1249 2738 cirrum

223 2786 303 2852 illius
317 2788 415 2871 partis
430 2788 490 2850 sibi
505 2786 704 2850 condonouit.

305 2965 369 3050 (lo)
401 2970 446 3030 Do
464 2969 535 3031 dure
554 2969 739 3048 Bylorleosi.
792 2969 863 3029 Dux
883 2986 960 3031 uero
982 2968 1088 3051 Arpud
1111 2978 1251 3034 transue-

221 3081 261 3145 tis
284 3081 472 3164 quibusdum
497 3081 626 3156 diebus,
657 3088 788 3164 accepto
812 3100 940 3144 suorum
972 3082 1123 3145 nobilium
1148 3085 1252 3147 oonsi-

221 3192 275 3268 lio,
295 3194 416 3277 legatos
430 3195 515 3257 misit
528 3195 560 3257 in
574 3202 709 3257 oestrum
721 3194 829 3277 Byhor
841 3195 881 3256 od
898 3195 1008 3258 ducem
1019 3196 1250 3271 Menumorout,

221 3317 334 3393 petens
355 3308 465 3383 obeo,
487 3309 572 3391 quod
592 3308 631 3371 de
646 3308 770 3371 iusticie
792 3307 874 3371 ataui
896 3309 943 3371 sui
959 3308 1061 3372 Athile
1082 3311 1167 3392 regis
1190 3310 1249 3372 sibi

178 3472 182 3476 .
222 3421 414 3483 concederet
427 3427 543 3483 terram
560 3439 577 3483 3
592 3421 688 3482 113313
701 3423 813 3482 Zomus
829 3440 929 3503 usque
944 3421 984 3482 ad
998 3421 1167 3483 conliuium
1178 3423 1250 3503 Nyr,

222 3535 254 3591 31
275 3550 375 3614 usque
399 3531 438 3593 nd
458 3540 579 3614 portum
601 3533 815 3615 llezesynsm,
844 3540 875 3595 et
890 3532 972 3595 misit
987 3533 1015 3595 ei
1031 3533 1162 3595 donario
1177 3553 1250 3604 suo,

220 3640 302 3704 siout
316 3630 418 3722 primo
432 3644 561 3708 miserat
573 3645 689 3707 Salano
704 3646 776 3707 (1331
792 3642 963 3725 Tytulensi.
991 3650 1022 3705 et
1038 3644 1069 3705 in
1084 3644 1247 3725 legacione

220 3749 274 3814 1113
296 3752 381 3816 missi
403 3762 475 3816 suut
490 3755 553 3818 duo
568 3755 775 3817 strenuissimi
792 3754 922 3827 milites,
945 3753 1072 3816 Usuhuu
1086 3757 1250 3836 3313323-

220 3860 331 3938 loucu,
344 3873 376 3928 et
386 3864 494 3939 113133,
511 3886 530 3929 3
545 3865 633 3929 cuius
647 3867 798 3948 progenie
811 3865 917 3927 Turde
932 3865 1100 3947 episcopus
1116 3866 1248 3928 descen·

221 3972 275 4037 (lit.
297 3984 385 4040 erunt
399 3977 482 4039 enim
497 3976 546 4041 isti
561 3997 676 4059 genere
691 3975 892 4049 nobilissimi,
906 3975 985 4040 sicut
998 3981 1029 4037 et
1043 3976 1094 4038 ulii
1110 3977 1149 4040 de
1164 3983 1249 4041 term

221 4086 361 4171 scythica
382 4087 518 4171 egressi,
546 4088 600 4170 qui
624 4094 697 4169 post
718 4088 840 4152 ulmum
865 4087 978 4151 ducem
1001 4094 1155 4151 venerunt
1178 4109 1249 4153 oum

220 4218 336 4284 magns
347 4197 545 4263 multitudine
558 4197 759 4283 populorum.
