2798 4764
305 342 567 417 waramum
587 359 722 417 strtooos
743 366 902 418 monn.
929 349 1030 421 dm·
1118 347 1179 421 did

153 523 187 586 ia
199 522 297 587 sacris
311 522 476 589 ordinibus
490 524 678 598 admittatur,
699 525 757 589 nisi
773 525 822 589 sui
833 524 1026 590 ordinatoris
1043 527 1181 592 uelsuo·

155 636 289 698 cessoris
312 636 381 699 eius
404 635 521 700 litteras
541 638 627 700 orani
651 638 830 718 suspicione
851 647 1010 727 carrentes
1033 641 1180 704 ostendat
1247 683 1250 689 ·

153 748 292 829 suscepti
312 746 430 811 ordinis
452 748 650 812 mencionem
675 749 827 813 facientes
846 766 1045 832 expressam,
1075 761 1107 815 et
1126 753 1181 834 qai

144 869 264 924 contra
287 861 547 924 constitucionem
573 862 752 924 huiusmodi
778 864 888 925 uenire
916 864 1181 945 presumpserint,

154 971 231 1035 tales
259 972 300 1033 ad
329 971 577 1034 celebracionem
606 973 784 1035 diuinorum
809 973 1002 1037 admittendo
1028 973 1082 1037 uel
1106 974 1181 1038 rsti-

153 1083 258 1145 neudo
273 1090 344 1163 post
356 1081 471 1144 trinam
484 1082 735 1146 admonicionem
755 1084 808 1146 uel
827 1103 919 1146 unam
935 1084 1179 1166 peremptoriam

148 1206 174 1258 -t
191 1193 376 1256 diuinorum
397 1196 606 1275 percepcione
631 1202 662 1257 et
683 1195 827 1276 ingressu
848 1195 981 1258 ecclesie
1004 1207 1180 1273 arceantur,

155 1305 240 1367 etde
254 1304 315 1366 hoc
332 1324 388 1385 per
399 1305 583 1366 diocesanos
594 1305 761 1386 episcopos
770 1305 924 1388 frequens
938 1306 1179 1387 inquisicioiiat.

236 1412 304 1494 (33)
338 1414 534 1497 Precipimus
558 1424 593 1477 ut
617 1415 818 1478 ecclesiarum
842 1416 1025 1498 parochiani
1048 1419 1178 1501 singnhs

154 1525 265 1588 diebus
279 1525 445 1588 dominicis
464 1535 496 1588 et
514 1526 635 1588 sestiuis
649 1529 689 1589 ad
705 1528 810 1590 diuina
824 1528 926 1592 ollicia
944 1531 1125 1610 specialiter
1136 1532 1179 1596 ad

154 1636 279 1699 misum
295 1637 410 1699 uadem
424 1637 465 1699 ad
478 1657 551 1698 suas
565 1637 761 1718 parochiales
776 1640 936 1714 ecclesias,
949 1639 1058 1723 ibique
1072 1641 1179 1706 diuina

44 1752 49 1760 '
153 1747 257 1810 officia
273 1756 367 1828 prout
379 1748 459 1811 dens
474 1748 598 1811 dederit
611 1749 740 1813 audiant
753 1749 928 1833 diligenter,
942 1772 1001 1814 nec
1015 1752 1076 1834 ipsi
1086 1772 1179 1835 paro·

153 1859 257 1922 chinni
270 1860 378 1923 relicta
390 1878 446 1922 sua
461 1859 630 1942 parochiali
644 1861 844 1924 ecclesie'uol
858 1872 1039 1946 contempta
1053 1866 1092 1927 ad
1104 1866 1180 1930 alias

154 1971 302 2034 ecclesias
323 1971 474 2053 cuiusque
497 1972 559 2034 sint
580 1971 709 2046 ordinis,
729 1973 889 2056 religionis
911 1985 964 2038 eut
981 1984 1090 2051 status,
1109 1979 1179 2041 siue

152 2080 335 2144 huiusmodi
347 2081 482 2144 ecclesie
497 2082 559 2143 sint
573 2083 768 2163 parochiales
782 2085 850 2147 sine
865 2105 946 2159 non,
967 2087 1007 2148 ad
1021 2088 1179 2151 audienda

156 2191 262 2255 diuina
276 2192 393 2265 omos,
414 2202 447 2255 et
460 2194 635 2274 specialiter
649 2194 791 2269 missam,
814 2205 995 2278 presumant
1016 2200 1180 2275 accedere,

156 2301 290 2365 maxime
311 2303 422 2365 diebus
443 2304 606 2366 dominicis
628 2314 660 2367 et
682 2305 813 2379 lestinis,
833 2306 938 2370 autin
958 2308 1180 2390 alienispem-

154 2413 234 2475 chiis
256 2412 308 2476 uel
328 2414 470 2478 ecclesiis
488 2416 530 2477 ad
548 2415 726 2479 huiusmodi
747 2417 853 2479 officia
871 2417 1102 2500 permittantur,
1121 2439 1180 2483 seu

155 2526 229 2609 ipsis
252 2546 308 2608 per
322 2524 400 2587 alios
416 2546 509 2608 quam
525 2548 582 2609 per
595 2547 670 2591 suos
690 2528 887 2609 parochiales
904 2529 1107 2611 presbyteros
1122 2531 1180 2595 mi-

153 2637 324 2700 nistrentur
344 2637 556 2701 ecclesiastica
576 2646 791 2711 sacramenta,
810 2640 949 2720 exceptis
969 2637 1090 2702 clericis
1106 2638 1180 2703 reli·

153 2749 248 2830 glosis
263 2748 507 2823 transeuntibus,
518 2758 551 2813 et
564 2750 748 2833 peregrinis,
763 2751 815 2833 qni
830 2752 870 2814 ad
885 2750 1063 2815 huiusmodi
1076 2752 1179 2816 officia

154 2861 186 2921 ia
211 2860 366 2942 parochiis
389 2860 453 2922 suis
477 2861 546 2924 siue
573 2860 712 2924 ecclesiis
738 2872 869 2942 possunt
889 2863 986 2944 recipi
1007 2862 1126 2937 alienis,
1145 2872 1180 2928 et

154 2971 214 3033 nisi
228 2971 308 3034 torte
324 2990 419 3034 causa
435 2970 618 3034 deuocionis
636 2972 761 3034 maioris
780 2971 876 3055 aliqui
890 2993 930 3036 ex
943 2974 1093 3056 predictis
1106 2983 1178 3037 sate

155 3084 207 3145 uel
222 3093 387 3164 postquam
401 3084 433 3145 in
447 3084 512 3145 suis
528 3083 683 3164 parochiis
694 3083 801 3146 diuina
815 3085 1007 3159 audiueriut,
1021 3087 1061 3147 ad
1071 3085 1179 3149 huius·
1293 3072 1305 3089 ’
1392 3171 1398 3180 .

157 3195 242 3255 modi
263 3194 413 3257 ecclesias
433 3194 483 3257 uel
505 3195 669 3277 parochias
691 3195 790 3257 uelint
803 3198 971 3268 accedere,
991 3197 1059 3259 sine
1074 3197 1180 3278 praia-

157 3305 240 3367 dicio
262 3324 318 3366 sue
338 3305 526 3386 parochialis
547 3306 698 3380 ecclesie,
720 3306 770 3367 uel
793 3306 850 3367 nisi
872 3304 968 3387 aliqui
990 3304 1072 3367 circa
1086 3306 1178 3368 hoca

156 3415 234 3478 sede
247 3413 416 3496 apostolica
430 3415 491 3479 sint
504 3415 614 3478 muniti
630 3415 804 3497 priuilegio,
825 3423 878 3477 aut
892 3414 1092 3496 indulgencia
1106 3433 1179 3496 spe·

156 3527 226 3590 ciali
247 3525 429 3608 parochiani
448 3547 524 3590 uero
538 3539 648 3591 contm
662 3525 916 3590 constitucionem
930 3525 1109 3588 huiusmodi
1122 3545 1179 3590 ue·

154 3640 278 3702 aientes
292 3657 310 3700 a
324 3639 532 3720 percepcione
546 3649 831 3711 sacramentorum,
849 3637 902 3699 ille
915 3645 1020 3700 antem
1035 3638 1090 3720 qni
1102 3657 1179 3702 ooa-

155 3761 202 3815 tra
216 3749 475 3815 constitucionem
496 3750 675 3812 huiusmodi
691 3747 900 3830 parochianos
914 3747 1034 3811 alienos
1049 3769 1179 3831 recepe·

154 3863 216 3925 rint
230 3865 271 3925 ad
285 3863 407 3937 diuina,
421 3861 474 3926 nel
488 3861 534 3924 eis
547 3859 837 3924 administrauerint
849 3859 1063 3923 ecclesiastica
1077 3879 1180 3923 sacra·

155 3983 259 4036 menta
274 3975 313 4035 ah
327 3975 519 4039 execocioae
534 3992 663 4036 suorum
677 3972 820 4034 ordinum
834 3973 983 4036 nouerint
997 3992 1035 4035 se
1044 3991 1180 4055 suspen·

155 4101 219 4144 sos.
248 4092 281 4145 et
300 4085 353 4165 qui
375 4085 574 4166 parochianis
595 4083 705 4146 alienis
727 4082 829 4146 taliter
849 4083 1010 4165 suspensis
1030 4081 1180 4146 eeclesia·

153 4193 235 4258 stica
255 4193 433 4263 minirum
450 4194 703 4281 presumpserint
720 4191 1181 4260 sacrmenti-ascomann-
1247 4282 1253 4290 μ
