2798 4764
194 313 256 377 ⁷33
514 329 701 377 nercrnurr
722 331 763 377 nr
784 331 895 377 rusa.

193 483 283 556 kern,
298 491 330 546 et
343 483 460 546 Beuum
475 503 515 546 ex
529 483 604 558 alia,
617 484 743 547 dicens:
762 484 848 566 quod
862 482 1078 565 prenominati
1090 483 1251 546 Petenad

82 680 91 691 Ι
193 601 226 656 et
235 591 299 657 iiib
316 592 469 656 dixissent
479 613 586 656 coram
600 595 729 657 domino
743 614 801 657 suo
813 593 960 658 Ladieiao
973 594 1114 666 comite,
1130 593 1249 658 iudice

191 702 338 767 uidelicet
359 703 451 766 buius
472 722 581 775 cause,
602 704 724 786 seipsos
740 713 962 767 conterraneos
977 723 1053 765 curn
1067 705 1250 785 prenomi-

190 813 271 876 natis
291 834 399 876 eorum
415 814 603 876 aduersariis
618 814 649 876 in
665 823 749 876 terra
766 815 901 897 tiereisp.
929 814 1112 877 aduersarii
1128 824 1247 878 autern

190 926 323 1008 predicti
350 926 501 988 dixissent
525 944 580 987 eos
602 946 672 988 esse
694 934 845 998 extorres,
878 925 930 1008 qui
953 926 1084 988 taudem
1107 926 1247 1009 seipsos

190 1045 464 1119 recognoscentes,
486 1037 592 1099 babitu
606 1037 717 1100 iudicis
731 1036 878 1109 licencia,
902 1036 1107 1118 recepissent
1124 1058 1188 1101 eos
1209 1041 1246 1102 in

192 1148 388 1213 consorcium
403 1157 486 1210 terre
501 1147 656 1228 predicte,
678 1155 810 1228 excepto
826 1145 971 1229 uirgulto,
996 1147 1037 1209 de
1053 1168 1127 1230 qno
1143 1149 1247 1215 Pete-

192 1259 255 1325 Μαί
269 1269 302 1322 et
314 1259 378 1321 Mib
394 1267 514 1340 partem
529 1278 592 1321 nou
606 1259 733 1322 babent.

275 1368 363 1451 (ott)
386 1372 486 1432 't'ecus
500 1370 583 1432 filius
595 1371 733 1452 Dionysii
749 1370 886 1443 nrtiiicie,
906 1369 960 1452 qui
974 1372 1107 1451 aperuit
1119 1372 1156 1435 in
1172 1373 1246 1436 eie·

192 1482 323 1547 uaeione
336 1481 538 1562 sepulchrum
552 1481 650 1542 suncti
660 1478 793 1544 Ladisini
809 1481 902 1563 regis,
916 1489 949 1542 et
962 1499 982 1543 a
994 1481 1244 1562 gioriosissimo

193 1611 268 1674 repe
289 1591 363 1654 Beta
385 1611 443 1672 pro
465 1611 504 1653 eo
525 1590 656 1652 artificio
679 1598 832 1671 perpetue
855 1591 999 1653 libertate
1015 1592 1168 1670 ¹donatus
1190 1604 1245 1658 est

193 1703 361 1765 cumomni
376 1701 587 1782 generacioue
602 1702 641 1761 nb
656 1721 694 1761 eo
709 1719 906 1774 successura,
926 1703 1076 1764 senciens
1092 1703 1245 1768 dissolu·

194 1812 316 1874 cionem
344 1812 392 1871 sui
418 1811 557 1890 corperis
586 1811 766 1886 imminere,
795 1814 952 1894 quendem
976 1833 1112 1877 seruum
1137 1834 1240 1878 suurn

191 1909 319 1985 noniine
329 1920 413 2002 Urug
426 1921 586 1984 constituit
598 1922 774 1985 dusinicum
785 1922 994 2006 exequiniem,
1007 1944 1108 2006 quarn
1123 1925 1239 2008 ipsum

191 2044 255 2097 tam
271 2050 396 2094 omnent
412 2032 480 2093 eius
495 2031 700 2095 hereditatem
718 2033 856 2108 uirilem,
878 2035 921 2096 ita
938 2043 970 2096 ut
982 2036 1120 2117 singuiis
1134 2040 1238 2101 anuis

143 2211 155 2224 ‚
191 2144 275 2227 apud
289 2141 456 2206 ecclesiam
472 2144 511 2205 de
523 2144 666 2205 Beseneu
682 2142 879 2207 celebrarent
893 2146 1042 2226 exequias
1056 2165 1134 2208 cum
1152 2148 1239 2211 dua·

189 2255 250 2319 bus
264 2254 376 2328 missis,
398 2273 461 2316 una
475 2273 555 2327 oue,
579 2253 703 2336 triginta
719 2255 861 2335 panibus,
883 2275 947 2317 uno
961 2274 1096 2329 ansere,
1118 2267 1154 2321 et
1169 2279 1237 2324 una

191 2366 315 2448 gallina,
337 2374 369 2429 et
382 2366 504 2427 duabus
518 2365 741 2447 chybrionibus
757 2367 920 2439 cereuisie,
942 2367 1126 2431 etdecimas
1141 2370 1237 2435 iuxta

192 2475 409 2540 condicionem
433 2476 580 2538 seruilem
595 2477 648 2538 det
668 2476 823 2538 secerdoti
833 2523 842 2549 ,
864 2477 981 2540 scilicet
996 2478 1078 2541 duos
1093 2480 1235 2544 cubulos

191 2588 317 2671 frugum
333 2607 477 2662 suarum,
499 2598 531 2651 et
546 2608 638 2649 unam
654 2588 810 2668 gallinam.

276 2697 362 2778 (ote)
386 2699 425 2758 tsss
454 2699 535 2760 tilius
561 2701 662 2781 Tump
691 2701 730 2761 de
754 2699 827 2760 uilla
847 2700 932 2762 iiotb
956 2701 1106 2783 ioubagio
1131 2707 1233 2768 castri

191 2807 305 2869 Biebor
327 2809 468 2870 uendidit
487 2829 614 2869 seruum
629 2828 720 2872 suum
737 2810 861 2871 nomine
876 2811 1024 2884 Zumbot,
1046 2821 1079 2875 et
1094 2835 1233 2880 uxorem

192 2919 259 2981 eius
276 2917 490 2998 Gerquennur,
511 2927 542 2979 et
560 2917 656 2979 filiuru
672 2922 814 2983 eiusdem
830 2924 947 2984 Boxum
964 2922 1137 2987 Theodoro
1166 2930 1232 2993 tilio

191 3027 332 3110 Dionysii
348 3049 403 3109 pru
419 3049 476 3090 sex
492 3030 603 3090 marcis
619 3039 649 3091 et
665 3050 727 3091 uua
742 3051 855 3105 uacca,
876 3041 1022 3112 presente
1036 3033 1134 3098 Iacob
1153 3057 1231 3121 ceg-

191 3151 266 3204 nato
291 3162 349 3204 sue
374 3141 437 3203 irtio
462 3142 541 3203 iiurt
565 3151 595 3203 et
621 3161 683 3202 non
707 3143 948 3217 contradicente,
980 3153 1009 3206 et
1032 3145 1230 3213 Theodorus

192 3251 343 3333 perseluit
361 3273 415 3313 sex
440 3272 559 3313 irrarcus
582 3251 649 3315 ilias
671 3262 702 3315 et
718 3271 843 3314 uaccam
858 3254 949 3317 nobis
964 3258 1172 3335 presentibus
1189 3263 1230 3324 ad

193 3382 302 3426 manus
317 3364 448 3444 predicti
463 3364 566 3424 iacob.

275 3473 361 3555 (333)
386 3474 446 3536 Usu
471 3473 552 3536 iilius
567 3475 669 3535 l'ouse
692 3475 731 3535 de
747 3475 878 3536 Sucurei
900 3476 1229 3556 imperiitblartinum

192 3594 224 3649 et
236 3588 362 3650 Petrum
378 3586 505 3647 fratrem
520 3585 598 3658 eius,
614 3586 722 3647 dicens
738 3586 822 3667 quod
837 3586 953 3667 hospes
968 3606 1079 3650 eorum
1093 3588 1231 3655 babuis-

191 3705 240 3760 set
258 3698 404 3759 damnum
425 3699 465 3760 ad
485 3698 717 3760 estimacioueru
740 3708 810 3760 octo
834 3717 1025 3772 marcarum,
1046 3702 1228 3780 quodcum

191 3807 236 3868 iiii
259 3818 427 3887 negarent,
456 3810 579 3890 cognati
605 3809 766 3891 utriusque
792 3810 898 3890 partis,
925 3809 1042 3872 scilicet
1064 3812 1231 3892 Nicolauc,

192 3919 277 3992 Aba,
291 3918 483 3991 Ambrosius,
500 3940 563 3982 una
578 3941 647 3982 cum
662 3921 774 3982 bedun
790 3921 903 3985 comite
919 3931 1083 4004 utramque
1098 3937 1231 4006 partem

192 4029 226 4095 in
238 4031 323 4115 ipsos
337 4030 470 4092 arbitros
486 4033 738 4095 consencientem
753 4032 977 4106 discucientes,
996 4032 1157 4100 miserunt
1170 4060 1233 4121 per

194 4142 377 4226 pristaldum
392 4143 518 4204 Petrum
534 4142 630 4205 titium
644 4145 794 4208 biorodec
815 4146 855 4210 de
869 4144 944 4208 uilia
959 4145 1070 4209 Budun
1092 4150 1134 4214 ed
1150 4171 1233 4218 exa·
