2798 4764
223 314 284 382 360
421 332 543 379 acrucr
564 332 729 377 necnrruu
750 330 926 377 cocoururr
952 328 1052 375 murs.

219 494 343 568 tempus
364 485 460 568 ipsius
484 485 757 567 ingrauesceneia,
786 484 923 565 paternis
939 483 1164 546 tradicionibus
1187 483 1250 544 iam

220 617 333 679 magna
349 616 388 659 ex
403 605 491 677 parte
506 596 631 670 solutis,
645 597 734 678 regni
750 594 926 658 consultum
941 595 1147 667 labefactare,
1165 595 1249 656 curie

219 707 375 771 bonorem
389 707 558 780 uilescere,
581 708 693 769 timens
712 727 751 768 ne
766 705 856 768 miles
871 705 1008 767 insolens
1024 705 1120 786 pacis,
1141 705 1251 767 dome·

220 820 315 884 sticus
331 827 435 880 tamen
449 818 591 880 ueritatis
605 817 722 898 hospes
737 817 951 879 irreuocabilis
964 816 1054 879 fieret
1069 816 1250 898 iniquitatis

219 931 308 1012 regni
324 930 517 1011 principibus
533 930 740 1010 cougregatis,
762 930 860 991 tocius
875 927 1164 1003 senatusconsultu,
1177 949 1250 1009 pre·

220 1043 274 1106 laci
297 1043 380 1123 regis
396 1050 502 1104 sancte
517 1042 667 1103 memorie
684 1041 834 1121 Stephani
855 1041 988 1122 legalem
1008 1047 1125 1102 textum
1141 1059 1250 1102 recen-

220 1156 297 1228 suit,
319 1156 358 1217 de
375 1174 438 1237 quo
459 1154 484 1215 si
500 1174 566 1215 rem
582 1153 764 1216 consideres
778 1152 872 1213 nichil
889 1153 1070 1215 comminuit
1084 1153 1140 1215 sed
1156 1153 1251 1226 auxit,

220 1274 411 1329 nontamen
435 1266 526 1347 quasi
550 1265 699 1326 fundator
720 1264 776 1326 sed
798 1262 1065 1344 superedificator,
1095 1273 1249 1345 quatenus

219 1378 380 1461 primitiua
401 1375 569 1458 plantaria,
599 1376 715 1438 salubri
740 1376 836 1438 ueluti
862 1375 1067 1457 respersionis
1091 1374 1249 1437 inlusione

219 1492 361 1572 irrigata,
383 1490 503 1551 iusticie
519 1489 693 1571 percipiant
707 1489 911 1552 incrementa.
943 1496 974 1550 ct
988 1487 1041 1550 ille
1056 1486 1183 1568 quidem
1201 1487 1250 1547 in-

219 1603 377 1664 districtus
398 1601 457 1662 fuit
479 1601 652 1662 infidelium
674 1609 795 1663 reactor
814 1598 892 1681 legis
913 1620 971 1681 pro
990 1598 1250 1679 transgressione,

219 1714 277 1776 iste
289 1713 350 1773 iam
360 1710 499 1774 fidelium
511 1720 595 1774 recte
608 1710 862 1772 conuersacionis
875 1718 1108 1792 argumentator
1117 1710 1148 1769 in
1163 1709 1250 1770 iusti-

220 1823 412 1886 ficaciouem.
443 1821 495 1884 ille
515 1822 646 1885 loricam
667 1821 742 1884 fidei
762 1822 914 1904 populum
934 1820 1093 1893 induerat,
1114 1820 1172 1881 iste
1187 1826 1249 1881 ter-

220 1954 296 1996 rene
318 1932 502 1996 ambicionis
523 1935 737 2014 superfluente
755 1932 879 2013 cingulo
895 1931 1016 1994 iusticie
1030 1931 1249 2014 precingebat,

218 2046 272 2109 ille
296 2046 402 2129 gladio
425 2046 552 2128 spiritus
568 2046 658 2107 uerbi
674 2046 724 2107 dei
741 2045 925 2128 perterruit,
947 2045 1005 2106 iste
1028 2044 1119 2123 galea
1140 2044 1248 2107 salutis

220 2157 392 2221 decorauit.
429 2167 586 2239 postremo
608 2157 691 2218 huuc
716 2165 849 2238 uterquc
875 2175 984 2236 regum
1008 2176 1133 2236 semper
1152 2156 1248 2216 finem

219 2270 315 2334 rebus
330 2269 488 2349 imposuit,
507 2276 541 2331 ut
555 2270 628 2331 dum
644 2269 747 2331 debita
761 2268 854 2330 ultrix
870 2286 951 2348 pena
965 2265 1045 2328 frlios
1062 2268 1251 2349 perdicionis

221 2391 470 2454 consummaret,
489 2380 570 2442 lilios
585 2380 866 2463 predestinacionis
881 2380 1052 2442 reloueret.
1087 2400 1151 2441 non
1167 2381 1251 2442 enim

220 2495 287 2557 sine
312 2513 407 2555 causa
429 2513 485 2554 rex
505 2492 642 2574 gladium
659 2500 770 2573 portat.
799 2493 850 2554 dei
866 2492 947 2553 euim
963 2492 1105 2553 minister
1119 2503 1166 2554 est
1182 2491 1251 2553 uin-

220 2606 283 2667 dex
297 2606 328 2666 in
345 2604 441 2677 iram,
463 2605 530 2665 eius
545 2605 598 2685 qui
613 2605 729 2665 malum
745 2605 818 2685 agit.
841 2623 912 2665 nam
928 2605 1083 2685 principes
1099 2623 1162 2664 nou
1178 2611 1252 2666 sunt

223 2716 324 2778 timori
339 2715 413 2775 boni
429 2715 535 2794 operis
550 2716 606 2777 sed
623 2715 705 2775 mali.
737 2715 790 2795 qui
806 2723 854 2776 est
868 2715 952 2777 enim
968 2717 1020 2796 qui
1035 2726 1146 2777 noceat
1160 2715 1250 2777 uobis

221 2828 247 2889 si
262 2827 335 2888 boni
352 2825 539 2888 emulatores
555 2826 686 2887 fueritis.
707 2826 859 2888 hactenus
874 2828 944 2888 hec.
967 2835 1074 2889 contra
1089 2828 1251 2906 supradic-

224 2946 272 3002 tos
292 2945 396 2999 autem
418 2937 510 2998 buius
532 2935 654 2997 concilii
676 2938 882 3011 detractores,
904 2939 942 2999 de
963 2938 1092 3020 singulis
1108 2937 1251 3017 capitulis

222 3069 283 3132 que
305 3050 360 3110 abs
382 3069 416 3110 re
441 3068 509 3110 esse
532 3049 740 3122 menciuntur,
763 3069 887 3128 possem
906 3049 1005 3111 eciam
1020 3050 1185 3112 scribendo
1201 3069 1251 3110 sa-

221 3161 381 3235 tisfacere,
403 3160 462 3222 nisi
485 3160 656 3242 epistolaris
677 3181 736 3243 ego
758 3162 912 3223 sermonis
934 3163 1062 3223 modum
1083 3163 1251 3236 excedens,

222 3273 375 3335 modestie
398 3282 448 3336 tue
470 3270 665 3354 opresulum
688 3273 783 3335 decus
806 3292 897 3335 aures
914 3274 1084 3335 timuissem
1099 3275 1250 3337 fastidire.

221 3393 355 3468 possunt
375 3394 480 3447 tamen
502 3383 554 3445 illa
569 3404 608 3445 ex
623 3384 671 3446 bis
686 3384 808 3466 colligi,
830 3405 891 3466 que
906 3385 1069 3447 moderata
1085 3384 1159 3447 satis
1179 3386 1251 3446 bre·

221 3497 317 3558 uitale
340 3496 521 3578 prescripsi.
552 3515 661 3557 uerum
684 3506 788 3558 tamen
810 3503 843 3557 tu
866 3496 1010 3570 domine,
1038 3496 1090 3578 qui
1110 3497 1142 3558 in
1157 3496 1249 3558 huius

221 3607 328 3688 populi
350 3607 454 3689 lingue
477 3627 594 3687 genere
616 3607 718 3667 minus
740 3628 791 3669 me
813 3614 989 3689 promptum
1013 3608 1203 3680 consideras,
1224 3609 1251 3670 si

223 3719 298 3801 quid
321 3717 457 3778 calamus
479 3738 496 3778 a
517 3719 656 3799 suscepti
678 3718 796 3780 itineris
815 3720 938 3781 tramite
955 3718 1175 3792 declinauerit,
1199 3728 1251 3781 tua

222 3848 323 3912 queso
346 3828 439 3890 solita
457 3828 489 3889 in
504 3849 554 3890 me
569 3829 788 3892 beniuoleucia
807 3838 838 3891 et
851 3848 1048 3909 superuacua
1062 3851 1197 3902 reseces,
1219 3838 1252 3894 et

220 3939 406 4022 imperfecta
427 3938 586 4022 suppleas,
608 3950 711 4006 errata
733 3940 888 4023 corrigas,
911 3945 1075 4006 commode
1097 3945 1177 4006 dicta
1194 3964 1251 4026 pa-

224 4061 312 4119 terna
326 4051 432 4134 gracia
445 4052 618 4133 prouebas,
640 4062 672 4118 et
686 4061 854 4136 antequam
868 4052 900 4114 in
915 4072 1008 4116 aures
1024 4056 1175 4137 prodeant
1191 4077 1250 4138 pu·

220 4165 338 4244 blicas,
360 4184 435 4229 cure
459 4171 512 4229 tuo
538 4165 670 4249 digitum
695 4165 861 4252 dignanter
881 4165 1035 4251 imponas,
1057 4176 1091 4234 ut
1112 4189 1174 4256 que
1195 4178 1249 4234 tuo
