2798 4764
224 308 266 376 to
438 325 576 377 incurro
596 328 695 376 onsm
715 328 926 377 nursinum
953 308 1032 396 (bt).

219 481 305 547 bium
326 501 438 546 uersus
459 482 589 557 siluam,
615 500 711 546 consa
724 482 924 556 uonacionis,
945 491 978 548 et
991 481 1129 548 dimissis
1140 482 1247 546 militi·

166 603 172 610 '
221 595 279 659 bus
294 593 334 658 ud
348 613 405 657 sua
419 596 558 678 proprio,
573 595 637 657 dux
651 602 682 658 ot
695 594 744 656 sui
758 593 880 658 nobiles
895 604 1079 659 manserunt
1088 596 1120 658 in
1132 596 1247 660 cadem

220 707 300 770 silua
314 707 495 790 perdecem
511 707 595 780 dies,
616 716 647 771 et
661 707 735 771 inde
750 716 907 771 uenerunt
922 708 954 769 in
969 707 1129 772 ciuitatem
1143 708 1246 773 btbilc

217 819 320 902 regis,
349 826 381 881 et
401 818 441 880 ud
463 817 596 880 insulam
611 817 704 899 Sepel
727 817 975 892 descenderunt,
1001 819 1054 880 ubi
1069 819 1195 881 ducissa
1215 827 1247 882 ct

220 930 280 992 ulie
296 929 442 993 mulieres
456 928 607 992 nobilium
622 929 762 992 fuerunt.
789 929 947 992 eteoclem
962 948 1045 1000 nnnc
1061 930 1126 992 dux
1138 930 1246 1012 Arpntl

218 1041 326 1124 genuit
346 1040 444 1103 filium
466 1040 593 1102 nominc
615 1041 720 1113 Zulta,
747 1048 779 1103 et
793 1040 910 1102 sactum
931 1048 979 1102 est
993 1041 1141 1123 gaudium
1156 1060 1243 1124 mtq·
1350 1060 1354 1067 ’

220 1171 296 1215 num
317 1153 399 1215 inter
412 1151 595 1234 ilungaros,
617 1161 649 1216 ct
670 1154 733 1215 dux
753 1160 784 1214 et
805 1152 853 1214 sui
876 1152 997 1216 nobiles
1016 1173 1073 1235 per
1092 1152 1245 1236 plurimos
1333 1150 1337 1160 '

218 1264 286 1328 dies
306 1263 463 1327 laciebcnt
485 1265 632 1327 conuiuia
653 1283 784 1348 magna,
806 1265 1001 1347 iuuenesque
1023 1283 1133 1329 eornm
1155 1265 1247 1330 ludo-

216 1376 294 1440 bant
316 1384 390 1440 ante
414 1375 528 1440 sociem
554 1377 643 1440 ducis
664 1385 696 1440 ct
719 1397 850 1441 suorum
872 1374 1041 1450 nobilium,
1072 1378 1153 1441 siout
1173 1378 1248 1462 ogni

217 1489 326 1552 ouium
347 1497 420 1552 unte
441 1489 567 1552 arietes.
603 1490 766 1554 transactis
787 1497 893 1553 autem
915 1490 1103 1572 quibusdum
1122 1490 1246 1565 dicbus,

217 1599 282 1663 «lux
305 1599 413 1680 Arpud
437 1607 469 1662 et
492 1601 541 1663 sui
565 1599 704 1673 nobiles,
732 1600 890 1662 communi
915 1619 1071 1663 consensu
1094 1601 1248 1665 miserunt

219 1710 392 1774 exercitum
411 1718 521 1773 contro
542 1710 764 1774 lienumorout
788 1711 899 1774 (lucem
919 1710 1165 1792 Byboriensem,
1194 1713 1245 1775 cui

217 1821 369 1886 exercitui
390 1822 550 1904 principos
570 1830 602 1884 ct
616 1822 763 1885 ductores
777 1820 850 1884 lacti
865 1830 937 1884 suut
952 1821 1081 1884 Usubuu
1096 1830 1128 1886 et
1143 1822 1247 1898 Uolco,

217 1932 271 2016 qui
285 1933 407 2015 egressi
421 1940 496 1996 sunt
509 1934 549 1996 de
563 1933 680 2007 insula,
702 1934 879 2016 equitantes
894 1953 952 2017 per
966 1912 1127 2008 sabulum,
1142 1944 1174 1998 et
1186 1935 1246 1998 llu-

217 2044 305 2109 uium
320 2043 446 2107 Thiscic
467 2045 499 2106 in
521 2051 615 2127 portu
630 2045 750 2109 Beuldu
768 2045 1093 2128 trnnsnnuigauerunt.
1125 2053 1157 2109 ct
1171 2046 1245 2111 indo

216 2157 414 2239 equitantes,
433 2157 520 2220 iuxta
541 2156 672 2220 lluuium
687 2156 835 2240 Couroug
855 2157 1078 2219 castrametati
1093 2163 1185 2231 sunt,
1213 2165 1248 2222 ct

216 2289 328 2334 omnes
342 2269 452 2344 Siculi,
473 2269 527 2352 qui
549 2270 650 2352 primo
666 2278 756 2334 erunt
770 2268 877 2353 populi
891 2269 995 2332 btbile
1016 2269 1118 2351 regis,
1140 2269 1248 2334 ondita

214 2381 303 2448 inmo
314 2382 441 2447 Usubuu
455 2383 581 2448 obuiam
596 2382 720 2466 pacifici
735 2389 907 2455 uenerunt,
921 2389 954 2445 ct
967 2401 1024 2445 suu
1037 2389 1150 2464 sponte
1164 2381 1246 2447 lilios

215 2515 291 2560 suos
306 2516 378 2559 cum
395 2496 528 2558 diuersis
543 2497 727 2560 muneribus
741 2496 773 2559 in
787 2496 914 2560 obsides
929 2496 1096 2568 dederunt,
1124 2503 1157 2559 ct
1170 2501 1243 2560 autc

219 2608 392 2672 exercitum
407 2606 532 2670 Usubuu
554 2608 586 2668 in
602 2609 703 2690 prima
718 2610 785 2672 scie
800 2617 908 2671 contra
922 2608 1143 2671 blenumorout
1166 2628 1246 2691 pug-

218 2737 294 2781 nare
310 2726 472 2800 ceperunt.
487 2725 520 2780 et
533 2719 638 2779 statim
652 2717 734 2780 lilios
749 2718 925 2781 Siculorum
941 2718 1012 2781 eluci
1025 2719 1132 2800 Arpad
1146 2727 1247 2785 trans·

218 2831 379 2903 miserunt,
395 2836 427 2892 et
440 2830 510 2910 ipsi,
531 2830 775 2912 precedentibus
786 2830 915 2903 Siculis,
936 2849 1000 2892 unu
1015 2838 1125 2894 contra
1135 2831 1246 2895 bionu-

216 2948 345 3004 morout
358 2941 501 3023 equitare
520 2949 688 3023 ceperunt,
709 2942 840 3004 lluuium
855 2942 922 3004 Cris
941 2942 973 3003 in
987 2941 1124 3005 Coruino
1140 2951 1246 3007 monte

216 3059 510 3124 transnatuuerunt,
531 3061 563 3115 et
576 3052 650 3115 inde
661 3051 838 3134 equitantes
853 3054 940 3116 iuxta
952 3053 1084 3117 fluuium
1100 3054 1245 3118 Tekoreu

219 3172 321 3228 costra
336 3163 443 3226 metati
457 3171 540 3226 sunt.

300 3385 365 3470 (51)
392 3389 436 3450 llo
453 3389 524 3451 duco
544 3388 759 3451 Mcoomorout.
802 3389 871 3453 Hoc
895 3411 965 3454 cum
986 3391 1160 3456 audiuisset
1179 3390 1245 3455 Mc-

216 3508 402 3574 numorout,
423 3503 510 3584 quod
526 3501 652 3563 Usubuu
675 3509 706 3564 ct
722 3500 833 3577 Ueiuc,
860 3503 1046 3567 nobilissimi
1060 3503 1173 3566 milites
1187 3501 1246 3566 tlu-

216 3613 263 3676 cis
275 3614 397 3695 Arpau,
419 3634 491 3676 cum
506 3614 611 3678 ualida
623 3633 736 3687 manu,
756 3615 998 3696 procedentibus
1010 3616 1122 3678 Siculis
1136 3622 1246 3678 contre

217 3743 291 3789 eum
307 3727 465 3798 uenirent,
486 3725 589 3788 timuit
604 3725 792 3809 ultraquam
807 3726 927 3800 debuit,
949 3734 981 3789 et
995 3734 1105 3789 contra
1119 3746 1174 3789 eos
1188 3745 1245 3789 eu-

217 3855 272 3900 sus
291 3835 401 3899 uenire
423 3855 487 3898 non
509 3835 581 3908 luit,
612 3855 652 3898 eo
665 3835 752 3919 qood
766 3836 932 3899 audiuerat
946 3837 1060 3898 ducem
1073 3837 1244 3920 Arpadium

219 3955 252 4012 ct
265 3968 340 4012 suos
355 3947 468 4011 milites
482 3945 653 4009 ualidiores
667 3968 740 4014 esse
753 3949 787 4012 in
800 3945 894 4022 bello,
908 3954 942 4011 et
950 3948 1106 4012 Romanos
1121 3947 1245 4031 lugrtos

218 4077 290 4125 esse
311 4058 351 4121 de
365 4057 528 4120 Pannonia
547 4076 605 4138 per
617 4056 720 4140 ipsos,
741 4066 773 4123 et
788 4057 1041 4123 Carintbinorum
1055 4058 1245 4126 licronncn·

211 4173 299 4240 stou
314 4169 395 4236 linco
409 4170 609 4246 dummoc,
633 4178 666 4236 ct
685 4171 785 4236 nubs
795 4168 893 4237 millio
906 4170 1070 4236 bominum
1090 4171 1245 4243 cautio
