2798 4764
274 852 655 969 canonicos
686 852 1106 968 nosournnsn.

180 1056 298 1112 aeones
311 1058 507 1111 membranaceo
516 1057 605 1111 sacnti
617 1058 690 1112 Xttt.
699 1058 817 1112 ecclesie
827 1059 971 1126 collegato
982 1058 1016 1110 od
1027 1059 1056 1111 β.
1066 1030 1203 1110 uorum

638 1153 752 1206 Poaonii.

260 1405 355 1467 Anno
370 1404 410 1466 ab
424 1403 644 1466 incarnacione
660 1402 776 1465 domini

188 1509 433 1579 accccxcvu.
470 1515 656 1579 Adalbertus
672 1516 837 1598 episcopus
852 1514 1061 1621 martirizatus·
1071 1520 1129 1578 est

183 1625 447 1690 DCCCCXCVIH.
472 1626 573 1709 Geyza
589 1626 734 1710 princeps
751 1644 941 1710 ungarorum
956 1625 1040 1689 obiit

181 1734 356 1802 iiiiiesimo.

180 1848 338 1911 arxvtut.

182 1961 342 2025 nxxltll.

181 2072 316 2135 MXXX.

181 2184 329 2247 nxxxl.

181 2297 359 2358 MXXXVI.

181 2408 386 2472 MXXXVHI.

182 2745 293 2808 taxat

184 2970 308 3033 MXLH.

184 3084 337 3147 uxnmt.

184 3310 337 3377 uxtvu.

182 3648 263 3711 atu.
341 3700 349 3716 .

183 3761 279 3824 MLil.

182 3872 293 3936 utut

182 3984 281 4050 atat.

181 4096 309 4172 ttuvn.

470 1738 644 1820 Stephanus
659 1756 847 1822 ungarorum
862 1757 919 1801 rex
934 1747 1098 1802 coronatus
1113 1748 1170 1803 est.

469 1850 635 1913 Dedicatur
649 1848 781 1913 ecclesia
795 1850 826 1911 S.
839 1849 968 1914 Adriani
983 1850 1127 1914 martiris.

472 1963 656 2026 Benedictus
672 1981 753 2045 papa
765 1961 851 2025 obiit.

472 2072 628 2137 Gerendus
644 2075 809 2156 episcopus
824 2073 994 2137 ordinatur.

471 2184 623 2248 ilenricus
637 2184 719 2248 iilius
735 2183 884 2267 Stephani
896 2186 982 2267 regis
996 2185 1082 2247 obiit.

472 2298 598 2359 dianrus
613 2299 778 2380 episcopus
794 2305 842 2359 est
855 2298 995 2359 effectus.

469 2409 650 2471 Dedicatum
673 2418 720 2471 est
741 2406 963 2493 monasterium
986 2407 1017 2468 S.
1031 2406 1206 2482 Benedicti,

471 2530 500 2585 et
516 2521 691 2604 Stephanus
706 2541 762 2584 rex
777 2528 916 2583 mortuus
932 2528 993 2594 est,
1008 2528 1039 2584 et
1050 2521 1160 2585 Petrus
1174 2521 1207 2584 in

469 2653 578 2717 regem
592 2633 745 2696 eieuatur.

470 2746 579 2808 Petrus
593 2765 651 2809 rer
665 2746 783 2809 eicitur.
806 2753 836 2809 et
850 2744 938 2809 Abba
959 2745 991 2809 in
1012 2766 1121 2831 regem
1141 2744 1206 2811 el'e-

471 2864 571 2921 natur.

469 2967 655 3052 Bonipertus
671 2971 839 3054 episcopua
852 2970 939 3035 obiit.

471 3081 559 3145 Abba
574 3104 629 3147 rex
644 3082 837 3148 interficitur.
860 3091 891 3148 et
900 3084 1010 3148 Petrus
1024 3104 1082 3149 rex
1094 3084 1127 3147 in
1140 3084 1205 3169 pri-

470 3198 583 3262 stinum
596 3199 776 3263 restituitur.
914 3248 919 3257 .

473 3310 702 3374 interficiuntur
722 3310 872 3395 episcopi.
893 3311 1061 3375 Gerardus.
1089 3321 1120 3375 et
1138 3311 1206 3375 Mo-

474 3422 590 3486 destus.
615 3430 645 3485 et
657 3423 768 3485 Petrus
785 3442 843 3486 rex
857 3441 926 3484 cum
942 3422 1016 3486 dolo
1030 3423 1205 3489 obcecatur.

471 3544 503 3599 et
516 3536 658 3599 Andreas
671 3556 728 3598 rex
743 3533 894 3599 eleuatur.

469 3645 623 3711 ilenricus
636 3646 808 3728 imperator
820 3647 1009 3730 pannoniam
1022 3647 1205 3732 ingreditur.

470 3758 622 3822 Henricus
633 3759 803 3843 imperator
813 3764 948 3823 castrum
962 3776 1064 3843 poson
1073 3760 1205 3829 omont

471 3870 604 3935 Samson
617 3870 698 3934 tilius
711 3868 838 3935 Andree
851 3871 935 3956 regis
950 3872 1097 3937 nascitur.
1191 3878 1195 3885 '

471 3982 625 4048 ilenricur
639 3981 809 4067 imperator
822 3983 909 4050 obiit.

471 4096 613 4163 Andreas
626 4117 683 4162 rex
696 4096 868 4163 infirmatur
882 4104 915 4167 et
927 4095 1124 4167 Salomonem
1145 4093 1205 4163 tili·

471 4226 525 4280 aar
538 4227 629 4280 mura
641 4208 814 4279 coronarit
