2798 4764
455 376 591 432 sumnus
610 376 963 433 trummacum.
1160 344 1224 433 itt

195 545 312 602 matam
331 537 474 601 redeunt.
500 539 528 602 si
546 558 625 603 nero
638 539 780 605 infamati
797 548 872 603 sunt
892 539 1020 603 omniuo
1042 537 1225 616 discedant,

195 668 256 713 nec
270 649 403 713 redeant
414 648 475 713 nisi
490 669 560 713 cum
575 650 718 715 formata.

279 761 356 837 (33)
377 758 480 824 nullus
495 762 662 844 episcopus
682 768 737 825 ant
749 762 903 843 presbiter
917 768 971 825 aut
983 761 1081 825 abbas
1095 760 1224 827 missum

196 871 356 935 celebrare
370 872 487 934 audeat
505 880 613 936 contra
628 872 823 936 uoluntatem
836 873 1004 955 presbiteri
1017 872 1163 937 ecclesie.

277 984 356 1059 (33)
378 983 558 1066 quicunque
573 985 613 1047 ad
627 984 750 1048 titulum
761 984 923 1048 ordinatus
937 993 986 1049 est
999 987 1050 1048 nel
1062 1005 1135 1048 cum
1149 1000 1225 1068 pro-

195 1093 332 1159 lessione
354 1102 528 1176 susceptus,
549 1114 613 1156 non
634 1094 776 1176 priuetnr
796 1094 908 1157 ordine
933 1092 985 1158 nel
1003 1095 1142 1169 bonore,
1162 1094 1225 1159 nisi

194 1227 290 1290 super
306 1208 401 1272 certis
422 1205 606 1269 criminibus
623 1206 740 1269 iudicio
762 1207 925 1269 canonico.
952 1206 1010 1271 sed
1028 1227 1134 1290 neque
1152 1206 1224 1291 ipse

195 1321 346 1384 recedere
362 1320 490 1393 audeat,
509 1319 570 1381 nisi
584 1319 666 1382 forte
681 1318 720 1382 ad
735 1318 887 1383 maiorem
902 1320 1137 1400 promouendus
1152 1339 1224 1403 gra-

194 1433 287 1506 dum,
301 1433 387 1515 quod
399 1431 501 1496 eciam
513 1431 680 1515 episcopus
689 1451 766 1494 suus
781 1430 917 1514 benigne
928 1432 1023 1495 debet
1033 1432 1224 1497 consentire.

276 1542 353 1620 (at)
374 1545 401 1607 si
414 1544 485 1626 quis
498 1563 533 1608 se
548 1564 736 1625 oppressum
749 1543 918 1619 existimat,
939 1543 1031 1607 liceat
1044 1543 1103 1607 sibi
1117 1544 1224 1609 conoi-

192 1655 268 1720 lium
283 1656 460 1738 episcopale
475 1655 646 1738 appellare.

276 1770 355 1843 (25)
377 1767 403 1830 si
424 1767 495 1850 quis
515 1787 593 1830 nero
616 1767 802 1830 clericorum
821 1774 876 1831 aut
896 1767 1044 1830 abbatum
1063 1767 1097 1829 in
1119 1766 1223 1831 causis

194 1879 413 1944 ecclesiasticis
432 1879 542 1942 relicto
562 1878 734 1961 episcopali
752 1877 868 1941 iudicio
882 1877 1021 1961 regalem
1036 1877 1157 1943 curiam
1169 1884 1225 1945 mr

193 1991 337 2055 seculare
361 1988 510 2053 iudicium
536 1988 666 2064 adierit,
697 2009 825 2053 oausam
850 1989 961 2072 perdat
984 1996 1017 2053 et
1043 1988 1225 2073 penitencia

196 2104 355 2167 emendet.
427 2174 431 2183 Ι

276 2215 356 2289 (36)
378 2214 457 2277 ordo
472 2212 651 2277 diuinorum
666 2210 843 2275 ciliciorum
862 2217 895 2275 et
906 2209 1096 2275 ieiuniorum
1110 2228 1225 2275 secun-

194 2326 268 2389 dum
283 2325 440 2401 libellum,
454 2345 549 2410 quem
564 2323 834 2396 conlaudanimus,
855 2323 894 2386 ab
908 2323 1053 2386 omnibus
1067 2330 1224 2387 tenealnrt

276 2439 352 2513 (27)
380 2438 446 2500 uita
467 2445 500 2502 ct
520 2435 621 2499 uictus
642 2434 864 2498 canonicorum
885 2433 1060 2497 secundum
1081 2432 1223 2515 regulam

192 2550 334 2633 ipsorum
349 2548 552 2631 abepiscopo
567 2549 785 2630 disponantur.

276 2661 356 2736 (28)
377 2661 403 2722 si
417 2659 488 2741 quis
502 2659 662 2742 hospitum
676 2657 828 2723 canonice
848 2656 956 2742 regule
972 2677 1007 2721 se
1021 2664 1134 2740 sponte
1147 2656 1224 2723 snb-

152 2838 155 2844 ,
193 2772 323 2847 diderit,
343 2771 438 2836 nichil
458 2772 498 2834 ad
518 2771 619 2835 filiurn
641 2772 710 2836 eius
730 2769 903 2855 pertineat,
924 2769 984 2833 nisi
1005 2769 1086 2833 sorte
1109 2778 1142 2834 et
1154 2770 1223 2855 ipse

193 2884 341 2950 noluerit.

277 2999 355 3074 (29)
376 2996 403 3060 si
426 3016 502 3059 uero
524 2996 657 3060 clericus
678 3016 790 3060 seruus
805 2994 938 3059 ecclesie
951 2992 1063 3069 suerit,
1082 2992 1140 3057 lilii
1153 2992 1221 3059 eim

194 3109 235 3172 ad
259 3108 422 3191 pristinam
448 3107 633 3172 seruitutem
656 3128 721 3172 non
740 3108 891 3182 redeant,
919 3106 976 3169 sed
998 3106 1083 3168 inter
1105 3104 1223 3169 liberos

195 3219 329 3283 ecclesie
344 3219 528 3282 habeantur.

277 3330 356 3406 (30)
376 3328 492 3392 nullius
510 3348 622 3393 seruus
636 3328 769 3392 clericus
783 3326 958 3399 ordinetur,
983 3322 1043 3389 nisi
1058 3330 1152 3387 antea
1165 3322 1225 3387 do-

195 3441 298 3504 minus
312 3440 380 3504 eius
396 3439 519 3522 plenam
535 3439 594 3503 sibi
610 3437 733 3504 dederit
746 3437 935 3501 libertatem.

276 3553 354 3628 (31)
375 3551 558 3635 presbiteris
578 3569 711 3624 uxores,
737 3567 815 3631 quas
836 3546 871 3609 in
890 3543 1036 3628 legitimis
1059 3541 1224 3608 ordinibus

195 3670 403 3746 acceperunt,
430 3661 626 3726 moderacins
650 3660 812 3724 habendas
833 3656 964 3741 prouisa
987 3655 1155 3739 fragilitate
1173 3654 1225 3723 itt·

194 3775 358 3840 dulsimus.

276 3890 357 3965 (32)
376 3887 430 3971 qui
441 3886 609 3951 diaconum
622 3884 675 3950 uel
688 3881 928 3967 presbiteratum
940 3879 1010 3945 sine
1022 3879 1223 3947 moinum·

195 4000 300 4085 adepti
314 4007 409 4077 sunt,
428 4020 561 4063 uxorem
575 4000 692 4063 ducere
706 4016 772 4061 non
784 3994 870 4058 lieet.

276 4114 356 4190 (33)
378 4131 493 4177 uxores
514 4110 735 4196 episcoporum
755 4102 947 4191 episcopalia
966 4103 1080 4191 predia
1096 4102 1224 4171 nonin·

192 4226 347 4297 ltnbltent.
