2798 4764
374 364 505 413 massa
524 366 559 411 u.
578 364 669 411 »sors
690 364 856 411 cucuron
875 366 898 411 r.
939 346 1031 413 lm
1155 344 1217 413 itt
1323 434 1328 443 Ι

189 519 342 582 internos
357 526 389 581 et
402 537 470 592 uos,
487 516 654 581 occasione
667 518 727 581 hac
740 519 801 580 iarn
815 518 922 600 sepius
938 519 978 581 sd
992 516 1218 585 amaritudines

191 647 254 692 non
268 629 407 693 modicas
422 638 471 692 est
484 648 687 711 processum:
710 629 796 712 quod
816 638 850 692 ut
864 629 952 711 regia
970 628 1218 695 honoriticendis

190 738 315 822 plenius
328 748 546 813 conseruetur,
567 741 716 803 conuenit
726 738 861 803 euitare:
884 741 965 820 (hoc
979 742 1064 803 enim
1080 761 1137 823 per
1149 740 1221 805 nul·

188 850 237 915 los
259 849 339 913 alios
358 850 469 913 melius
493 849 543 923 lit,
564 870 659 933 quarn
682 871 739 932 per
759 849 831 932 eos)
852 853 1054 915 concedimus
1076 861 1139 916 tam
1162 852 1220 927 sis,

191 982 286 1044 quern
317 961 386 1026 aliis
413 962 593 1025 hominibus
619 963 708 1045 regni
734 963 832 1026 nostri
857 963 1035 1027 libertatem
1063 983 1081 1027 s
1108 971 1219 1029 sancte

189 1094 265 1157 rege
288 1091 484 1147 concessam,
505 1093 541 1136 sc
557 1073 618 1136 alia
639 1074 678 1136 ad
699 1083 813 1137 statum
827 1074 918 1158 regni
933 1076 1030 1138 nostri
1044 1075 1221 1139 relormstr·

190 1186 265 1249 durn
287 1186 480 1269 pertinencia
503 1185 668 1250 salubriter
690 1186 889 1261 ordinemus,
915 1189 947 1251 in
969 1188 1055 1253 hunc
1079 1187 1219 1251 modum.

273 1298 318 1380 ll)
339 1300 509 1363 statuimus
530 1308 564 1362 ut
589 1299 749 1363 aunuatim
768 1300 801 1361 in
822 1299 904 1365 festo
925 1300 1023 1363 sancti
1042 1300 1137 1383 regis,
1158 1297 1218 1363 nisi

192 1412 291 1475 srduo
316 1411 451 1493 negocio
477 1412 642 1493 ingruente
665 1411 716 1475 uel
741 1410 920 1476 infirmitate
940 1411 1091 1475 luerimus
1111 1408 1220 1494 prolal-

191 1522 262 1597 liti,
282 1523 361 1585 Albe
382 1532 547 1586 teneamur
566 1522 779 1587 solenniznre:
802 1532 833 1587 et
855 1524 881 1587 si
903 1543 960 1587 nos
980 1523 1132 1593 interesse
1152 1540 1219 1589 non

193 1635 376 1718 poterimus,
390 1636 546 1718 palatinus
560 1635 780 1718 proculdubio
798 1636 841 1699 ibi
856 1637 915 1699 en't
928 1656 987 1718 pro
999 1637 1088 1699 norm
1102 1643 1135 1699 et
1147 1634 1220 1701 ulos

193 1758 300 1812 nostra
321 1769 431 1812 causes
451 1750 573 1823 audiet,
607 1758 639 1813 et
660 1768 771 1813 omnes
794 1749 970 1812 seruientes
990 1749 1045 1831 qui
1065 1746 1224 1815 uoluunt

192 1858 291 1924 libere
306 1859 370 1923 illic
384 1861 583 1923 conueniant.

274 1971 322 2054 (2)
345 1971 494 2035 Uolumus
514 1974 613 2036 eciam
635 1974 721 2056 quod
742 1993 878 2037 necans
899 1993 958 2036 nec
984 1972 1102 2055 posteri
1123 1970 1222 2039 nostri

192 2083 298 2167 aliquo
319 2094 461 2166 ternpore
481 2084 657 2149 seruientes
679 2086 822 2166 capient,
851 2084 906 2151 uel
928 2087 1091 2148 destruent
1110 2084 1221 2149 ssuors

193 2196 323 2258 alicuius
343 2196 494 2277 potentis,
515 2196 576 2259 nisi
596 2195 699 2278 primo
721 2196 805 2260 citati
826 2196 942 2260 luerint
961 2204 993 2260 et
1011 2193 1122 2259 ordine
1139 2194 1222 2259 tutt-

193 2307 289 2371 ciario
303 2308 449 2371 conuicti.

276 2418 321 2499 (3)
341 2421 419 2482 ltem
441 2420 557 2483 nullum
576 2420 739 2483 collectam
759 2438 818 2483 nec
832 2417 927 2483 libres
941 2416 1143 2481 denariorum
1156 2412 1222 2481 cot-

193 2533 247 2615 ligi
261 2532 412 2596 faciemus
426 2553 520 2614 supra
534 2535 645 2615 predio
658 2532 888 2596 seruiencium:
910 2550 968 2594 nec
982 2531 1014 2593 in
1028 2530 1141 2593 domus
1160 2546 1222 2595 nso

194 2642 284 2705 uillas
315 2644 558 2716 descendemus,
590 2643 650 2708 nisi
683 2644 797 2706 uocati.
837 2662 934 2725 super
959 2639 1094 2724 populos
1120 2640 1222 2707 eciem

108 2818 116 2829 ,
194 2755 398 2819 ecclesiarum
413 2756 552 2837 ipsarum
567 2755 684 2819 nullam
699 2756 822 2839 penitus
836 2754 1000 2819 collectam
1016 2753 1178 2818 faciemus.

274 2864 319 2948 (l)
341 2868 373 2929 Si
387 2869 457 2949 quis
470 2869 614 2932 seruiens
628 2868 696 2931 sine
709 2868 774 2932 lilio
789 2868 975 2941 decesserit,
989 2875 1132 2950 quartam
1147 2884 1220 2949 psr·

195 2989 257 3043 tem
273 2980 481 3062 possessionis
495 2980 557 3042 lilio
574 2981 734 3044 obtineat:
756 2981 795 3044 de
816 2981 960 3053 residuo,
981 2980 1062 3043 sicut
1079 2981 1148 3061 ipse
1161 2996 1221 3043 nn·

195 3088 298 3164 luerit,
304 3091 459 3171 disponat,
470 3098 501 3153 et
511 3092 538 3151 si
550 3099 648 3153 morte
661 3100 833 3172 preuentus
841 3092 1011 3173 disponere
1020 3110 1083 3153 non
1095 3088 1221 3171 poterit,

197 3203 364 3285 propinqui
384 3203 450 3275 sui,
471 3202 525 3284 qui
547 3222 620 3264 eum
640 3207 740 3286 ineps
760 3203 960 3284 contingunt,
981 3202 1153 3265 obtineant.
1187 3206 1222 3267 st

196 3313 223 3375 si
238 3312 353 3376 nullam
371 3314 496 3395 penitus
510 3316 750 3395 generacionem
764 3314 927 3386 habuerit,
946 3332 1004 3376 rex
1018 3311 1181 3375 olrtinelrit·

279 3424 323 3506 (5)
346 3425 482 3487 Comites
499 3423 679 3504 parochiani
695 3424 805 3505 predia
818 3422 1030 3487 seruienciom
1043 3440 1107 3484 non
1117 3419 1223 3485 discss-

196 3537 293 3611 ciant,
312 3538 373 3599 nisi
387 3556 497 3599 causas
512 3545 708 3600 monetarum
722 3544 755 3600 et
767 3535 970 3598 decimarum.
991 3532 1119 3596 comites
1132 3532 1221 3613 cirris

196 3648 377 3729 parochiani
409 3645 528 3709 nullom
560 3645 683 3728 penitus
710 3646 898 3719 dissociant,
932 3643 994 3708 nisi
1017 3642 1152 3727 populos
1170 3641 1222 3723 spi

196 3760 301 3823 castri.
320 3759 408 3822 tures
422 3767 455 3823 et
468 3759 605 3822 latrones
619 3758 735 3821 hiloclri
751 3756 875 3841 regales
888 3756 1056 3821 discutiam
1068 3757 1111 3819 ad
1123 3754 1223 3841 pedes

196 3880 303 3937 nmen
315 3870 414 3954 ipsius
427 3871 559 3936 comitis.

280 3981 328 4065 tot
347 3985 426 4048 ltem
441 3982 550 4067 populi
560 3983 715 4049 coniurati
727 3981 760 4047 in
770 4002 869 4047 unum
881 3980 969 4049 iures
981 3982 1145 4047 nominare
1157 3994 1224 4049 Ιοι

197 4095 337 4182 possint,
357 4095 438 4163 sicot
451 4106 692 4161 consueuerant.

281 4206 328 4292 tt)
347 4208 382 4273 Si
394 4216 501 4275 sutem
513 4228 572 4277 τοι
585 4218 675 4276 cxtrs
694 4227 828 4297 regnum
846 4207 1023 4276 exercitum
1034 4206 1153 4275 teor·
1165 4222 1225 4271 uo·
