2798 4764
315 364 576 413 cessrrrurrosns
597 367 731 413 sruouos
753 364 906 412 nonnosus.
948 349 1038 412 1279.
1127 347 1188 410 5⁷3
1280 357 1287 369 ⁸

166 524 233 583 siue
253 522 457 601 pecuniarum
479 522 673 601 aliquatenus
695 541 757 582 non
777 523 888 583 teneri.
915 529 1086 582 statuentes
1105 519 1190 602 quod

167 634 220 714 qui
240 632 270 695 in
290 633 403 694 talibus
425 634 464 694 de
480 645 586 694 cetero
607 633 725 694 inuenti
747 633 863 694 luserint
878 633 1064 704 excessisse,
1085 638 1191 714 preter

167 745 527 808 excommunicacionem
556 764 649 824 quam
675 744 743 824 ipso
769 743 851 805 facto
877 744 1053 815 incurrant,
1084 764 1102 804 a
1126 740 1190 804 suis

167 857 341 920 diecesanis
363 866 416 917 aut
431 855 498 916 aliis
513 855 576 916 suis
590 855 806 935 superioribus
821 876 876 935 per
891 856 1103 935 priuacionem
1119 873 1192 935 pcr-

168 978 303 1050 petuam,
321 976 374 1029 aut
388 968 485 1029 eciam
501 967 707 1046 temporalem
724 966 949 1028 beneficiorum
966 987 1027 1047 que
1043 968 1192 1038 obtinent,

167 1090 198 1144 et
213 1081 288 1143 alias
302 1099 398 1160 penas
412 1079 515 1140 taliter
529 1080 730 1159 castigentur,
741 1079 826 1159 quod
843 1099 921 1159 pena
938 1079 1076 1158 ipsorum
1093 1088 1193 1138 trans-

169 1201 220 1254 eat
247 1192 315 1253 aliis
345 1191 376 1252 in
402 1191 596 1271 exemplum,
623 1211 717 1271 quum
739 1191 1013 1262 constitucionem,
1042 1198 1193 1270 quantum

170 1306 209 1366 ad
235 1323 333 1385 penas
357 1303 562 1382 imponendas
591 1303 630 1362 ad
656 1303 874 1382 promociones
902 1322 955 1364 seu
982 1302 1194 1362 modiationes

170 1415 381 1496 predictarum
403 1414 674 1485 communionum,
702 1414 988 1493 conspiracionum,
1016 1412 1195 1492 colligacio·

171 1544 263 1596 num,
284 1524 541 1595 iuramentorum,
563 1523 807 1603 promissionum
829 1533 859 1585 et
874 1523 1102 1602 obliger-ionum
1123 1541 1195 1603 pre·

171 1637 321 1698 dictarum
337 1634 464 1698 extendi
479 1635 623 1696 uolumus
638 1642 670 1696 et
684 1635 877 1700 mandamus.

253 1746 318 1826 [18)
340 1747 509 1808 Statuimus
523 1747 608 1826 quod
630 1764 699 1807 curn
715 1767 754 1808 ex
769 1722 1004 1808 deliberacione
1026 1756 1057 1807 et
1070 1746 1196 1807 ordina·

171 1859 261 1921 cione
282 1858 605 1938 archiepiscoporum,
627 1858 845 1937 episcoporum
869 1866 901 1918 et
918 1856 1051 1917 aliorum
1070 1857 1196 1917 ordina·

170 1971 288 2032 riorum
310 1971 447 2051 synodus
470 1969 564 2029 suerit
584 1967 787 2039 celebranda,
809 1989 865 2047 per
880 1969 969 2038 duos,
992 1977 1055 2028 tres
1078 1966 1130 2028 uel
1151 1975 1196 2028 tot

171 2083 238 2143 dies
259 2081 313 2162 qui
334 2080 479 2143 sufficere
504 2078 682 2151 uideantur,
704 2087 871 2159 antequam
893 2099 927 2139 se
951 2086 1069 2158 ponant
1090 2078 1121 2137 iu
1146 2077 1196 2138 iria

172 2192 268 2254 eundi
283 2192 322 2252 ad
337 2192 510 2271 synodum,
531 2199 669 2250 rectores
685 2190 906 2269 parochialium
921 2189 1126 2250 ecclesiarum
1143 2206 1198 2249 eo-

173 2321 305 2382 rumque
320 2300 460 2382 perpetui
472 2300 582 2360 uicarii
594 2300 646 2380 qui
661 2320 716 2378 per
726 2300 919 2379 presidentes
931 2299 1042 2381 synodi
1056 2298 1197 2360 faciende

174 2413 290 2472 suerint
305 2411 492 2491 generaliter
507 2411 574 2470 siue
589 2409 767 2489 specialiter
780 2431 837 2471 seu
851 2412 1050 2492 singulariter
1064 2408 1198 2479 euocati,

175 2524 340 2604 diligenter
355 2523 514 2603 inquirant
534 2522 615 2602 siqui
639 2520 700 2582 sint
722 2521 834 2582 infirmi
856 2543 913 2584 seu
928 2523 1047 2583 debiles
1061 2522 1092 2582 in
1108 2540 1199 2600 paro-

176 2632 254 2695 chiis
274 2633 349 2704 suis,
371 2653 489 2712 eosque
512 2632 641 2693 uisiteut
661 2631 760 2693 eciam
781 2653 843 2693 non
862 2632 1017 2714 requisiti,
1039 2640 1070 2694 et
1084 2632 1200 2693 sociant

177 2744 258 2806 circa
274 2762 329 2805 eos
344 2742 497 2824 quidquid
512 2761 641 2804 necesse
656 2742 750 2804 fuerit
763 2744 801 2805 ad
817 2745 990 2805 animarum
1007 2746 1148 2806 salutem.

259 2853 327 2935 (19)
349 2853 518 2916 Statuimus
541 2854 640 2915 eciam
665 2864 696 2916 et
718 2856 919 2936 precipimus,
950 2863 984 2916 ut
1007 2875 1116 2917 omnes
1139 2864 1200 2918 tam

177 2967 347 3049 regulares,
368 2987 463 3048 quam
486 2967 644 3029 seculares
665 2967 696 3028 in
721 2968 932 3050 dignitatibus,
954 2988 1009 3029 seu
1025 2967 1202 3048 personari-

176 3082 234 3142 bus
248 3081 406 3143 constituti
421 3081 502 3140 illius
517 3079 698 3161 metropolis
713 3082 745 3141 in
760 3101 821 3161 qua
835 3079 1053 3162 prouincialis‚
1075 3087 1106 3138 et
1121 3078 1201 3139 illius
1258 3093 1259 3097 ’

178 3193 320 3263 diocesis,
347 3193 378 3253 in
394 3213 457 3273 qua
471 3193 657 3273 episcopalis
672 3195 812 3274 synodus
826 3193 921 3254 irrerit
935 3190 1140 3258 celebranda,
1160 3189 1201 3249 ad

178 3301 332 3380 synodum
347 3304 491 3374 ueniant,
512 3304 571 3364 nisi
586 3303 792 3364 remanserint
807 3305 845 3363 de
860 3321 988 3362 suorum
1003 3300 1201 3379 superiorum

179 3411 310 3472 licencia
333 3413 477 3491 speciali,
499 3415 538 3475 de
562 3432 696 3493 quorum
722 3413 924 3474 ordinacione
946 3411 1085 3491 synodos
1109 3408 1203 3472 fuerit

179 3521 338 3594 iacienda,
359 3533 390 3584 et
409 3524 435 3584 si
459 3525 561 3586 taliter
581 3523 721 3605 impediti
740 3523 872 3593 suerint,
895 3523 980 3603 quod
994 3522 1033 3581 ad
1049 3521 1202 3601 synodum

180 3634 287 3693 uenire
308 3653 371 3693 rron
391 3635 525 3713 possint,
547 3635 719 3714 legitimum
735 3643 949 3695 excusatorem
965 3632 1116 3694 clericum
1131 3651 1203 3693 cum

180 3743 273 3824 pleno
297 3746 442 3807 mandato
466 3748 505 3806 ad
527 3746 752 3824 acceptandum
776 3753 807 3804 et
827 3743 1041 3823 recipiendum
1056 3761 1157 3824 eaque
1171 3742 1203 3803 in

179 3857 299 3935 synodo
313 3855 429 3918 suerint
442 3857 584 3918 ordinata
600 3857 820 3918 transmittant.
848 3856 878 3915 in
894 3855 1009 3925 eundo,
1031 3855 1152 3926 stando,
1173 3860 1207 3914 et

179 3967 343 4027 redeundo
358 3966 489 4028 honeste
504 3966 678 4036 ambulent,
694 3965 824 4028 honesta
840 3967 984 4046 aquirant
997 3966 1152 4047 hospicia,
1174 3971 1206 4026 et

179 4079 212 4139 in
232 4078 277 4139 eis
298 4077 524 4159 circumspecte
545 4098 579 4138 se
600 4077 738 4139 babeant
759 4080 916 4150 modeste,
936 4098 976 4138 ne
992 4077 1069 4149 uita,
1091 4094 1206 4148 mores,

181 4196 212 4251 et
232 4197 339 4270 gestus
354 4186 538 4253 clericorum
553 4188 669 4273 populo
682 4188 737 4254 fiat
756 4189 790 4253 in
802 4187 984 4254 scandalum
998 4196 1031 4252 et
1043 4194 1206 4270 contemp·
