2798 4764
512 343 586 393 vrrs
606 343 782 393 s.ossaan1
806 324 884 414 (ld).
1149 331 1214 409 Μ

183 521 267 567 nam.
289 499 457 584 episeopus
478 509 583 567 autem
599 509 667 567 erat
679 502 711 565 in
726 522 841 585 magna
854 502 1054 568 solicitudine
1068 524 1109 569 ex
1122 513 1219 589 parta

181 632 356 698 pauperum
370 613 538 676 scolarium
552 615 826 679 acmonacborum
837 615 1050 698 etbospitum.
1072 619 1112 681 ad
1124 617 1214 687 cuins
1327 628 1332 637 ·

183 726 311 789 domum
334 724 532 789 ducebantur
551 725 674 808 paruuli
695 737 727 792 et
746 727 950 791 tradebantur
964 729 1004 790 ad
1019 729 1139 805 scolas,
1158 730 1213 815 qai

182 844 247 900 um
260 835 394 901 sollicite
409 836 659 901 informabantur
672 847 707 902 ut
725 848 834 902 noctes
855 858 912 921 pro
928 839 1038 903 diebus
1053 849 1215 924 compau-

182 956 300 1011 rentur.
328 946 374 1009 illi
394 967 473 1011 uero
496 948 636 1012 scolares
659 949 785 1032 triginta
803 950 895 1032 primi
916 950 978 1012 iam
1000 950 1032 1012 in
1046 949 1215 1017 lecturaat

182 1069 276 1124 cantu
300 1068 392 1125 erant
412 1060 506 1123 docti.
534 1081 616 1144 quos
631 1061 777 1125 dominns
793 1062 960 1145 episeopus
983 1063 1022 1124 ad
1040 1080 1149 1126 sacros
1161 1081 1216 1126 or·

183 1170 273 1234 dines
286 1190 498 1252 promonens„
511 1172 682 1235 canonicos
697 1172 843 1237 faciebat
864 1173 1006 1237 mittebat
1019 1173 1119 1236 eciam
1134 1190 1215 1241 nune

184 1282 250 1346 cios
264 1281 346 1345 ultra
356 1282 553 1357 Danubium,
567 1292 600 1346 et
613 1285 823 1367 congregabat
837 1284 987 1349 scolares.
1009 1285 1122 1367 quibus
1138 1304 1214 1349 con·

185 1394 319 1475 gregatis
339 1394 425 1476 ipsos
448 1394 650 1477 presbyteros
664 1394 847 1471 ordinabat,
869 1415 988 1478 eosque
1010 1377 1215 1464 ecelesiarum

187 1511 329 1568 rectores
343 1504 377 1567 in
391 1505 548 1586 parochiis
563 1506 708 1571 iaciebat.
737 1500 967 1570 concurrebant
981 1507 1021 1571 ad
1036 1526 1109 1571 eum
1124 1509 1214 1575 Ten·

188 1613 297 1688 tonici,
316 1615 466 1690 Bobemi,
480 1616 606 1692 Poloni,
627 1616 736 1680 Gallici
751 1626 784 1681 et
798 1619 911 1693 ceteri,
932 1618 1046 1701 quibus
1060 1617 1212 1685 ordinatis

186 1724 347 1805 parochias
361 1745 418 1788 sue
433 1726 578 1809 dyocesis
593 1727 785 1791 conferebat
815 1729 966 1810 magister
980 1746 1057 1790 uero
1068 1727 1212 1795 wathe-

184 1857 240 1900 rus
265 1837 379 1900 uidens
405 1858 647 1921 supercrescere
674 1859 842 1903 numerum
874 1840 1064 1914 scolarium,
1096 1839 1213 1904 laboris

186 1968 283 2011 onere
297 1968 441 2030 pressus,
462 1950 540 2013 dixit
560 1951 600 2012 ad
618 1951 820 2033 episcopum:
840 1971 905 2016 non
919 1950 1041 2014 sufficio
1055 1951 1144 2026 huic,
1163 1951 1213 2015 in-
1265 1947 1268 1951 ’

186 2059 273 2142 quit,
290 2059 481 2123 multitudini
503 2060 536 2123 in
556 2069 690 2145 utroque
710 2082 840 2144 preesse
861 2061 977 2136 officio,
999 2070 1110 2124 cantus
1125 2062 1215 2129 uidae

184 2169 258 2234 licet
279 2177 311 2234 et
331 2171 460 2234 lecture.
487 2173 574 2236 mitte
595 2181 627 2236 et
650 2174 753 2236 adduc
774 2173 959 2255 magistrum
979 2174 1046 2237 siue
1061 2171 1212 2239 lectoren
1262 2182 1266 2189 ’

184 2281 237 2345 uel
256 2290 428 2345 cantorem.
458 2283 541 2346 misit
559 2302 636 2366 ergo
658 2283 826 2365 episcopus
847 2282 978 2344 fratrem
1000 2283 1144 2345 Maurum
1171 2280 1213 2354 ad

185 2395 382 2460 salutandum
396 2416 522 2479 regem,
544 2395 720 2477 precipiens
744 2394 789 2468 ei,
810 2402 844 2457 ut
858 2394 956 2456 eciam
969 2392 1093 2456 scbolas
1107 2393 1213 2474 ingres

185 2510 329 2582 deretur,
350 2527 412 2592 que
437 2516 512 2571 tunc
536 2508 570 2571 in
588 2506 665 2569 Alba
689 2505 870 2587 solempnes
894 2512 1001 2579 erant,
1022 2513 1057 2568 ut
1079 2504 1111 2567 in
1136 2502 1213 2586 ipsis

184 2618 355 2682 scolaribus
377 2619 539 2681 doctorem
558 2637 616 2680 seu
635 2616 872 2679 informatorem
890 2615 1046 2680 inueniret
1066 2623 1097 2677 et
1113 2614 1214 2678 addu-

184 2738 280 2794 ceret.
309 2731 365 2814 qui
377 2730 510 2795 ueniens
525 2730 634 2792 Albam
655 2735 782 2810 peracto
796 2727 881 2809 apud
895 2747 1002 2812 regem
1017 2729 1151 2810 negocio
1163 2727 1214 2824 ἱρῇ

183 2843 278 2906 trauit
290 2842 403 2916 scolas,
416 2842 470 2903 ubi
485 2848 552 2905 erat
566 2839 694 2924 quidam
709 2839 895 2904 teutonicus
909 2840 1037 2903 nomine
1048 2839 1214 2915 Hennaea,

185 2954 321 3036 quierat
337 2972 507 3035 puerorum
522 2952 753 3035 uicemagistcr.
774 2972 870 3035 quem
885 2970 956 3014 cum
970 2951 1124 3016 abocutus
1137 2949 1214 3017 inis·

183 3074 247 3141 set,
268 3065 322 3128 ille
336 3085 499 3128 assensum
520 3064 672 3147 prebens,
694 3063 831 3146 acceptis
850 3062 937 3126 libris
957 3062 1022 3125 suis
1040 3062 1128 3125 uenit
1141 3080 1215 3137 con

184 3198 224 3242 eo
247 3177 289 3241 ad
308 3178 507 3260 episcopum,
536 3195 630 3262 quem
652 3176 820 3257 episcopus
839 3182 999 3257 gratanter
1022 3173 1161 3253 suscepit
1181 3179 1215 3236 et

185 3290 344 3355 constituit
365 3309 438 3353 eum
462 3288 638 3351 scolaribus
659 3288 692 3350 in
716 3288 883 3360 lectorem,
903 3284 1086 3348 Waltberus
1108 3290 1213 3348 autem

186 3408 311 3482 preerat
322 3400 383 3466 illis
396 3401 430 3464 in
444 3407 583 3465 cantura.

267 3620 332 3708 (13)
352 3623 522 3689 Crescente
542 3623 638 3706 igitur
657 3641 788 3685 numero
804 3616 944 3683 fidelium
964 3624 997 3682 et
1010 3616 1216 3697 clericorum,

185 3735 335 3799 ecclesias
357 3737 408 3800 uir
423 3737 474 3800 dei
490 3756 546 3818 per
560 3736 656 3799 urbes
670 3733 808 3816 singulas
829 3730 1017 3806 fabricabat,
1037 3729 1213 3814 principale

184 3866 311 3930 quoque
323 3848 567 3922 monasterium,
588 3847 675 3930 quod
695 3846 729 3908 in
747 3843 870 3910 bonore
884 3843 971 3909 beati
984 3841 1110 3925 Georgii
1130 3858 1215 3919 maaz-

184 3960 250 4024 tiris
272 3960 315 4025 ad
333 3960 406 4025 litus
419 3961 548 4026 blorosii
564 3958 755 4034 construxit,
774 3957 884 4022 sedem
897 3956 1090 4021 Morisenam
1103 3949 1215 4037 appel-

183 4069 269 4138 lauit
298 4073 410 4138 beatus
425 4080 530 4139 autem
549 4091 606 4137 rex
620 4069 796 4153 Stephanus
818 4071 920 4153 ipsam
939 4067 1087 4134 nobiliter
1103 4062 1218 4139 dotali«.

183 4182 243 4258 boa
262 4183 447 4258 nmsrbus
461 4183 636 4263 exorauit.
662 4183 696 4259 in
711 4181 982 4281 memoratoria
997 4197 1085 4251 uam
1097 4176 1139 4258 tl
1156 4173 1218 4255 b·
