2798 4764
271 352 359 411 m
380 367 421 412 rr.
441 366 657 415 auersrorura
678 369 802 415 rursusi
825 366 858 416 ut
876 366 965 417 mm
991 346 1081 419 1255.
1128 350 1190 419 lbi

161 526 316 600 quatenus
336 519 417 583 ultra
442 520 573 584 sormam
597 523 766 606 antiquitus
788 524 986 586 obseruatum
1011 524 1042 586 ln
1064 523 1190 588 tributis

160 629 237 692 nibil
258 631 383 713 penitus
405 635 532 716 exigere
556 637 759 717 presumatis,
781 632 920 717 alioquin
942 645 1190 718 transgressores

160 743 258 804 nostri
281 745 418 806 mandati
446 745 478 807 in
505 766 642 827 persona
671 755 703 809 et
729 748 824 809 rebus
850 747 989 829 grauiter
1012 747 1189 829 puniemus.

158 854 272 915 Datum
303 855 335 916 in
365 855 535 939 Churgou,
568 857 600 919 in
632 858 715 920 sesto
744 859 776 920 S.
799 858 927 941 Georgii
958 877 1042 922 anno
1069 858 1188 923 domini

160 965 227 1027 tte.
242 965 275 1028 C.
290 967 324 1027 L.
339 968 459 1047 quinto.

458 1337 614 1410 BELAE
640 1339 707 1414 lV.
736 1336 892 1413 REGIS

201 1492 341 1579 tulna
367 1494 540 1579 'l'lllllllll
566 1495 663 1580 llllll
686 1496 731 1580 lll
757 1495 917 1581 utttnt
945 1495 1156 1583 tumst

597 1654 744 1716 MCCLV.

478 1811 500 1862 E
521 1810 702 1878 manuscriptis
720 1811 869 1865 llereuesii.

239 2085 313 2148 Bela
328 2084 381 2147 dei
398 2085 502 2166 gracia
516 2085 692 2168 Hungarie,
713 2087 889 2161 Dalmaeie,
909 2088 1056 2162 Croaoie,
1076 2090 1186 2165 Ranae,

158 2195 281 2269 Seruie,
309 2194 454 2268 Gallicis,
484 2196 670 2257 Lodomerie
692 2197 907 2279 Cumanieque
935 2218 1010 2273 rex,
1041 2201 1185 2263 omnihus

39 2313 44 2326 “
159 2309 356 2389 presencium
370 2307 599 2387 inspectoribus
613 2308 745 2371 salutem
761 2309 793 2369 in
809 2310 947 2370 omnium
962 2310 1131 2373 saluatore.

240 2420 286 2481 De
300 2419 493 2500 singulorum
507 2419 689 2509 prouisione
705 2419 844 2492 solliciti,
856 2418 949 2481 'eirca
962 2439 1114 2502 personas
1129 2421 1187 2485 ‹lo-

162 2530 245 2592 mino
260 2532 375 2593 deuote
388 2530 608 2593 famolancium
624 2549 732 2593 euram
747 2532 898 2593 debemus
915 2531 1100 2613 impendere
1113 2551 1187 2615 spe·

159 2642 277 2714 cialem,
291 2649 326 2703 ut
339 2642 424 2721 quod
440 2652 619 2704 eternorum
635 2642 748 2704 intuitu
762 2642 1021 2704 seminauerimus
1037 2642 1069 2704 in
1083 2642 1184 2716 terris,

159 2771 229 2814 cum
251 2751 452 2834 multiplicato
475 2753 578 2815 fructu
600 2753 632 2815 in
658 2751 748 2826 celis,
777 2754 871 2817 dante
892 2752 1020 2816 domino
1041 2753 1186 2835 recipere

158 2863 330 2926 ualeamus.
351 2865 482 2946 proinde
497 2866 537 2926 ad
552 2863 772 2927 uniuersorum
787 2863 934 2927 noticiam
954 2864 1099 2927 uolumus
1113 2882 1188 2945 por·

158 2975 284 3049 uenire,
305 2976 390 3056 quod
409 2995 468 3037 nos
486 2975 637 3038 tributum
658 2974 734 3047 lori,
755 2973 822 3038 siue
841 2973 1003 3047 solemnis,
1023 2973 1092 3036 siue
1107 2992 1186 3055 quo·

158 3084 282 3159 tidiani,
304 3088 335 3147 in
349 3074 452 3149 castro
468 3087 624 3159 l'estensi,
645 3105 705 3149 nec
725 3106 788 3148 non
811 3094 901 3149 extra
914 3085 1087 3148 districtum
1102 3085 1186 3149 eius·

158 3199 230 3260 dem
256 3198 367 3270 castri,
399 3198 485 3279 quod
510 3197 600 3259 nobis
624 3197 795 3278 prouenire
820 3197 961 3269 solebat,
992 3194 1185 3258 monasterio

158 3317 265 3371 sancte
284 3308 382 3370 Maria
405 3308 443 3370 de
466 3308 569 3371 insula
583 3306 744 3392 leporum,
764 3308 805 3370 ad
818 3306 1083 3370 sustentccionem
1096 3324 1186 3369 soro·

158 3439 248 3491 rum,
267 3419 382 3500 iugiter
395 3418 510 3481 ibidem
525 3420 641 3481 deuote
656 3418 785 3480 domino
799 3414 1041 3488 lamulancium,
1063 3436 1120 3496 pro
1136 3413 1184 3479 al-

158 3531 241 3592 seetu
268 3529 453 3592 donauimus
485 3539 515 3591 et
543 3528 728 3592 contulimus
762 3535 915 3609 perpetuo
946 3522 1184 3606 possidendum.

157 3641 362 3724 quamobrem
380 3639 523 3703 uolentes
545 3648 707 3722 amputare
727 3656 853 3700 omnem
873 3635 1061 3699 calumniam
1084 3644 1115 3699 ct
1133 3654 1185 3697 so·

158 3752 225 3834 pira
249 3751 409 3814 materiam
430 3750 622 3831 iurgiorum,
650 3748 683 3811 in
705 3747 829 3811 tributis
850 3746 1015 3828 exigendis
1031 3746 1100 3810 siue
1114 3766 1185 3829 per-

156 3861 327 3936 soluendis,
347 3860 450 3925 taliter
464 3859 611 3923 duximus
626 3859 835 3922 ordinandum
848 3866 882 3921 et
894 3857 1081 3921 usandum:

238 3975 294 4048 (t)
316 3972 410 4047 Quod
423 3969 579 4035 utbaurii
600 3990 659 4053 pro
674 3977 818 4051 tempore
833 3966 990 4057 constituti
997 4012 1008 4043 ,
1029 3967 1131 4032 raedis
1152 3972 1185 4031 et

156 4083 371 4148 taxaeionibus
390 4080 471 4146 intra
484 4082 640 4147 adnotatis
654 4080 724 4146 iura
738 4080 924 4146 tributorum
939 4080 1074 4146 debeant
1088 4096 1183 4146 exet·

157 4214 240 4264 0010·
