2798 4764
236 336 297 404 698
339 340 531 404 immam
544 355 635 404 nors
648 355 800 405 arcearis
813 355 1041 404 ravennensium
1077 335 1168 403 amr.

232 592 236 599 Ι
320 511 378 587 (9)
400 509 542 574 dedimus
556 510 685 594 insuper
696 511 771 593 ipsis
781 510 957 593 hospitibus
969 492 1083 573 nostris
1094 510 1264 592 quamdam

233 636 368 686 uacuam
384 631 512 696 terram,
534 622 716 685 monasterii
734 622 884 705 Zerpbel,
907 621 1097 684 Terendoini
1121 629 1264 684 {locatam

235 733 322 797 iuxta
345 733 462 796 Rabam
487 733 687 807 existentem,
720 753 791 795 cum
811 732 955 795 omnibus
979 733 1163 795 utilitatibus
1187 734 1263 808 suis,

236 845 293 919 ita,
314 852 348 907 ut
368 846 408 907 de
429 845 567 927 ipsorum
589 845 694 908 medio
713 844 919 927 malignorum
943 845 1105 907 catrillacio
1120 855 1264 928 ampute-

232 963 295 1032 tur,
316 958 468 1040 quosdam
484 957 617 1040 populos
632 956 726 1021 castri
740 957 909 1021 lauriensis
925 959 1064 1041 quinque
1086 959 1263 1039 ponderum

234 1068 444 1143 solucionem,
467 1077 498 1133 et
513 1070 664 1152 quosdam
687 1069 821 1152 populos
845 1070 938 1131 castri
957 1069 1176 1150 Zolga-Geur,
1204 1071 1264 1132 bo·

233 1178 341 1264 spites,
367 1189 399 1244 et
418 1181 597 1244 mansiones
618 1181 771 1264 regalium
792 1181 1042 1254 tauernicornm,
1073 1184 1207 1262 populos
1230 1190 1264 1243 et

233 1294 459 1357 cruciferorum
481 1294 592 1356 domus
616 1293 778 1377 hospitalis
800 1314 825 1357 s.
840 1293 982 1368 loannis,
1004 1313 1062 1355 nec
1082 1313 1146 1356 non
1162 1303 1192 1356 et
1206 1314 1264 1376 po·

233 1405 325 1490 pulos
341 1407 380 1469 de
393 1406 464 1469 uico
479 1426 503 1468 s.
514 1405 690 1480 ddalberti,
711 1382 748 1469 ac
762 1406 840 1469 alios
855 1406 955 1469 eciam
969 1407 1104 1488 populos
1119 1426 1263 1468 commn-

232 1538 307 1594 nes,
329 1518 543 1600 cuiuscunque
559 1517 764 1593 condicionis,
785 1518 839 1601 qui
854 1518 936 1582 inter
949 1519 1034 1600 ipsos
1048 1518 1189 1601 hospites
1204 1540 1262 1580 no-

233 1639 314 1718 stros
335 1631 531 1705 residebant,
556 1629 674 1694 eisdem
694 1629 873 1710 hospitibus
895 1630 1009 1692 nostris
1031 1631 1262 1705 coniunximus,

232 1740 276 1807 ite
297 1743 382 1826 quod
404 1743 443 1805 de
458 1750 564 1804 cetero
578 1741 707 1824 pristine
723 1741 916 1804 condicionis
939 1742 1078 1823 ipsorum
1096 1743 1262 1804 immemo-

232 1874 294 1942 res,
314 1855 346 1915 in
359 1853 430 1935 ipso
444 1861 545 1916 castro
558 1853 732 1926 resideant,
753 1862 785 1917 et
806 1853 895 1915 nobis
918 1853 948 1915 in
968 1854 1111 1916 libertate
1134 1875 1262 1916 eornm-

233 1964 306 2029 dem
320 1965 477 2047 hospitum
493 1973 670 2028 nostrorum
685 1962 805 2027 seruire
819 1973 995 2027 teneantur.

227 2158 232 2167 .
318 2077 395 2151 (1⁰)
417 2075 580 2138 statuimus
599 2075 696 2138 eciam
711 2076 796 2157 quod
814 2095 923 2139 omnes
945 2085 1136 2138 mercatores
1158 2097 1259 2159 usque

230 2189 386 2252 Austriam
409 2189 440 2250 in
461 2187 652 2269 Hungariam
673 2189 912 2262 descendentes,
936 2197 966 2251 et
986 2188 1024 2250 de
1044 2189 1204 2270 Hungaria
1226 2190 1258 2252 in

231 2300 388 2365 Austriam
410 2306 624 2372 transeuntes,
646 2299 850 2362 mercimonia
867 2319 924 2362 sua
938 2299 969 2361 in
984 2308 1085 2363 castro
1100 2301 1261 2382 deponant

229 2410 381 2475 lauriensi
397 2412 436 2474 ad
452 2411 666 2473 concambium
683 2410 873 2474 iaciendum.

234 2530 237 2535 '
314 2523 392 2598 (11)
413 2523 576 2584 statuimus
590 2521 722 2601 insuper
735 2522 819 2603 quod
840 2519 944 2583 nullus
962 2522 1114 2584 baronum
1135 2530 1259 2585 nostro-

230 2654 298 2696 rum
315 2636 483 2697 descensus
498 2654 593 2714 super
607 2633 691 2714 ipsos
706 2633 811 2696 iacere
827 2635 941 2696 audeat
955 2635 1005 2697 uel
1022 2645 1191 2715 presumat.

313 2748 390 2820 (12)
412 2746 515 2807 adbuc
526 2747 599 2826 quia
616 2753 781 2827 paupertas
797 2746 936 2827 ipsorum
948 2747 1103 2828 hospitum
1119 2748 1258 2810 laurien-

229 2856 309 2922 sium
333 2856 424 2917 nobis
444 2857 580 2918 constitit
602 2856 774 2929 euidenter,
797 2857 836 2918 de
855 2857 995 2919 libertate
1011 2858 1124 2918 ciuium
1141 2858 1257 2921 Alben-

229 2968 309 3033 sium
325 2969 384 3030 boc
398 2967 497 3029 solum
513 2969 695 3049 excipimus,
716 2969 801 3051 quod
817 2969 977 3031 nobiscum
1000 2970 1050 3031 uel
1066 2988 1135 3029 crim
1150 2969 1256 3051 aliquo

230 3079 292 3142 elio
307 3080 424 3141 barone
441 3089 545 3141 nostro
561 3080 756 3142 exercituare
769 3079 946 3142 nullatenus
961 3090 1135 3143 teneantur.

312 3193 390 3266 (13)
412 3190 623 3254 concessimus
643 3191 771 3273 insuper
792 3200 822 3254 et
845 3190 975 3272 prouide
1001 3192 1146 3253 duximus
1169 3194 1255 3254 ordi·

227 3303 385 3377 nandum,
417 3311 451 3365 ut
470 3301 571 3363 omnis
595 3303 808 3365 controuersia
831 3304 869 3364 de
892 3323 1000 3364 eorum
1023 3302 1126 3365 medio
1147 3303 1254 3365 exelu-

229 3414 329 3491 datur,
352 3425 475 3499 portum
491 3436 548 3497 pro
564 3436 597 3477 se
612 3415 768 3488 babeant,
789 3423 819 3477 et
843 3415 958 3476 babere
979 3415 1099 3496 possint
1120 3415 1255 3477 liberum

227 3530 260 3590 in
282 3529 434 3588 Danubio.

309 3646 343 3698 ut
366 3636 460 3716 igitur
483 3637 542 3698 bec
567 3636 727 3698 ordinacio
753 3658 811 3720 per
834 3657 890 3700 nos
916 3638 1146 3700 racionabiliter
1171 3637 1254 3699 iacta

226 3746 322 3809 robur
340 3746 479 3807 obtineat
500 3756 653 3828 perpetue
676 3747 839 3821 firmitatis,
862 3767 920 3810 nec
935 3748 966 3810 in
983 3758 1144 3830 posterum
1160 3767 1253 3812 cursu

225 3836 401 3940 temporum
418 3858 520 3920 ualeat
533 3877 591 3940 per
605 3861 784 3941 quempiam
805 3860 838 3921 in
860 3860 980 3922 irritum
1003 3861 1158 3932 reuocari,
1181 3881 1255 3940 pre-

226 3978 332 4033 sentes
347 3969 560 4032 concessimus
576 3970 694 4034 litteras
713 3992 771 4054 pcr
785 3970 1020 4053 opposicionem
1035 3972 1189 4053 dupplicis
1211 3972 1255 4034 si-

226 4080 289 4168 gitti
304 4081 402 4145 nostri
417 4083 593 4147 roboratas.
614 4083 721 4146 datum
736 4103 794 4166 per
808 4103 920 4148 manus
929 4082 1069 4164 magistri
1080 4084 1254 4158 Benedicti,

225 4192 375 4265 Orodien.
396 4195 527 4264 ecclesie
541 4195 692 4285 prepositi
706 4196 778 4262 aule
792 4203 899 4262 nostre
917 4193 1181 4274 uicecancellarii,
1204 4196 1255 4265 ‹ti-
