2798 4764
295 998 334 1071 S.
360 992 613 1068 Lantshat
647 993 804 1068 REGIS
839 987 1129 1066 DECRETUM
1162 992 1208 1063 11.

238 1151 366 1201 Ecodice
384 1151 518 1200 chartaceo
541 1147 629 1199 sacnti
647 1148 704 1199 XV.
729 1146 889 1196 bttttmtreca
912 1144 1031 1210 palatino
1051 1144 1264 1195 Vindoboncnsis.

634 1298 863 1311 .......-.-..—--

607 1421 897 1474 iiECrii‘l'i'UiniCIO.

254 1578 302 1642 (1)
332 1581 368 1629 tto
387 1579 455 1629 sarto
474 1577 581 1643 proximi
599 1575 769 1641 quorumlibet
787 1573 937 1641 principum.

255 1673 303 1735 (2)
332 1674 369 1723 Do
387 1674 457 1722 iurto
475 1671 554 1722 serui.

255 1763 303 1827 (3)
332 1765 369 1814 De
386 1764 455 1813 serui
473 1762 608 1826 ligaciono.

219 1836 226 1853 ’
254 1856 301 1919 (1)
331 1857 366 1906 De
384 1855 539 1920 purgacione
557 1855 636 1915 furti,
660 1853 773 1922 siquem
796 1855 879 1904 iurem
902 1857 956 1903 tota
980 1853 1042 1903 uiiia
1058 1851 1265 1919 prociamouerit.

255 1947 304 2011 (5)
333 1949 370 1998 De
389 1947 557 2014 inquisicione
575 1946 670 1997 furtiue
688 1946 734 1997 rei.

254 2040 303 2102 (ὓ)
333 2042 369 2090 tie
385 2041 479 2090 iudicis
496 2040 589 2090 iudicio
607 2055 671 2102 ergo
687 2055 790 2090 seruum
809 2039 849 2089 uel
867 2039 984 2090 liberum.

253 2135 301 2196 (7)
331 2135 367 2184 De
385 2134 591 2197 negociatoribus
607 2133 663 2183 sino
681 2143 803 2186 mercato.

254 2226 303 2290 (8)
333 2227 368 2277 iic
387 2225 500 2289 iugulato
519 2226 629 2276 immine.

253 2318 300 2381 (9)
331 2320 366 2367 lte
385 2319 496 2384 qaroiitict
514 2320 625 2368 eiusdem
645 2319 763 2383 prosapie
782 2320 877 2369 turtum
895 2318 1016 2372 iaciente.

237 2412 301 2473 (10)
330 2412 368 2461 iio
386 2412 501 2462 cuiusuis
519 2429 594 2462 seruo
613 2413 637 2462 in
656 2414 727 2463 furto
746 2422 830 2479 capto.

236 2504 301 2568 (11)
331 2507 366 2555 De
385 2508 455 2556 sarto
473 2506 634 2559 elericorum.

236 2596 303 2659 (12)
332 2599 369 2647 Dc
387 2597 467 2648 libero
485 2598 509 2648 in
527 2601 598 2649 furto
616 2605 725 2664 reperio.

235 2689 299 2752 (13)
331 2689 364 2739 Ut
381 2691 442 2740 nuiti
462 2691 620 2754 negociatori
639 2691 716 2741 liccat
733 2706 817 2742 emere
836 2691 876 2742 ucl
894 2692 1003 2743 uendere
1021 2709 1098 2760 equos
1115 2698 1158 2743 aut
1175 2691 1263 2760 boues,

363 2783 412 2831 nisi
431 2792 550 2848 quantum
568 2784 591 2832 ei
610 2784 753 2834 necessitas
771 2785 859 2834 fucrit.

236 2872 298 2936 (11)
329 2875 364 2924 tte
383 2875 530 2925 uendieiane
549 2892 669 2940 equorum
688 2877 728 2926 uei
747 2877 820 2928 boum
838 2878 892 2928 siue
910 2878 1020 2928 licencia
1037 2879 1118 2942 regis.

235 2966 300 3029 (15)
330 2969 365 3016 Dc
384 2967 529 3032 priuacioao
548 2969 652 3019 tmmris
671 2971 807 3038 connitum,
828 2971 851 3021 si
870 2971 1019 3037 permittunt
1037 2989 1121 3022 emere
1139 2971 1179 3021 uei
1199 2988 1262 3021 tocn-

362 3061 428 3111 dere.

235 3150 300 3216 (tu)
319 3154 355 3202 iic
374 3154 489 3204 cuiusuis
508 3155 617 3220 hospitis
635 3156 829 3212 ncooeiacionc.

314 3409 358 3490 (1)
382 3412 588 3493 Temporibus
615 3411 743 3494 piissimi
768 3413 850 3494 regis
872 3413 1048 3474 Ladiseiaui
1072 3432 1181 3474 omncs
1205 3432 1261 3472 nos

231 3523 319 3603 regui
340 3524 507 3585 Pannonici
529 3526 692 3604 optimates
717 3525 747 3584 in
771 3525 877 3586 Monte
901 3534 1007 3587 sancto
1030 3525 1161 3585 serimus
1186 3545 1261 3583 con-

231 3642 354 3707 uentus,
379 3645 410 3695 et
425 3637 618 3715 quesierimus
634 3637 769 3721 (penaliter
784 3636 935 3698 malorum
951 3637 1110 3698 huminum
1128 3634 1260 3715 impedi-

231 3756 338 3806 rentur
354 3747 455 3806 studia
471 3754 501 3807 ct
517 3749 618 3828 gentis
634 3758 739 3810 nostre
756 3748 979 3829 expedirentur
992 3745 1133 3825 negocia.
1157 3746 1258 3826 primu

229 3857 367 3916 omnium
389 3856 589 3919 iureiurando
609 3860 826 3920 coristituimus
850 3867 884 3921 ut
904 3858 1131 3940 ‹partiscnnqne
1154 3858 1260 3939 proxi-

228 3987 297 4026 mus
322 3966 497 4048 principum
524 3972 714 4049 reperiretur
739 3971 769 4032 in
795 3971 867 4031 furti
893 3971 984 4051 cutpa
1012 3970 1092 4031 ultra
1118 3972 1258 4051 precium

229 4078 430 4162 gallinarum,
453 4081 627 4143 nullatcnus
649 4084 745 4164 possit
764 4081 914 4145 abscondi
936 4083 986 4145 ael
1004 4083 1130 4145 defendi
1147 4105 1165 4144 a
1181 4105 1259 4165 quo-

227 4190 303 4255 libct
324 4213 444 4254 corum.
476 4193 594 4276 placuit
615 4213 741 4275 quoque
765 4200 798 4256 ut
819 4193 877 4256 iste
900 4194 951 4256 ior
970 4194 1028 4257 nisi
1053 4195 1201 4258 ceciderit
1224 4193 1256 4253 in
