2798 4764
508 1164 663 1249 llllllllll
687 1163 744 1250 lll.
769 1167 806 1250 Ρ.
830 1165 874 1252 ll.

196 1354 562 1434 conl-*luntario
588 1358 788 1434 SYNODI
814 1355 1191 1433 SPALATENSlS.

552 1516 593 1578 Μ.
609 1516 641 1578 C.
656 1515 825 1579 LXXXVI.

439 1688 461 1738 E
479 1688 578 1740 llarluti
597 1688 704 1757 lllyrico
721 1705 797 1740 sacro
815 1691 862 1740 lll.
880 1687 936 1743 221.

577 1845 806 1856 ——n—-n

262 1966 402 2028 Urbanus
418 1967 602 2048 episcopus,
624 1988 736 2029 seruus
759 1987 924 2030 seruorum
944 1968 1010 2040 dei,
1032 1965 1207 2030 uenerabili

180 2077 281 2152 fratri,
302 2078 395 2139 Petro
411 2077 587 2158 Spalatensi
609 2079 847 2159 archiepiscopo
866 2079 996 2145 salutem
1012 2087 1043 2140 et
1057 2076 1207 2160 apostoli·

179 2208 245 2250 cam
261 2190 523 2252 benedictionem.
554 2190 622 2264 Que
639 2210 656 2251 a
672 2191 820 2251 iratribus
836 2197 866 2251 et
882 2189 1074 2270 coepiscopis
1090 2188 1206 2252 nostris

176 2301 375 2363 racionaliter
403 2309 645 2383 pertractantur,
672 2302 760 2363 firma
785 2301 902 2364 debent
928 2300 1106 2381 illibataque
1133 2320 1207 2382 per·

175 2432 319 2485 manere,
349 2421 380 2475 et
408 2432 447 2474 ne
471 2432 620 2493 processu
643 2413 792 2493 temporis
818 2431 875 2494 per
897 2411 1028 2474 alicuius
1052 2411 1205 2475 maliciam

175 2523 385 2598 immutentur,
397 2524 568 2606 apostolico
585 2525 722 2605 presidio
743 2525 938 2586 communiri.
962 2533 1129 2607 eapropter
1144 2524 1205 2588 tuis

174 2634 262 2699 iustis
277 2636 544 2717 postulacionibus
565 2644 686 2718 gratum
709 2637 929 2719 impercientes
952 2656 1133 2712 assensum,
1155 2636 1203 2700 di·

177 2749 313 2811 uisiones
338 2748 573 2830 parochiarum,
608 2769 687 2831 quas
713 2750 751 2812 de
780 2752 1049 2832 suffraganeorum
1078 2760 1203 2814 tuorum

175 2880 305 2922 assensu
328 2860 440 2921 secisse
463 2862 671 2943 dignosceris,
693 2871 724 2925 et
739 2862 837 2943 redigi
858 2861 959 2924 fecisti
983 2862 1015 2924 in
1038 2863 1203 2944 scriptum,

175 2994 232 3055 pro
255 2993 304 3047 eu,
326 2975 411 3056 quod
433 2995 472 3035 ex
491 2975 675 3037 confusione
696 2977 834 3057 ipsarum
856 2976 1037 3058 questiones
1059 2975 1203 3038 difficiles

176 3085 281 3167 sepius
297 3087 545 3168 consurgebant,
567 3089 644 3149 sicut
661 3087 841 3150 racionabili
858 3088 897 3149 de
916 3087 1039 3147 illorum
1054 3089 1205 3167 sullraga·

176 3218 308 3260 neurum
331 3199 531 3259 consciencia
553 3199 633 3262 lacte
659 3206 748 3271 sunt,
779 3199 860 3260 etin
884 3196 1000 3279 scripto
1024 3195 1204 3257 authentico

177 3311 392 3382 continentur,
416 3318 446 3371 et
468 3310 710 3373 constituciones
730 3308 822 3381 alias,
844 3331 906 3388 que
930 3328 986 3389 pro
1011 3305 1204 3387 corrigendis

178 3424 385 3504 quorumdam
408 3423 590 3485 excessibus
612 3431 643 3484 et
664 3423 732 3484 aliis
753 3421 894 3483 honestis
915 3419 1049 3492 caussis,
1072 3438 1205 3501 congre·

177 3543 249 3615 gato
270 3534 403 3596 concilio
427 3533 657 3594 deliberacione
680 3533 813 3614 prouida
828 3531 994 3604 statuistis,
1023 3550 1092 3592 cum
1116 3529 1205 3594 addi·

177 3644 319 3706 clunibus
340 3653 372 3707 et
394 3643 727 3717 determiuacionibus,
750 3664 810 3726 que
826 3644 901 3725 ipsis
916 3641 1059 3724 capitulis
1074 3641 1204 3704 inferius

177 3767 345 3838 ponuntur,
368 3759 551 3820 auctoritate
571 3756 743 3840 apostolica
758 3756 988 3818 confirmamus.

259 3868 305 3951 [1]
328 3871 364 3933 Ut
378 3869 515 3932 officium
537 3872 567 3933 b.
580 3871 678 3933 lllario
700 3871 739 3933 ab
761 3869 903 3932 omnibus
925 3868 1132 3932 communiter
1152 3887 1205 3931 ce·
1318 3934 1320 3939 ,

174 3984 323 4047 lebretur.
350 3993 496 4066 preterea
511 3984 670 4058 canonici,
693 3983 746 4067 qui
761 3984 881 4046 reditus
896 3984 1063 4046 canonicos
1078 3982 1205 4056 babent,

177 4098 209 4158 in
231 4098 329 4180 nigris
349 4099 454 4180 cappis
476 4097 528 4161 uel
551 4097 629 4160 albis
651 4096 888 4179 superpelliceis
911 4096 950 4160 ad
972 4096 1079 4159 diuina
1101 4094 1206 4160 officia

177 4207 371 4272 celebranda
385 4210 590 4274 conueniant.
611 4217 642 4272 et
656 4209 814 4273 dormiant
826 4210 858 4272 in
874 4207 1041 4273 domitorio
1056 4224 1131 4269 uno.
