2798 4764
211 321 272 391 llo
364 338 485 387 smoms
505 338 547 387 uu
568 338 652 384 uzu
673 336 773 385 ossus
793 336 1004 384 uonolaouuu
1023 313 1085 402 ll).

211 495 284 563 (lcm
299 495 426 577 egrotis,
441 493 567 576 quidum
582 492 705 566 milites,
725 491 822 574 aliqui
836 493 977 565 comites,
996 489 1137 555 nonnulli
1151 489 1242 554 luere

204 580 244 672 ‘el
258 606 465 669 marchiones.
487 605 572 667 unde
587 624 688 686 usque
699 603 795 665 hodie
811 603 989 665 intransitu
1004 603 1074 685 ipso
1086 622 1242 684 equorum

210 718 418 790 sputamenta,
447 715 542 799 gladii
567 724 599 779 el
619 715 711 797 plura
733 714 783 777 his
808 714 941 787 similia,
969 714 1058 798 aquis
1079 714 1243 777 exsiccatis

207 800 316 914 isulcnl
335 827 481 891 inueniri.
510 846 600 889 moos
623 845 700 889 uero
716 827 875 887 Barsunus
899 834 1028 907 propter
1050 823 1244 888 lectisternia

212 941 258 1007 sic
272 941 399 1012 relicta,
421 959 483 1022 quc
498 938 588 1001 luere
603 958 778 1021 purpurea,
801 938 840 1001 dc
855 936 1011 1000 terricolis
1025 936 1128 999 cxliiii
1143 937 1244 999 nomi·

213 1061 317 1119 nulus.

298 1166 374 1228 Post
396 1171 529 1227 mortem
558 1164 665 1245 ilaque
689 1162 787 1225 sancti
814 1161 900 1244 regis
923 1160 1074 1242 Stephani
1097 1162 1245 1225 transacli

216 1285 291 1343 sunl
305 1277 378 1340 anni
394 1277 448 1339 xl.
464 1295 589 1339 menses
604 1275 655 1337 Ν.
671 1295 772 1357 usque
787 1274 827 1336 ad
841 1293 957 1337 annum
972 1274 1107 1356 primum
1121 1274 1244 1357 imperii

216 1391 342 1455 Andree
364 1389 459 1472 regis.
486 1389 609 1452 Interea
630 1407 708 1450 uero
727 1388 838 1450 Petrus
860 1406 917 1449 rex
937 1386 1040 1468 primo
1055 1393 1088 1449 el
1103 1386 1245 1463 secundo

217 1501 366 1585 regnauit
385 1501 475 1563 aunis
490 1499 629 1581 quinque
645 1506 676 1561 el
691 1496 836 1571 dimidio,
858 1497 926 1558 Aha
939 1516 1017 1559 uero
1031 1496 1176 1579 regnauit
1189 1516 1245 1560 ao·

217 1612 268 1677 nia
279 1611 387 1675 lrihus.
407 1611 549 1673 Andreas
565 1617 669 1675 aulem
681 1607 843 1671 conlectus
858 1608 946 1669 senio
962 1627 1045 1670 anno
1059 1608 1184 1692 imperii
1196 1609 1245 1673 sui

215 1722 286 1805 xli.
309 1721 408 1785 lilium
432 1741 524 1784 suum
546 1720 746 1782 Salomonem
771 1718 874 1783 adhuc
896 1719 1063 1802 puerulum
1085 1739 1154 1783 cum
1169 1739 1246 1796 con-

213 1833 435 1915 ,consultatus
457 1832 505 1895 sui
519 1832 594 1895 Belc
617 1839 650 1896 el
667 1831 804 1894 liliorum
818 1832 977 1906 eiusdem,
997 1832 1116 1896 scilicet
1128 1832 1246 1907 (leiche

219 1952 253 2011 cl
266 1944 401 2008 Lodisloi
421 1964 531 2026 regem
553 1943 722 2007 constituit.
750 1944 818 2027 ipse
838 1953 942 2008 aulem
965 1945 1042 2009 ohiil
1060 1965 1142 2009 anuo
1157 1946 1246 2030 regni

219 2057 267 2121 sui
281 2056 340 2145 XV
354 2065 387 2119 el
400 2056 433 2118 in
449 2058 538 2138 Tyon
559 2052 749 2118 monasterio
766 2056 892 2138 proprio
909 2076 980 2121 cum
994 2056 1096 2120 Dauid
1110 2075 1168 2119 suo
1180 2056 1246 2121 lilio

217 2169 377 2252 sepelitur.
413 2208 418 2215 ›

302 2392 347 2477 (i)
379 2395 454 2459 Posl
476 2394 560 2457 hunc
584 2395 729 2477 regnauit
752 2395 860 2478 Bonyn
883 2393 968 2458 Belo.
1006 2414 1071 2478 quo
1094 2405 1246 2479 regnante

218 2505 361 2589 ilungari
380 2505 476 2569 lidum
496 2505 720 2588 derelinquunt
742 2513 775 2568 el
796 2504 1003 2587 haplismum,
1032 2525 1116 2568 unou
1137 2505 1246 2571 infide

218 2616 415 2689 oberrantes,
429 2622 465 2679 ut
478 2636 537 2678 nec
554 2616 664 2697 pagani
680 2636 739 2679 nec
753 2615 906 2679 Catholici
921 2616 1116 2680 uiderunlur.
1138 2626 1248 2700 postea

219 2733 325 2791 mmen
340 2734 425 2790 molo
440 2727 567 2810 proprio
582 2727 655 2789 fidoi
667 2727 869 2793 adheserunt
890 2729 949 2792 islo
963 2729 1163 2793 enimomuio
1176 2729 1247 2793 lura

219 2837 272 2903 oie
285 2837 406 2902 sabboti
420 2858 491 2901 esse
507 2837 606 2902 uoluit
620 2859 677 2922 pro
689 2840 858 2904 ueniendo
874 2848 904 2904 el
919 2842 1063 2917 emendo,
1072 2842 1249 2925 byzunlios·
1304 2871 1307 2877 ·

219 2969 281 3032 que
297 2968 423 3011 currere
439 2948 515 3013 lecit
529 2970 586 3031 per
599 2950 771 3013 dislriclum
788 2952 877 3035 regni
892 2954 958 3028 sui,
978 2954 1033 3037 qui
1047 2953 1183 3018 denariis
1196 2974 1248 3019 aa·

219 3059 341 3141 genleis
362 3057 494 3123 mullum
515 3062 640 3143 paruis,
669 3060 790 3126 scilicet
813 3064 867 3126 xL
888 3066 990 3128 cambi
1010 3065 1128 3129 debuit.
1160 3066 1247 3131 Unde

218 3193 320 3256 usque
343 3171 437 3236 hodie
459 3172 578 3236 denarii
601 3173 657 3236 XL
677 3194 807 3238 numero
823 3196 934 3240 auruum
955 3178 1162 3260 appellantur,
1182 3198 1248 3243 uon

219 3285 305 3369 qnod
329 3284 391 3347 siut
412 3284 514 3360 aurei,
541 3285 598 3348 sed
620 3286 834 3369 quindenarii
857 3289 911 3351 XL
934 3289 1078 3371 argentei
1102 3289 1249 3353 uolebant

219 3396 403 3480 byzancium
419 3417 525 3461 unum.
552 3397 697 3480 regnauit
711 3406 817 3461 aulem
831 3400 952 3464 dnobus
967 3400 1056 3463 annis
1067 3409 1098 3463 et
1108 3401 1139 3463 in
1150 3400 1249 3465 tercio

218 3507 364 3589 migrauit
379 3529 418 3572 ox
431 3509 494 3573 hoc
511 3511 631 3585 seculo,
651 3511 682 3573 in
698 3531 819 3593 suoque
833 3512 1023 3577 monoslerio
1038 3513 1122 3576 diclo
1137 3513 1249 3596 Sleug-

217 3615 292 3680 zarll
315 3619 475 3701 sepelitur.
505 3622 557 3684 hic
584 3624 668 3685 enim
693 3622 803 3686 caluus
829 3634 913 3699 erat,
940 3633 972 3687 et
991 3624 1097 3688 colore
1118 3626 1249 3699 brunus,

217 3730 455 3813 propterquod
477 3752 568 3796 suum
598 3736 822 3799 monasterium
849 3734 1052 3809 dimiuuliue,
1079 3736 1161 3800 sicul
1181 3747 1251 3802 erat

216 3836 285 3923 ipsc
299 3858 432 3921 corpore
447 3841 627 3924 dispositus,
648 3846 693 3909 sic
708 3845 815 3912 uocori
829 3846 928 3911 iussit.

227 4026 230 4031 ,
301 3951 442 4016 Tandem
468 3972 547 4016 uero
569 3954 651 4020 inter
673 3958 891 4034 Salomonem,
921 3957 1103 4025 Ladisluum
1124 3966 1157 4026 et
1176 3960 1250 4027 Gei-

124 4092 127 4101 ·
217 4058 310 4149 chum
328 4064 433 4149 grauis
456 4065 613 4132 discordia
634 4069 813 4147 suscitatur,
834 4070 973 4157 alumpui
994 4072 1249 4158 patriciatum

218 4172 411 4251 lluliumm
446 4178 575 4273 quidun
604 4180 688 4253 cuim
712 4182 890 4289 Salomoni,
921 4182 1019 4277 aliqui
1043 4186 1189 4263 ladislao
1207 4194 1251 4275 el
