2798 4764
176 296 239 383 iii
497 318 681 381 morsiam
706 321 748 380 m
772 321 882 380 rana.

179 485 272 551 dreas
292 476 397 549 autem
410 473 595 569 respondit,
621 483 707 578 quod
728 505 792 549 non
813 486 969 550 uiolenter
990 481 1047 550 sed
1066 475 1214 570 ingiline

177 593 274 664 liliam
294 597 377 661 iliius
397 595 505 680 nepoti
525 616 584 659 suo
604 595 637 660 io
652 616 781 661 uxorem
796 597 995 673 adduxisset,
1016 607 1049 662 ct
1061 598 1216 664 similiter

177 710 238 773 huc
253 704 410 792 perhibuit
423 707 633 771 testimonium
649 708 678 770 ei
689 707 790 770 Lucas
803 708 952 771 sacerdos
968 707 1007 771 da
1020 706 1093 771 uilia
1106 709 1214 772 maio·

176 814 221 886 ris
233 820 353 884 Gelren.
380 819 562 883 Ambrosius
587 819 692 900 itaque
714 818 840 882 curialis
862 837 968 882 comes
989 818 1131 902 magistri
1146 819 1215 882 La·

177 930 278 1005 dislai,
293 938 438 1012 presente
449 929 667 992 archidiacono
680 929 776 992 Paulo
791 929 980 1004 discuciens,
993 929 1076 994 misit
1085 938 1215 994 utram·

176 1062 240 1126 que
254 1051 375 1126 partem
391 1060 447 1122 per
458 1039 640 1124 pristaldum
656 1041 782 1102 nomine
794 1039 953 1104 Nicolaum
969 1042 1008 1103 de
1020 1039 1093 1103 uitia
1105 1036 1215 1104 usust

177 1152 382 1226 Uaradiuum,
410 1152 464 1215 ubi
489 1151 723 1234 prenominatus
744 1151 866 1234 Scegeu
890 1160 1013 1234 portato
1037 1151 1122 1214 ferro
1147 1171 1214 1235 pro

176 1263 241 1328 filia
253 1283 312 1328 sua
326 1264 507 1328 combustus
521 1271 579 1328 est.
1204 1258 1207 1263 ’

260 1376 339 1451 (83)
361 1373 576 1439 Ministeriaies
590 1375 684 1458 regis,
704 1374 839 1457 quorum
854 1374 992 1438 officium
1007 1383 1054 1437 est
1068 1374 1214 1439 buruni·

177 1497 324 1573 portare,
344 1483 508 1570 conquesti
526 1495 599 1551 sunt
615 1506 712 1567 super
725 1486 871 1550 comitem
890 1505 1000 1550 eorum
1021 1487 1138 1550 scilicet
1155 1487 1215 1562 Ua,

93 1630 96 1635 ⁴
177 1600 265 1682 quod
278 1597 451 1661 institutum
466 1597 604 1660 debitum
619 1615 728 1660 eorum
744 1597 912 1671 excedens,
925 1598 1095 1661 indebitam
1107 1616 1215 1680 super

178 1728 235 1773 eos
255 1707 382 1771 iecisset
402 1708 615 1781 exactionem,
635 1707 753 1772 scilicet
772 1709 811 1770 ad
827 1709 1062 1771 estimacionem
1078 1719 1215 1774 centum

178 1836 365 1881 marcarum.
392 1837 473 1900 quos
488 1818 636 1899 magister
650 1818 817 1901 Dionysius
838 1827 987 1901 precepto
1002 1819 1084 1901 regis
1099 1818 1216 1884 discu-

177 1931 275 2004 ciens,
295 1929 379 1992 misit
393 1929 432 1992 ad
447 1947 579 1993 examen
593 1928 668 1993 ferri
684 1930 857 2004 candentis,
878 1951 935 2013 per
949 1929 1134 2012 pristaldum
1152 1952 1217 1994 no-

178 2040 262 2105 mine
277 2042 361 2104 Beke
385 2041 425 2104 de
438 2040 602 2123 prouincia
616 2040 735 2105 Puchia
754 2041 961 2115 Uaradinum,
982 2042 1034 2104 ubi
1050 2061 1133 2105 unus
1150 2064 1215 2127 pro

177 2152 322 2216 omnibus
335 2151 531 2215 buctiniieris
550 2131 672 2234 portato
687 2150 772 2214 ferro
786 2152 1039 2232 combustuspest.

261 2256 339 2340 (Si)
360 2263 522 2346 Philippus
536 2263 674 2338 Predan,
695 2269 726 2326 et
747 2272 976 2327 maternorum
999 2265 1038 2327 de
1056 2260 1136 2326 uitia
1151 2266 1217 2328 Ra·

178 2365 261 2459 hay,
276 2375 484 2458 imperierunt
501 2361 661 2449 Ecuiium,
682 2374 880 2458 iobagionem
898 2378 1000 2458 Drug,
1026 2395 1084 2459 pro
1105 2377 1217 2441 trinus

179 2485 285 2570 equis,
305 2486 485 2551 urientibus
509 2486 589 2550 duas
611 2505 751 2559 marcas,
772 2486 912 2560 arbitris,
934 2485 1119 2560 Salomone,
1143 2487 1218 2551 lilia

179 2607 212 2662 et
236 2599 370 2680 Tumpa,
402 2597 551 2679 pristaido
576 2595 694 2670 Sicula,
726 2597 883 2659 seruieute
909 2597 998 2659 lietie
1027 2597 1066 2659 de
1092 2598 1217 2682 Rabay.

180 2709 307 2774 Ecuiius
332 2728 387 2790 pro
404 2708 575 2782 uiciencia,
595 2706 743 2772 Uaradini
766 2716 888 2790 portato
911 2707 1006 2784 ferro,
1028 2708 1218 2774 combustus

181 2828 239 2884 est.
382 2817 390 2831 ‘

263 2928 345 3004 (85)
368 2928 505 2992 Adamus
521 2928 559 2991 de
575 2928 648 2991 uilia
664 2929 742 2993 Nata
762 2929 900 3011 impeciit
918 2931 1078 3012 Begedum
1100 2942 1134 2994 et
1150 2934 1218 2997 ira·

180 3051 259 3106 treto
282 3041 348 3104 eius
364 3041 568 3114 Scemedum,
588 3040 794 3124 ioubapiones
809 3043 968 3105 Benedicti
991 3043 1030 3104 de
1050 3041 1127 3105 uilla
1143 3046 1217 3107 Mo·

180 3154 247 3228 din,
269 3153 309 3216 de
324 3151 481 3216 occisione
495 3153 542 3216 sui
558 3153 667 3236 generi
683 3174 741 3235 per
754 3154 970 3227 latrocinium,
991 3153 1092 3216 iudice
1106 3154 1216 3238 Gyuta

180 3266 287 3329 curiali
302 3265 414 3328 comite
429 3265 522 3348 regis,
541 3264 692 3346 pristaido
707 3265 829 3328 Girolth
842 3266 881 3328 dc
897 3265 972 3329 uilla
986 3265 1085 3327 Libik.
1100 3266 1218 3352 Bedeg

178 3375 259 3441 latro
273 3385 397 3458 porteto
411 3376 494 3441 ferro
509 3377 688 3438 combustus
704 3386 760 3438 est.

261 3491 339 3566 (86)
361 3488 452 3551 Feier
472 3488 511 3551 de
531 3485 605 3549 uilia
626 3487 778 3550 Borozlou
800 3487 939 3568 imperiit
953 3487 1072 3550 utruam
1094 3495 1128 3551 et
1149 3489 1219 3553 ira·

179 3607 260 3662 trem
274 3600 341 3661 eius
352 3600 468 3661 Lucam
484 3598 524 3660 de
540 3597 613 3677 uilia
628 3597 779 3678 Senguer,
793 3617 851 3678 pro
867 3599 962 3660 rebus
976 3597 1040 3659 suis
1055 3618 1112 3659 sex
1128 3619 1220 3662 mar·

178 3727 232 3772 cas
246 3708 439 3783 ualentibus,
460 3727 539 3790 quas
556 3707 650 3770 frater
664 3727 773 3795 eorum
789 3708 916 3772 nominc
931 3709 1049 3780 Neuer,
1071 3728 1218 3792 proquo

178 3817 241 3880 dde
255 3818 424 3891 iusserant,
444 3818 550 3881 furtim
565 3817 737 3899 surripiens
758 3838 776 3881 a
800 3818 979 3900 supradicto
994 3817 1096 3892 Feier,
1120 3817 1223 3902 iupe-

178 3914 242 4005 rat,
260 3929 365 3994 iudice
379 3931 521 3996 Demean
535 3931 648 3995 comite
664 3932 703 3994 de
718 3931 875 4006 Zothmar,
889 3931 1040 4015 pristaido
1052 3931 1076 3992 F
1077 3950 1222 4000 ermeno

179 4041 220 4107 de
243 4027 317 4105 uilia
335 4040 486 4106 Hodosio.
512 4041 608 4108 homo
630 4041 694 4108 inm
714 4041 787 4108 dicti
807 4042 900 4106 Feier
914 4032 1059 4107 Uaradiui
1080 4053 1219 4129 portato

176 4150 465 4224 tincturarum
479 4160 537 4222 cst.
