2798 4764
212 304 275 380 Ν
411 300 588 375 Ιζιοαιιιι
608 321 731 375 omues
754 322 941 373 mannasca
963 302 1044 391 (dt).

213 500 295 559 nur,
322 484 363 547 de
385 490 478 547 nome
502 481 610 565 fugam
634 480 797 556 iniuimus,
820 500 931 544 uersus
956 488 1083 563 pontem
1105 481 1243 556 Tbome,

213 614 361 679 magnam
376 594 646 658 Tbeutonicorum
667 593 773 656 uillam
792 612 888 676 super
904 594 1036 657 lluuium
1051 593 1141 656 Crisii
1160 594 1244 673 posi·

213 717 288 773 tam.
316 694 373 770 sed
392 707 578 770 Thentonici
599 727 657 769 nos
678 705 811 769 transire
834 725 892 789 per
915 713 1043 787 pontem
1065 705 1242 769 nullatenus

213 819 434 905 permiserunt,
448 819 544 881 immo
560 817 740 882 institerunt
754 826 788 880 ut
803 836 865 880 una
877 816 996 880 eisdem
1010 816 1116 879 uillam
1132 835 1243 879 eorum

213 928 295 993 bene
310 930 461 992 munitam
478 929 734 1003 defenderemus,
758 929 844 1011 quod
866 926 1033 1011 plurimum
1049 927 1244 1010 displicebat.

122 1097 125 1102 .
213 1046 320 1105 tamen
344 1042 384 1103 ad
399 1041 558 1122 quandam
579 1040 761 1103 diuertimus
784 1040 936 1115 insulam,
960 1060 1022 1123 que
1042 1047 1151 1102 contra
1167 1041 1244 1104 Tar-

213 1160 298 1217 tarus
319 1171 377 1234 per
389 1152 532 1214 homines
554 1152 594 1214 de
608 1154 712 1235 Agya,
737 1160 769 1213 et
783 1150 936 1233 Waydam
956 1151 996 1214 de
1011 1149 1129 1214 Gerotb
1149 1157 1182 1215 et
1203 1151 1243 1214 de

215 1263 357 1347 pluribus
379 1264 446 1327 aliis
466 1265 581 1328 circum
605 1263 777 1327 iacentibus
799 1263 899 1336 uillis,
922 1262 1044 1327 fortiter
1064 1264 1243 1345 parabatur.

215 1396 276 1461 ego
291 1397 363 1441 cum
386 1377 466 1440 ultra
488 1377 661 1459 procedere
680 1395 743 1439 noo
763 1376 927 1449 auderem,
951 1375 1019 1456 cepi
1041 1377 1080 1438 ad
1095 1395 1245 1458 procura·

214 1489 291 1552 toris
311 1498 343 1552 et
357 1489 496 1551 omnium
518 1489 577 1551 loci
599 1489 682 1551 illius
705 1487 887 1552 instanciam
909 1506 1029 1549 moram
1050 1487 1166 1550 ibidem
1181 1495 1245 1552 tra·

215 1595 293 1659 bere
308 1614 379 1658 cum
391 1596 521 1658 eisdem.
542 1616 615 1658 nam
630 1597 733 1660 nullus
747 1597 779 1659 in
795 1605 966 1678 pretectam
980 1597 1112 1661 insulam
1126 1598 1244 1662 intrare

214 1714 355 1788 poterat,
375 1704 435 1768 nisi
450 1726 507 1787 per
520 1707 676 1788 quandam
699 1708 784 1770 uiam
807 1708 1011 1771 arctissimam
1031 1717 1062 1771 et
1076 1709 1243 1782 minutam,

214 1815 259 1879 lta
281 1824 315 1878 ut
330 1836 386 1897 per
399 1816 531 1879 milliare
547 1819 580 1880 in
600 1818 653 1880 illa
669 1819 722 1880 uia
737 1829 801 1882 tres
820 1828 911 1902 porte
927 1840 996 1883 cum
1011 1820 1147 1884 turribus
1161 1819 1243 1883 lacte

216 1936 339 2001 essent,
364 1937 396 1991 el
420 1936 524 2010 preter
537 1929 593 1992 bas
614 1931 653 1993 ad
677 1930 807 1993 milliare
823 1930 991 1996 fortissime
1005 1932 1170 2015 indagines
1185 1931 1245 1993 cir-

217 2057 426 2122 cumquaque.
453 2047 571 2103 etcum
585 2041 628 2103 ila
647 2041 800 2104 munitum
821 2041 923 2106 locum
939 2043 1155 2116 aduertercm,
1179 2042 1245 2124 pla-

215 2150 280 2214 cuit
294 2151 370 2214 mibi
386 2159 418 2215 et
432 2152 579 2216 remansi.
606 2153 662 2216 sed
677 2154 872 2216 consuetudo
887 2154 987 2217 insule
1000 2154 1053 2218 illa
1068 2164 1137 2218 erat
1150 2161 1184 2216 ut
1198 2154 1246 2215 in·

217 2280 359 2345 gressum
383 2264 531 2345 preberet
548 2262 695 2345 singulis,
720 2264 776 2325 sed
795 2284 974 2346 regressum
989 2265 1134 2327 omnibus
1149 2266 1246 2328 dene·

215 2384 312 2460 garet.
337 2382 368 2438 ct
381 2393 452 2438 cum
467 2375 621 2459 aliquibus
636 2360 747 2439 diebus
762 2377 803 2440 ibi
819 2397 891 2439 cum
907 2396 977 2439 mea
991 2375 1107 2439 familia
1123 2396 1245 2451 essem,

216 2507 274 2570 per
288 2486 504 2569 exploratores
517 2498 642 2552 nostros
658 2489 865 2572 percepimus,
883 2489 969 2570 quod
983 2489 1112 2570 propius
1124 2489 1246 2551 Tartari

215 2600 370 2662 uenirent.
386 2599 469 2661 exiui
484 2607 604 2663 secrete
620 2600 762 2674 insulam,
777 2609 810 2662 ut
822 2600 960 2663 uiderem
973 2601 1133 2683 quomodo
1145 2620 1243 2682 equos

215 2726 383 2790 possemus
403 2728 609 2783 conseruare;
639 2718 669 2771 et
689 2730 753 2772 uno
777 2711 907 2774 ductore
929 2711 1101 2786 conducto,
1129 2718 1161 2773 et
1180 2728 1244 2771 uno

217 2817 394 2892 seruiente,
415 2820 563 2900 quoniam
578 2819 709 2903 quilibet
729 2831 868 2884 nostrum
891 2830 955 2885 tres
974 2843 1074 2906 equos
1095 2823 1245 2895 babebat,

217 2928 258 2992 dc
279 2937 390 3002 nocte,
418 2949 530 2993 uersus
555 2932 770 2994 Chanadiuum
794 2932 970 3007 ciuitatem,
1000 2955 1096 3017 super
1115 2935 1245 2997 fluuium

217 3041 336 3104 Morisii
355 3041 505 3122 positam,
520 3062 582 3125 que
597 3043 733 3106 distabat
745 3044 786 3106 ab
799 3044 852 3106 illo
867 3044 937 3107 loco
952 3046 992 3107 ad
1007 3056 1079 3111 octo
1093 3046 1245 3120 milliaria,

217 3154 467 3235 properauimus.
493 3162 525 3217 et
539 3174 609 3217 cum
626 3175 682 3236 per
696 3162 931 3219 totam'noclem
945 3157 1073 3234 iremus,
1094 3165 1244 3241 quantum

217 3265 293 3346 equi
307 3273 452 3347 poteraut
465 3286 523 3327 nos
537 3274 679 3348 portare,
700 3268 732 3329 in
745 3287 861 3330 aurora
875 3271 1077 3351 peruenimns
1089 3270 1246 3333 Chanadi-

217 3394 302 3441 uum.
323 3378 380 3440 sed
396 3378 576 3458 precedenti
592 3378 653 3453 die,
675 3380 855 3454 aTartaris,
877 3381 930 3463 qui
946 3402 1003 3463 per
1017 3382 1108 3445 aliam
1125 3390 1245 3462 partem

217 3488 412 3552 intrauerunt
431 3490 624 3572 Hungariam
654 3498 780 3574 captum
800 3494 904 3558 luerat
924 3502 956 3558 et
975 3495 1185 3565 destructum,
1213 3501 1245 3554 et

218 3606 322 3681 partes
341 3599 409 3662 illas
424 3601 560 3666 totaliter
574 3614 823 3685 occupauerant,
844 3606 887 3668 ita
900 3611 935 3668 ut
947 3605 1076 3667 fluuium
1090 3601 1243 3682 nequiue-

217 3708 314 3772 rimus
336 3713 539 3792 pertransire·
563 3722 594 3777 et
617 3733 688 3778 cum
709 3715 785 3801 equi
803 3716 876 3778 lassi
899 3721 1019 3787 essent,
1048 3720 1080 3776 et
1099 3711 1243 3773 homines

217 3818 281 3883 buc
301 3830 333 3884 et
352 3821 425 3885 illuc
440 3824 480 3886 de
497 3824 633 3906 partibus
653 3824 712 3886 illis
726 3843 761 3887 se
775 3823 1024 3897 absconderent,
1044 3821 1243 3885 retrocedere

217 3930 305 3994 nullo
329 3934 424 3998 modo
448 3942 638 4017 poteramus.
674 3943 705 3998 et
729 3933 774 3997 sic
796 3933 829 3995 in
853 3931 1042 4015 quibusdam
1065 3931 1245 4007 domiculis,

213 4043 308 4127 'equis
330 4045 481 4118 dimissis,
504 4045 537 4106 in
551 4043 739 4126 quibusdam
754 4041 871 4117 loueis,
900 4040 953 4105 illo
968 4040 1019 4106 die
1034 4062 1092 4108 nos
1108 4046 1246 4127 oportuit

215 4154 351 4223 tauma.
379 4153 568 4223 aduenientc
589 4154 718 4220 undem
740 4161 851 4233 nocte,
877 4153 918 4219 ad
940 4153 1045 4220 locum
1067 4156 1246 4245 pristinum,
