2798 4764
80 362 82 366 ·
176 325 237 390 dot
279 338 540 393 tonsrrrumonns
554 344 769 389 nucaronuu
785 345 824 388 rr
840 342 997 388 commotu
1020 323 1112 390 laea

177 497 318 560 niciones
342 518 398 577 per
416 497 576 581 dominum
594 517 701 579 regem
723 497 775 560 uel
795 495 969 558 Palatinum
991 504 1116 577 reperte
1142 496 1218 559 sue·

177 609 255 682 rint,
283 608 315 670 in
336 610 384 670 ius
408 609 526 690 regium
549 608 773 682 deuoluantur,
802 606 886 669 nulla
908 607 1133 689 redempcione
1160 608 1218 672 uel

170 721 426 806 commutacione
450 728 587 801 recepta.
615 721 641 781 si
662 740 740 782 uero
760 720 877 782 suerint
897 720 1046 791 aliorum,
1068 721 1158 783 ueris
1181 729 1220 784 et

176 829 313 913 propriis
328 829 462 891 dominis
476 829 688 891 restituantur.

261 939 324 1024 (10)
347 942 424 1002 ltem
440 938 612 1012 statuimus,
634 941 719 1021 quod
735 941 885 1020 usquead
902 950 964 1002 tres
982 960 1108 1003 menses
1125 961 1145 1004 a
1160 942 1218 1004 die

177 1052 332 1134 presentis
347 1050 601 1132 congregacionis
617 1052 852 1131 computandos,
868 1052 1011 1113 omnibus
1023 1049 1108 1124 lesis,
1136 1071 1220 1133 spo·

178 1162 258 1226 liatis
279 1183 336 1226 seu
357 1162 547 1244 depredatis,
569 1182 626 1243 per
642 1182 696 1224 eos
718 1163 770 1243 qui
794 1161 935 1225 leserunt
955 1171 986 1224 et
1001 1163 1219 1243 depredacio-

178 1295 252 1338 nem
268 1274 506 1347 commiserunt,
520 1274 614 1357 plena
629 1273 682 1336 liat
695 1272 866 1336 satisfactio
882 1283 913 1336 et
928 1273 1102 1337 ablatorum
1118 1275 1222 1339 resti·

178 1387 274 1450 tucio.
346 1462 351 1471 Δ

261 1499 330 1580 (11)
353 1500 384 1561 Si
399 1519 476 1560 uero
492 1518 550 1579 per
564 1499 742 1579 potenciam
758 1507 881 1560 extorta
897 1498 1034 1561 fueritin
1049 1501 1221 1564 remissio·

171 1632 267 1691 nem,
289 1632 351 1673 non
374 1619 547 1672 teneantur.
575 1610 631 1671 sed
647 1609 673 1670 si
689 1610 770 1671 iufra
784 1610 961 1691 predictum
977 1611 1144 1674 terminum
1162 1631 1222 1674 sa-

180 1722 325 1785 tissacere
349 1741 411 1781 non
433 1720 626 1793 curarreriut,
649 1721 699 1782 uel
713 1742 770 1802 per
785 1722 960 1802 potenciam
975 1723 1034 1783 sibi
1048 1723 1224 1787 remissio·

180 1851 252 1893 nem
274 1832 527 1911 procurauerint‚
553 1838 699 1912 tanquam
724 1851 763 1892 ex
783 1831 949 1894 manifesta
970 1835 1108 1906 ollensa,
1138 1855 1224 1897 seu·

182 1943 315 2006 tenciam
331 1942 669 2004 excommunicacionis
693 1961 731 2003 cx
754 1962 835 2004 mrnc
856 1951 959 2003 natam
979 1943 1164 2019 incurrant,
1189 1955 1225 2010 et

180 2053 361 2116 infidelitate
382 2054 479 2116 notati
494 2053 576 2135 regis
593 2053 707 2115 cedant
720 2053 846 2126 iudicio,
866 2053 967 2125 honis,
990 2062 1020 2114 et
1036 2059 1224 2134 possessio·

180 2165 271 2227 nibus
286 2164 411 2227 illorum
427 2164 533 2226 talium
550 2164 589 2226 ad
603 2150 714 2224 liscum
730 2165 849 2242 regium
866 2165 1032 2225 deuolutis.

261 2276 325 2357 (12)
349 2322 356 2338 .
373 2322 381 2338 .
397 2321 404 2337 .
420 2277 589 2338 dummodo
605 2296 662 2356 per
673 2276 833 2337 hominem
849 2276 965 2336 domiui
981 2276 1076 2358 regis,
1092 2278 1136 2338 ad
1153 2278 1223 2345 hoc

178 2387 358 2469 specialiter
383 2386 613 2460 transmissum,
645 2394 676 2447 et
697 2397 831 2467 quatuor
850 2386 981 2459 nobiles,
1013 2387 1043 2447 in
1067 2390 1224 2468 qualibet

176 2500 352 2583 prouincia,
375 2500 414 2560 ad
436 2498 638 2580 inquirendas
654 2506 684 2560 et
705 2498 849 2560 sciendas
867 2497 1074 2578 spoliaciones
1104 2510 1222 2579 prete·

177 2612 251 2673 ritas
271 2620 302 2673 et
319 2611 449 2682 suturas,
465 2612 638 2691 deputatos,
655 2608 781 2670 domiuo
797 2609 863 2689 regi
877 2608 955 2669 tides
970 2608 1033 2680 siat,
1047 2610 1107 2670 suh
1125 2613 1221 2674 testi-

179 2724 284 2784 monio
305 2722 529 2802 capitulorum,
558 2722 613 2782 ubi
633 2721 706 2793 lrec,
730 2721 955 2801 dampnacione
977 2721 1071 2801 digna
1092 2720 1219 2789 luerint
1266 2755 1271 2766 ·

179 2832 345 2893 commissa
359 2832 410 2892 uel
426 2831 561 2892 luerunt.
583 2831 609 2892 si
626 2854 702 2894 uero
719 2832 790 2893 dicti
807 2842 941 2912 ‹pratuor
957 2832 1090 2902 nobiles,
1106 2835 1153 2894 ob
1170 2835 1219 2897 la·

181 2963 290 3004 uorem
304 2943 352 3004 uel
365 2941 523 3015 timorem,
539 2950 590 3003 out
602 2953 727 3023 recepto
740 2943 846 3022 precio
859 2962 1020 3016 recusare,
1037 2943 1087 3004 uel
1100 2943 1221 3007 huius·

181 3056 265 3117 modi
282 3055 526 3136 depredacioues
542 3054 619 3116 lalsc
634 3075 820 3135 suggerere,
844 3055 881 3115 de
897 3055 945 3127 liis
957 3074 1035 3135 (puos
1049 3067 1220 3120 nonerunt

180 3166 442 3248 presumpserint,
472 3165 835 3227 excommunicaciouem
857 3167 1032 3237 incurrant,
1063 3187 1101 3227 ex
1130 3190 1219 3233 nunc

180 3279 271 3342 latam
297 3279 364 3359 ipso
387 3277 479 3338 lacto.
510 3276 709 3337 nihilominus
733 3277 850 3337 domini
871 3278 952 3355 regis
973 3277 1063 3338 cedat
1083 3277 1219 3354 iudicio,

181 3413 264 3474 pena
278 3401 387 3453 contra
402 3410 456 3451 eos
475 3388 720 3470 pronuncianda.

264 3503 329 3582 (13)
351 3504 395 3563 lle
421 3499 663 3581 spoliacionibus
690 3507 793 3558 autern
823 3519 841 3559 a
866 3507 1008 3579 tempore
1035 3518 1220 3583 congrega.

182 3618 280 3678 cionis
300 3614 444 3675 inchoate
468 3611 556 3673 lactis
577 3611 775 3672 decernimus
798 3619 980 3680 statuentes,
1003 3610 1117 3691 quodsi
1141 3634 1221 3693 per-

183 3727 290 3806 ccpcio
306 3724 409 3805 aliqua
424 3724 476 3784 uel
491 3722 684 3794 informacio,
700 3742 756 3802 per
769 3720 923 3802 quoslibet
939 3721 1055 3782 similes
1071 3720 1222 3789 delectos

183 3840 331 3920 episcopo
347 3837 523 3907 diocesano,
545 3836 584 3897 de
604 3833 653 3895 his
670 3843 815 3896 constare
838 3835 965 3914 poterit,
989 3841 1104 3893 extunc
1121 3835 1224 3916 quili-

182 3951 235 4013 bet
249 3949 416 4032 episcopus
429 3950 626 4020 diocesanuS,
640 3947 708 4009 illos
725 3945 802 4010 tales
817 3947 848 4008 iu
864 3967 921 4007 sua
934 3946 1082 4018 diocesia,
1100 3948 1223 4032 damp-

183 4061 329 4126 nabiliter
340 4061 568 4141 delinquentes.
580 4058 814 4141 dampnacionis
826 4057 938 4137 dignos
952 4058 1226 4136 excommunicet,

185 4182 218 4244 et
231 4171 401 4239 denunciet
415 4169 518 4233 arcius
533 4169 571 4233 ab
586 4170 731 4232 omnibus
748 4166 922 4232 euitandos.
