2798 4764
226 318 268 386 ib
520 336 648 386 cccmus
668 332 878 384 amonuosnu
898 313 955 401 (o).

227 496 295 557 urm
307 512 399 558 suum
411 493 486 557 scribi
502 494 536 556 iu
552 493 676 557 uisioue
697 492 847 576 precepit.
875 489 967 555 nobis
981 499 1085 553 autem
1100 489 1140 552 ad
1153 485 1255 551 bono·

227 625 296 669 rem
311 615 342 670 et
356 607 486 689 gloriam
500 605 575 669 iecit
589 605 745 678 dominus,
765 604 838 688 quia
851 622 910 686 per
923 612 1054 666 matrem
1068 619 1170 674 mam,
1192 618 1254 683 qus

228 736 321 781 soror
334 726 382 781 est
404 716 554 800 principis
569 716 775 790 Polonorum,
804 734 896 778 suum
911 713 1023 778 ducem
1036 713 1255 796 ilungarorum

228 828 314 893 lesse
328 848 398 891 cum
413 829 553 892 exercitu
567 847 634 901 suo,
654 827 897 910 prudentissima
912 824 1108 891 allocutione
1122 843 1256 888 conuer-

229 939 314 1014 titur,
333 938 431 1004 lilium
443 959 533 1004 suum
545 938 603 1002 sub
613 939 842 1021 protectionem
851 946 1031 1002 sauctorum
1043 933 1255 1019 apostolorum

230 1052 313 1117 l’etri
328 1061 359 1116 et
372 1051 460 1116 Pauli
473 1052 589 1136 posuit.
610 1072 649 1114 ne
665 1071 741 1136 erpo
755 1052 838 1115 iuter
847 1050 1038 1114 auunculum
1055 1059 1087 1113 et
1099 1057 1257 1132 nepotem,

230 1165 313 1230 iuter
326 1165 498 1229 exereitum
512 1164 702 1228 Polouorum
717 1173 749 1227 et
760 1164 981 1248 Haugarornm
1002 1162 1119 1226 inuidie
1140 1170 1173 1225 et
1193 1159 1258 1224 odii

232 1272 333 1340 lomes
343 1277 489 1351 oriretur,
510 1284 542 1340 et
555 1276 698 1340 domium
714 1277 791 1339 deus
805 1276 837 1338 ia
853 1282 1027 1349 causaest,
1047 1273 1212 1338 statuimus
1227 1281 1259 1338 et

232 1387 452 1452 confirmamus
466 1388 787 1452 excommunicacioui
802 1397 833 1449 et
844 1386 1057 1469 indignacioui
1077 1394 1258 1449 sanctorum

233 1501 447 1582 apostolorum
461 1501 544 1564 Petri
565 1509 596 1565 et
609 1501 696 1563 Pauli
710 1500 871 1565 subdimus
886 1519 951 1573 eos,
973 1497 1025 1581 qui
1041 1498 1142 1581 primo
1155 1498 1259 1561 insur-

227 1607 377 1675 'reserint'
386 1613 454 1675 siue
466 1611 575 1674 Poloni
590 1613 622 1674 iu
637 1611 814 1694 ilungaros,
833 1611 901 1674 siue
911 1610 1052 1693 nrrngsri
1065 1610 1097 1673 in
1112 1608 1259 1685 Polonos,

234 1723 334 1787 donec
348 1723 381 1784 in
394 1721 569 1785 deuocionn
588 1721 721 1786 ecclesie
742 1729 774 1784 et
786 1722 849 1785 lide
864 1741 942 1805 pura
956 1721 1125 1786 christiana
1146 1721 1259 1804 persti-

233 1832 337 1897 terint.
365 1832 426 1895 boc
448 1842 551 1895 autem
570 1832 752 1897 confirmato
776 1842 808 1898 ct
825 1836 971 1896 roborato
983 1834 1159 1917 priuilegio,
1178 1852 1260 1896 nuu-

234 1944 299 2007 cius
313 1944 503 2007 Polouorum
519 1945 559 2007 ad
574 1966 681 2028 regem
696 1945 917 2029 Huugarorum
932 1945 1125 2029 Stephanum
1146 1962 1259 2028 perue-

234 2056 302 2120 nire
317 2057 461 2138 cupieu's‚
481 2055 602 2120 inuenit
615 2057 763 2121 nuncium
776 2057 998 2139 Hunqarorum
1014 2058 1046 2120 iu
1061 2056 1202 2121 Ueneriis
1217 2057 1261 2120 ci·

234 2168 350 2245 uitale,
371 2187 432 2252 que
447 2187 543 2252 suprs
556 2187 641 2231 mare
655 2169 714 2233 sita
728 2177 785 2233 est.
812 2170 918 2253 ibique
936 2169 1121 2233 miraculose
1142 2189 1260 2234 conue-

235 2290 350 2346 nerunt
370 2290 402 2345 et
422 2279 657 2363 gratulabantur
677 2280 890 2367 colloquentes
912 2282 987 2356 sibi,
1008 2282 1082 2366 quia
1095 2283 1154 2345 iste
1168 2290 1260 2345 coro·

235 2412 308 2457 nam
322 2401 354 2457 ct
368 2394 551 2457 diadematis
565 2393 709 2477 gloriam,
730 2394 920 2459 Polouorum
934 2415 1012 2460 uero
1026 2396 1158 2459 nuncius
1171 2395 1259 2478 pacis

236 2513 268 2569 et
281 2503 420 2568 amicicie
435 2503 710 2569 confirmacionem
724 2515 897 2590 portarunt.

319 2616 396 2679 Cum
409 2624 514 2679 autem
529 2625 634 2681 esseut
648 2618 688 2681 ad
702 2639 798 2681 unum
814 2620 897 2682 diem
914 2638 1014 2702 prope
1028 2618 1137 2682 Albam
1152 2620 1260 2685 ciuile·

235 2727 488 2799 tumnensium
510 2735 582 2791 aute
604 2728 886 2811 septemiseruut,
917 2738 948 2792 et
972 2730 1143 2794 aduentum
1167 2750 1259 2795 auum

236 2836 359 2902 lelicem
376 2838 442 2920 regi
456 2839 652 2901 nunciarunt.
673 2839 788 2923 quibus
805 2861 862 2904 rex
877 2841 1001 2904 obuiam
1016 2861 1087 2905 cunr
1102 2843 1259 2926 episeopis

237 2960 268 3014 et
278 2950 398 3014 clericis
410 2951 595 3034 populisque
609 2950 712 3014 multis
724 2953 920 3038 congregatis
931 2954 1072 3028 obuiam,
1086 2955 1173 3028 exiit,
1187 2976 1260 3021 eos·

236 3082 298 3145 quc
312 3059 448 3144 gloriose
463 3069 493 3125 et
508 3062 681 3126 honorilice
696 3064 841 3145 suscepit
871 3082 942 3127 cum
961 3085 1039 3129 uero
1053 3066 1093 3129 ab
1107 3066 1258 3131 oracione

236 3174 453 3249 surrexissent,
464 3193 570 3239 coram
580 3176 664 3239 omni
675 3174 793 3259 populo
804 3177 889 3260 quod
900 3176 978 3240 deus
990 3178 1175 3241 miraculose
1186 3196 1258 3241 cum

237 3288 283 3352 eis
297 3293 445 3370 operatus
459 3295 544 3351 esset
557 3295 784 3351 enarrsueruut
800 3288 840 3351 ad
861 3286 986 3352 laudem
1001 3296 1033 3351 et
1047 3288 1179 3371 gloriam
1200 3300 1258 3351 uo·

237 3401 328 3463 minis
342 3401 400 3464 sui.
422 3400 644 3484 Hunparorum
658 3409 761 3464 autem
776 3402 908 3466 nuncius
919 3403 1064 3467 diadema
1072 3404 1160 3485 regui
1170 3423 1261 3467 coro·

236 3531 373 3596 namque
388 3534 466 3577 auro
480 3523 513 3579 et
525 3512 680 3596 lapidibus
695 3515 847 3596 preciosis
862 3516 1055 3588 fabricatam,
1070 3534 1260 3601 crucemque

236 3643 295 3706 pro
316 3635 439 3708 sceptro
457 3627 693 3690 anteferendam
715 3629 747 3690 in
768 3629 894 3691 modom
917 3628 1107 3710 apostolatus
1129 3629 1262 3711 pariter-

237 3754 300 3817 que
320 3754 390 3798 com
404 3734 647 3801 confirmacione
667 3737 904 3820 priuilegiorum
919 3738 1039 3802 obtulit.
1068 3738 1260 3802 Polouorum

237 3865 315 3909 uero
339 3846 426 3930 pacis
450 3856 482 3911 ct
509 3847 647 3911 amicicie
671 3848 943 3913 conlimaciouem
971 3851 1057 3913 iussu
1087 3849 1260 3933 apostolico

237 3957 391 4039 porrexit,
412 3956 501 4021 cuius
523 3957 757 4023 confirmacicni
774 3980 830 4024 ras
847 3978 955 4023 coram
970 3960 1112 4023 omuibus
1125 3978 1261 4024 consen·

238 4068 339 4142 ciens,
361 4069 401 4132 ad
417 4067 598 4132 memoriam
612 4076 810 4151 posterorum
824 4088 894 4133 eam
907 4068 1056 4152 inscripto
1069 4070 1171 4153 redigi
1185 4092 1258 4154 pes·

238 4181 328 4270 cepit
357 4189 429 4271 pest
441 4180 501 4248 bec
515 4189 620 4247 autem
632 4187 739 4247 sancte
754 4182 804 4248 dei
818 4180 976 4271 genitricis
990 4200 1179 4271 semperque
1194 4183 1259 4253 uis·
