2798 4764
501 355 683 405 mranu
703 355 748 402 er
769 350 881 403 eruar
1142 328 1207 400 ’Μ

181 530 289 575 eorum
303 510 406 574 taliter
416 517 649 583 conuenerunt,
663 510 749 590 quod
764 508 890 572 domina
902 506 1006 571 Paulis
1019 508 1108 571 deret
1118 505 1205 572 aaut

179 641 239 685 suo
252 621 402 684 Custodia
425 621 579 685 sacerdoti
599 639 734 683 marcam
753 638 864 692 unam,
884 619 937 683 ille
951 627 1056 682 autem
1071 616 1205 685 baretel

180 733 323 797 ancillam
346 733 474 795 nomine
490 732 629 796 liuldbol
650 751 709 813 pre
728 731 905 814 Margueta,
926 730 999 813 quia
1012 731 1206 812 blarpuetan

181 844 312 907 dederat
333 844 462 917 marito‚
483 850 593 906 etnon
609 843 708 923 potuit
721 861 791 906 eam
805 860 953 922 separare
967 841 1007 904 (le
1021 841 1091 903 iure
1105 859 1123 902 a
1136 841 1207 903 niro

180 974 239 1017 suo
254 962 287 1017 et
298 954 374 1015 dare
389 952 490 1015 sorori
505 973 573 1016 sue.

261 1065 362 1137 (253)
384 1063 534 1145 Gyobou‚
562 1062 712 1135 Gabrian,
743 1063 846 1135 auca,
868 1062 1003 1136 Tencns,
1028 1061 1117 1124 Niclo
1136 1061 1208 1126 ioa-

180 1175 332 1257 begiones
352 1173 443 1236 castri
459 1177 587 1236 Zounuc
604 1173 810 1254 imperiorum
824 1173 982 1254 quendam
1003 1173 1130 1236 nomine
1144 1173 1208 1235 Δι-

182 1285 271 1367 gelus
292 1285 333 1346 de
345 1283 420 1346 uilla
433 1284 521 1365 Gyou
543 1283 641 1345 fllium
655 1284 763 1355 Darei,
785 1282 913 1345 tratrem
927 1283 1049 1344 Martini
1064 1290 1096 1345 et
1109 1283 1207 1357 Minas
1271 1293 1274 1300 “

182 1394 323 1458 dicentes
338 1396 424 1478 quod
438 1414 548 1458 eorum
563 1414 633 1457 esse
647 1393 830 1457 contribulis
844 1401 877 1456 et
890 1394 983 1457 castri
998 1396 1125 1456 Zounuc
1138 1394 1207 1456 ion·

181 1507 283 1587 bagio.
310 1506 364 1569 illa
378 1514 481 1568 autem
496 1505 707 1569 contendebat
723 1525 759 1568 ee
771 1504 869 1567 lilium
885 1503 972 1568 latini
986 1505 1118 1586 hospitis
1135 1521 1206 1569 essa

181 1624 214 1679 et
228 1617 371 1681 absolute
384 1614 534 1689 liberum,
554 1615 790 1677 ‹et-deleniebat
803 1635 874 1677 eum
886 1615 997 1677 Petrus
1010 1614 1206 1678 conaillanua
1235 1613 1237 1617 ’

182 1730 259 1791 eius.
291 1718 455 1790 tuncl’oul
478 1727 604 1790 curialis
627 1746 735 1790 comes
759 1727 800 1788 ila
821 1728 966 1798 leenae,
996 1743 1037 1788 ex
1058 1734 1206 1808 precepto

182 1840 298 1902 domiui
317 1840 365 1902 sui
388 1839 552 1922 smaragdi
571 1839 691 1901 comitis
710 1857 766 1901 eos
783 1836 960 1900 discuciens
980 1836 1207 1918 adpraedam,

181 1970 239 2030 per
261 1949 442 2030 pristaldum
471 1949 598 2011 nomine
617 1947 785 2029 Georgium
812 1949 851 2009 de
875 1947 949 2009 uilla
973 1947 1098 2020 Babusl,
1124 1946 1208 2011 mieit

179 2038 383 2120 Uaradinum.
414 2057 467 2120 ubi
481 2075 553 2119 cnm
567 2067 651 2120 esset
665 2059 823 2139 predictus
837 2055 974 2136 Angelus
997 2067 1124 2137 portare
1144 2057 1209 2120 len·

182 2188 251 2231 rum
269 2175 403 2248 paratus,
423 2168 548 2250 quidam
562 2168 690 2230 nomine
702 2169 845 2249 Lenpeti,
867 2167 979 2248 etipse
989 2166 1069 2244 dixit
1078 2168 1119 2229 de
1131 2164 1209 2231 uilla

182 2280 328 2351 Zumteu,
350 2297 389 2341 ex
402 2287 490 2360 purte
505 2278 791 2357 prenominatorum
805 2277 1030 2360 ioubapionum
1043 2297 1078 2340 se
1093 2278 1133 2341 ad
1148 2277 1208 2341 bec

182 2389 311 2451 missurn
322 2407 478 2483 asserens,
489 2388 606 2450 iudicio
617 2387 692 2452 ferri
701 2384 865 2451 candentis
879 2387 1088 2462 renunciauit,
1099 2388 1208 2451 dicen

182 2499 318 2580 prelatos
330 2498 537 2581 ioubagiones
551 2517 609 2580 per
621 2499 725 2580 ipsum
740 2498 926 2573 mandasse,
945 2498 1031 2581 quod
1045 2498 1207 2580 supradie-

182 2618 247 2672 tum
262 2610 416 2692 Angelum
432 2611 472 2672 de
487 2610 747 2690 coninbagienatu
762 2610 876 2674 iniuste
889 2611 1111 2691 impeciisseut

263 2720 363 2796 (2512)
384 2720 567 2784 Castreusee
580 2722 621 2783 tle
635 2720 709 2784 Cius
729 2722 768 2785 (le
783 2723 1002 2785 centurionatu
1018 2722 1124 2805 agad,
1145 2721 1206 2784 sci·

180 2831 253 2895 licet
266 2833 389 2905 Snnad,
410 2830 551 2905 Uardou,
571 2834 640 2912 Apa
659 2830 773 2906 etalii,
792 2832 1051 2896 coadiuuantibus
1066 2852 1121 2898 eoa
1135 2832 1207 2897 iou·

73 2982 77 2989 ·
180 2941 367 3025 bagionibus
387 2942 528 3006 eiusdem
548 2942 660 3015 castris
680 2941 941 3025 scilicet-ligeben
959 2942 1101 3025 principe
1115 2960 1207 3007 exer·

181 3057 270 3129 citus,
298 3056 385 3117 lsaac
411 3054 613 3127 centurione,
640 3053 727 3116 Beda
751 3054 908 3135 bsslnogp,
934 3052 1010 3116 Bela
1033 3062 1065 3116 et
1086 3052 1207 3116 Uadua

180 3165 388 3246 impetierunt
400 3165 555 3246 quosdam
569 3162 775 3242 ioubagiones
785 3162 879 3223 Nicua
892 3160 947 3222 lilii
962 3161 1069 3234 Nidus,
1089 3161 1208 3224 scilicet

182 3275 299 3335 [ledam
323 3283 355 3335 et
379 3273 506 3334 fratrem
531 3272 599 3333 eius
621 3272 772 3352 limem,
802 3271 941 3333 (licentes
964 3289 1021 3332 eos
1039 3291 1114 3335 suos
1135 3287 1206 3335 eoae

183 3382 340 3444 concines.
360 3379 404 3442 illi
417 3389 523 3442 autem
534 3379 680 3441 dixerunt
693 3398 727 3441 se
741 3399 812 3442 esse
826 3380 941 3442 liberes
953 3380 1091 3453 omnino,
1105 3389 1138 3443 et
1150 3379 1208 3443 ad·

184 3493 340 3554 duxerunt
361 3489 561 3552 defensorem
581 3487 733 3550 libertatis
754 3507 880 3563 eorum,
908 3487 1055 3553 uidelicet
1073 3487 1207 3572 Stepba·

178 3623 258 3665 ¹rrum
273 3603 312 3665 de
327 3602 399 3664 uilla
411 3600 551 3662 Natztba.
574 3599 820 3682 christophorus
835 3601 940 3683 itaque
952 3621 1057 3665 comes
1070 3602 1112 3664 de
1118 3602 1205 3678 Cloe,

182 3734 239 3796 per
252 3713 435 3796 pristaldum
450 3711 575 3774 nomine
586 3710 643 3772 Eia
658 3712 697 3773 (le
713 3710 785 3773 uitn
796 3714 902 3793 anur
911 3712 994 3773 misit
1008 3731 1064 3775 eos
1077 3713 1117 3775 ad
1130 3731 1205 3776 caa-

50 3824 72 3852 '
183 3826 260 3888 (lens
285 3825 401 3888 ferrum
428 3822 633 3894 Uaradinum,
658 3840 722 3903 quo
736 3821 829 3883 Nisus
849 3829 881 3883 et
897 3821 1105 3904 ioubapiones
1126 3823 1205 3899 eim,

181 3956 252 4000 cum
268 3936 434 3999 defensore
448 3924 598 3996 libertatis
608 3951 717 3995 eorum
732 3941 763 3994 et
777 3931 939 4014 pristaldo,
951 3943 1109 3999 uenerunt
1120 3943 1205 3999 stare

183 4046 309 4110 iudicio.
336 4044 508 4109 aduersarii
529 4051 633 4108 eutem
654 4062 765 4108 eorum
784 4053 1125 4128 non-comparuerunt,
1144 4060 1206 4108 neo

183 4176 243 4245 per
255 4154 392 4240 aliquem
406 4154 648 4223 excusacionem
660 4155 824 4221 misenant-
843 4154 937 4223 Nica·
948 4155 1055 4242 itaque
1067 4151 1206 4223 abiudi-
