2798 4764
184 356 529 426 mmm-nen
554 372 757 422 consmmm
778 375 820 421 eu
839 369 984 422 comme.
1005 357 1116 422 tm.
1159 352 1227 420 “3

201 534 285 598 tibus
299 533 340 596 de
354 531 443 614 regni
459 530 615 594 nobilibus
629 530 691 594 lide
715 531 832 613 dignis,
855 540 886 595 et
900 532 984 594 idem
998 533 1135 595 nondum
1151 531 1230 613 bep-

200 645 301 708 lintis
324 644 404 706 seeri
432 644 626 726 baptismatis
654 644 794 726 imponat
823 652 1072 719 sacramentum,
1105 654 1138 707 et
1159 653 1227 708 tum
1261 654 1266 666 '

199 776 299 840 super
312 757 461 839 captiuis,
481 757 535 838 qui
553 756 585 817 in
608 776 705 839 regno
723 765 754 819 et
768 757 860 819 terris
874 757 990 818 nostris
1003 757 1119 819 luerint
1132 759 1230 838 capti-

200 870 268 932 ueti
289 867 501 941 remittendis,
522 886 616 950 quam
631 869 728 930 eciem
743 888 838 948 super
853 867 960 930 uacuis
972 868 1064 930 terris
1078 869 1229 931 nobilium

203 981 383 1064 pretaxatis,
418 999 496 1062 quas
521 981 616 1043 modo
638 980 791 1062 premisso
814 980 998 1043 eorumdem
1018 979 1228 1043 Cumanorum

202 1092 377 1156 descensus
404 1092 581 1165 incluserit,
615 1092 743 1155 uideant
770 1100 803 1153 et
828 1091 988 1174 inquirant
1016 1094 1228 1156 omnimodam

186 1204 385 1276 ueritatem,
405 1211 438 1264 et
459 1204 584 1265 demum
608 1203 700 1265 nobis
720 1202 856 1266 fideliter
874 1205 1011 1267 debcant
1032 1207 1230 1281 remandare,

192 1320 238 1377 {ut
251 1334 309 1378 nos
320 1315 439 1377 eisdem
455 1314 610 1377 nobilibus
624 1315 713 1398 regui
728 1315 840 1389 nostri,
856 1336 990 1398 quorum
1004 1324 1089 1380 terre
1103 1317 1228 1392 luerint,

202 1429 337 1491 sciamus
350 1428 383 1490 in
399 1427 505 1508 precio
520 1425 572 1489 uel
583 1428 617 1489 in
632 1427 817 1490 concambio
830 1429 1033 1508 respondere.

285 1537 353 1620 (ll)
376 1541 439 1601 Nec
458 1538 519 1600 boc
540 1539 805 1620 pretermittimus,
823 1540 912 1620 quod
933 1538 1028 1602 iidem
1050 1542 1168 1605 domini
1187 1543 1231 1607 de

203 1650 349 1716 Cumanis
371 1658 402 1712 et
414 1649 537 1712 nobiles
551 1659 582 1711 et
598 1651 782 1712 uniuersitus
798 1651 1020 1725 Cumanorum,
1041 1653 1157 1716 iudicio
1171 1655 1229 1717 Pe-

203 1763 290 1826 latini
306 1763 394 1844 regni
409 1763 523 1833 nostri,
544 1763 599 1844 qui
618 1760 713 1825 luerit
727 1783 785 1845 pro
800 1771 940 1844 tempore
953 1764 1139 1828 corretitutus
1153 1768 1229 1830 snb-

188 1874 367 1945 ¹iacebunt,
386 1872 466 1936 sieut
481 1883 620 1955 ternpore
636 1873 728 1947 liele,
750 1874 800 1935 eui
816 1875 914 1938 nostri
929 1875 1030 1938 lueret
1044 1878 1229 1953 institutum,

199 1985 259 2068 spui
274 1985 433 2067 quoslibet
448 2005 519 2046 curu
535 1984 644 2046 incolis
660 1985 747 2066 regni
771 1986 865 2046 nostri
883 1985 916 2046 iu
931 1988 1076 2049 omnibus
1089 1988 1229 2051 articulis

203 2095 365 2168 iudicabit,
387 2096 544 2158 assidente
567 2096 596 2157 ei
616 2095 720 2157 iudice
740 2116 796 2157 seu
818 2096 979 2176 principe,
1004 2099 1059 2178 qui
1080 2100 1112 2160 in
1131 2119 1230 2180 pene-

205 2209 331 2271 racione
345 2209 483 2290 qualibet
499 2207 591 2270 tuerit
602 2208 768 2279 institutus,
785 2216 877 2287 prout
888 2227 906 2268 a
916 2216 1058 2289 tempore
1069 2211 1121 2270 eui
1131 2213 1230 2274 nostri

196 2322 366 2386 ›emuteret
385 2321 604 2389 obseruatum,
624 2319 686 2380 hoc
701 2319 851 2380 duntaxat
864 2326 1008 2399 excepto,
1028 2321 1131 2401 quod,
1152 2322 1176 2383 si
1193 2323 1229 2385 lis

192 2431 286 2495 inter
299 2432 379 2495 duos
394 2431 516 2493 nobiles
533 2432 687 2492 comunes
708 2447 803 2509 super
816 2426 971 2490 effusione
985 2430 1157 2511 sanquinis,
1177 2433 1230 2495 nel

204 2543 311 2626 aliquo
335 2562 410 2605 casu
434 2541 593 2613 inciderit,
621 2549 734 2603 extunc
758 2540 893 2602 eundem
917 2538 1004 2603 solus
1027 2541 1124 2605 iudex
1146 2544 1231 2608 illius

201 2655 433 2738 generensis,
454 2654 506 2736 qui
529 2654 569 2717 de
592 2662 679 2734 parte
702 2653 746 2715 rei
768 2652 939 2727 exstiterit,
960 2653 1120 2728 iudicabit,
1140 2656 1232 2719 nibil·

204 2786 268 2850 que
289 2767 322 2828 in
349 2765 532 2827 eorumdem
559 2764 693 2826 duorum
714 2761 866 2827 nobilium
887 2762 1098 2827 Cumanorum
1124 2765 1229 2831 litibus

205 2878 368 2961 precipere
382 2878 498 2959 poterit
512 2877 677 2950 Pelatinus,
699 2881 746 2949 et,
767 2876 793 2939 si
807 2876 886 2939 alter
900 2876 1079 2940 huiusmodi
1094 2878 1229 2941 ducrum

201 2991 287 3055 inter
309 3009 344 3052 sc
366 2989 558 3072 litigeucium
582 2989 774 3052 sentenciam
796 2987 909 3050 iudicis
929 3008 986 3051 sue
1012 2991 1230 3071 generacionis

205 3103 373 3176 retuteret,
394 3103 434 3164 nd
453 3110 591 3164 nostram
613 3102 808 3183 presencium
830 3101 1003 3173 runcando,
1024 3109 1138 3162 extunc
1159 3121 1231 3165 eos·

206 3215 279 3278 dem
294 3215 373 3277 duos
393 3233 451 3276 nos
466 3213 674 3294 personaliter
687 3212 845 3275 assidente
860 3210 951 3273 nobis
970 3211 1115 3273 similiter
1126 3212 1229 3274 iudice

207 3327 425 3411 generacionis
446 3346 502 3387 sue
522 3324 729 3386 iudicabimus
750 3323 873 3385 iusticie
891 3321 1062 3384 mediante:
1084 3320 1231 3404 hocrpc-

205 3437 325 3500 einliter
340 3437 514 3509 declarato,
535 3435 621 3517 quod
635 3434 708 3497 siin
723 3434 855 3496 alterum
869 3431 977 3495 talium
992 3433 1127 3494 duorum
1142 3433 1230 3495 nobi-

198 3548 281 3612 ·lium
304 3550 514 3611 Comenorum
542 3547 665 3610 effusio·
679 3545 841 3628 sanquinis
866 3543 1060 3617 immineret,
1092 3553 1124 3609 et
1145 3545 1230 3607 idem

205 3661 368 3742 pertinens
389 3660 428 3722 ad
443 3666 591 3730 mortem,
612 3657 652 3719 ad
667 3676 725 3717 nos
739 3656 911 3738 confugere
927 3663 1032 3736 posset
1045 3655 1231 3734 incidenter,

206 3791 246 3834 ex
260 3780 334 3834 tunc
345 3768 526 3832 huiusmodi
540 3767 727 3830 effusionem
747 3767 918 3849 sanquinis,
938 3785 979 3829 en
993 3767 1068 3839 boc,
1089 3767 1175 3849 quod
1189 3769 1231 3832 ud

205 3901 263 3945 uos
279 3881 438 3963 peruenit,
453 3879 584 3952 euadet,
600 3878 656 3940 sed
670 3876 874 3941 nibilominus
886 3878 1013 3941 debebit
1028 3879 1179 3953 exsulari,
1199 3887 1232 3943 et

193 3993 250 4059 ‘sic
273 3992 432 4056 manendo
456 3999 544 4054 extra
567 4007 718 4072 reguum,
738 3997 887 4070 unquam
908 3989 982 4052 exul
1003 3990 1143 4073 requiret
1160 4009 1232 4072 gra·

191 4106 285 4171 -eitm
299 4103 452 4168 redeundi
466 4101 568 4179 abiis,
588 4119 670 4186 quos
682 4109 879 4178 excesserat,
899 4102 928 4166 si
940 4102 1057 4185 poterit
1069 4101 1232 4177 obtinere,
