2798 4764
473 324 600 391 mutos
619 336 829 390 numerous!
849 320 910 408 (s).
1052 269 1056 275 ι
1159 317 1205 386 'tt

173 497 281 597 prlu'm
295 503 447 568 nuncium
459 503 690 586 regressionem
707 502 915 575 nunciassent,
938 506 971 578 et
983 509 1042 582 per
1054 508 1204 582 magnum

180 612 336 701 pudorem
361 632 417 678 sue
440 615 586 697 potencie
608 610 846 696 imposuissent,
877 611 1069 675 uoluntstem
1095 604 1147 673 dei
1169 617 1205 673 ¹et

179 728 264 811 regis
278 726 475 790 sanctitatem
490 744 560 788 esse
574 742 765 807 cognouere.

261 838 350 902 ldem
365 854 492 921 qnoque
506 857 563 901 rex
582 847 707 900 sanetus
720 836 919 900 solicitudine
932 836 1082 920 regalium
1098 837 1204 920 dispo·

179 951 335 1014 sieionum
349 957 531 1032 occupatus,
545 957 666 1031 tempus
681 950 826 1012 diernum
841 940 1007 1032 colloquiis
1023 955 1054 1011 et
1066 948 1204 1013 consiliis

182 1063 354 1136 trsnsiens,
374 1081 433 1145 per
446 1070 570 1126 noctem
591 1063 754 1126 silentium
769 1061 883 1146 uigiliis
898 1069 930 1125 et
944 1061 1144 1124 oracionibus
1157 1061 1205 1123 in·

182 1185 280 1251 nere,
312 1175 575 1258 contemplacioni
598 1190 732 1250 necere,
762 1175 915 1258 lacrymas
938 1173 1085 1246 fundere,
1113 1170 1207 1236 deum

186 1287 298 1372 ulloqui
313 1306 377 1350 non
387 1288 546 1360 cessabat,
567 1286 701 1369 iustique
716 1286 827 1348 iudicis
842 1284 1096 1349 moderacionem
1109 1301 1206 1368 super

189 1399 386 1482 qestddinnis
407 1398 597 1461 iudiciorum
618 1392 863 1461 discussionibus
885 1396 1129 1460 misericorditer
1151 1395 1207 1460 do·

192 1509 336 1574 sundere
349 1510 520 1592 flagitabat.

266 1733 311 1819 (9)
338 1737 383 1799 Ds
396 1738 477 1798 uotis
496 1739 723 1800 rimationibus
744 1738 836 1818 repis,
866 1747 892 1799 et
910 1736 945 1798 ds
963 1747 1056 1799 settis
1075 1737 1130 1812 filii
1148 1726 1207 1799 uss

186 1849 317 1913 llsssici.
340 1852 436 1913 Nocte
451 1851 545 1933 igitur
560 1851 695 1939 quadum
711 1870 781 1912 cum
798 1851 903 1912 estatis
919 1859 1060 1933 tempore
1075 1850 1106 1913 in
1121 1868 1206 1912 eam·

186 1964 342 2046 pestribus
356 1961 426 2026 lixis
442 1963 583 2026 tentoriis
597 1963 725 2037 sterent,
747 1963 859 2026 ceteris
875 1964 980 2045 sopori
995 1960 1119 2035 deditis,
1139 1982 1209 2025 sur-

187 2096 263 2158 gens
278 2074 394 2138 s-lecto
409 2076 502 2138 deum
513 2075 743 2158 deprecebatur
753 2093 812 2157 pro
823 2093 879 2138 sna
894 2084 926 2137 et
938 2072 1047 2157 populi
1061 2074 1209 2156 ignoren-

186 2188 243 2250 cis.
274 2207 371 2270 quum
386 2187 509 2251 diucius
524 2187 663 2250 oracioni
677 2187 852 2261 insisteret,
879 2185 1007 2270 popillio
1026 2194 1123 2268 super
1136 2194 1209 2248 eum

185 2307 335 2361 extensus
351 2307 466 2361 eterra
480 2296 601 2363 leustus
614 2299 734 2361 tamdiu
746 2299 829 2380 cepit
844 2296 984 2379 pendere
999 2297 1032 2357 iu
1042 2308 1131 2369 sere,
1153 2297 1210 2358 doss

185 2429 243 2474 nec
255 2411 308 2475 uir
321 2411 371 2473 dei
386 2429 405 2473 s
419 2410 689 2493 contemplacione
703 2410 848 2492 spiritum
866 2408 1020 2472 relaxarit
1039 2418 1070 2471 et
1083 2408 1126 2471 ob
1140 2426 1211 2471 orn·

184 2523 286 2585 rione.
306 2523 391 2605 quod
406 2524 529 2586 cuidem
545 2523 628 2585 boue
639 2522 706 2586 uite
721 2531 769 2584 est
784 2521 1024 2584 manifestatum.
1046 2531 1140 2603 wem
1155 2538 1212 2583 rex

185 2640 312 2697 senctm
332 2653 446 2698 arcuna
466 2636 514 2697 sui
535 2635 656 2698 consilii
671 2653 742 2697 esse
755 2634 854 2696 sancti
877 2633 1099 2714 perspiritum
1121 2650 1212 2697 sunu·

184 2752 249 2808 tom
264 2746 406 2820 edoctus,
427 2747 516 2810 adse
532 2747 668 2821 uocauit,
682 2746 803 2809 blandis
818 2745 904 2827 prins
919 2744 1116 2808 sermonibus
1131 2741 1209 2826 quid

184 2857 316 2923 uidisset
340 2867 374 2923 et
394 2861 619 2936 sciscitabatur,
639 2867 712 2943 post
731 2879 773 2923 no
797 2859 847 2922 cui
869 2859 1006 2932 diceret,
1027 2858 1128 2921 donec
1143 2857 1212 2940 ipse

184 2970 328 3046 uiueret,
349 2973 526 3055 imperauit.

265 3084 302 3146 ln
317 3084 411 3147 bento
424 3102 552 3167 quoque
574 3104 649 3168 rege
672 3092 795 3147 constet
814 3082 891 3147 illud
912 3081 1096 3166 impletum:
1116 3090 1212 3165 quem

184 3210 243 3278 per
256 3196 370 3261 multus
392 3196 614 3260 tribul'sciones
629 3204 754 3280 oportet
773 3215 832 3259 nos
854 3198 972 3259 intrare
994 3212 1128 3279 regnum
1150 3192 1212 3256 del.

186 3307 291 3370 nnlds
305 3309 407 3371 modis
423 3308 611 3372 correctioni
626 3310 733 3372 diuine
746 3307 928 3382 succubuit,
956 3308 1056 3371 tribus
1071 3306 1160 3368 annis
1180 3305 1214 3367 in'

189 3419 368 3484 infirmitste
380 3423 530 3485 continue
543 3419 707 3484 laborauit
727 3420 967 3503 permissionem
981 3419 1013 3481 in
1024 3426 1124 3481 semet
1135 3417 1214 3499 ipsu,

189 3534 314 3596 sient'iti
330 3533 423 3597 besto
437 3534 503 3609 lob,
517 3535 629 3597 iudicis
644 3534 744 3597 eterni
759 3553 817 3616 per
831 3533 946 3596 secreti
960 3529 1083 3594 consilii
1099 3531 1215 3595 exemi·

189 3648 354 3710 necionem
376 3648 408 3711 in
427 3647 565 3710 liliorum
586 3664 716 3710 suorum
737 3646 825 3708 obitu
847 3646 944 3709 sensit
965 3643 1129 3707 imminere
1142 3662 1215 3708 uer·

189 3757 281 3832 bers,
302 3778 383 3842 quos
403 3758 437 3821 in
459 3759 535 3842 ipsis
549 3756 683 3822 inlnncie
698 3776 754 3821 sue
770 3757 918 3841 gradibus
931 3757 1049 3821 teneris
1064 3773 1144 3839 quos
1159 3756 1216 3820 de-

190 3870 235 3933 dit
255 3870 391 3935 nbstulit.
418 3871 459 3935 de
474 3888 608 3954 quorum
623 3879 726 3934 morte
739 3870 914 3934 mesticiam
929 3868 1073 3932 ‘abortum
1093 3866 1216 3951 genitor

189 3991 320 4065 propter
334 3980 474 4047 emonem
489 3982 665 4067 superstitis
686 3981 768 4045 bone
789 3981 902 4044 indolis
916 3979 1007 4064 pueri
1021 3979 1150 4042 ilenrioi
1165 3999 1216 4042 so·

189 4091 271 4156 lscio
294 4096 498 4178 compescuit.
531 4114 626 4180 quem
648 4095 739 4178 qussi
759 4095 822 4157 ism
841 4093 968 4157 unicum
988 4091 1216 4173 cero·diligens

190 4206 323 4281 ώσω,
350 4207 498 4295 precibus
516 4205 642 4273 Cbristo
660 4207 903 4285 commendetis,
931 4212 964 4272 ct
985 4197 1239 4287 eius-genitrici
