2798 4764
175 314 220 387 80
266 333 271 338 ·
397 338 536 389 rsosnn
556 337 656 386 crsra
676 336 887 385 mnuruororr
914 316 991 403 (tot

265 605 334 689 (ΒΟ)
353 608 399 670 Ds
416 608 543 670 uictoria
563 605 668 688 Amori
686 608 778 668 ducis.
820 607 890 667 Dux
904 606 1101 690 uerobrpad
1115 616 1148 672 et
1162 606 1211 673 sni

178 719 297 782 milites
320 719 434 799 adepta
452 718 586 781 uictoria
606 717 680 779 binc
701 717 838 799 egressi,
868 725 1025 780 uenerunt
1048 720 1211 799 usquead
1309 764 1313 775 .

183 838 348 912 stagnum,
370 830 456 910 quod
470 829 585 892 dicitur
600 827 803 901 Curtuelton,
825 836 857 890 et
871 838 1055 893 manserunt
1068 831 1110 892 ibi
1124 831 1212 897 iuxta

181 943 293 1005 siluam
307 940 474 1003 Gemeisen
498 941 625 1022 triginta
645 948 781 1021 quatuor
799 939 922 1002 diebus.
953 926 986 1003 et
1009 942 1041 1002 in
1065 939 1118 1003 ilio
1139 940 1211 1005 loco

180 1053 244 1117 dux
267 1061 300 1115 et
322 1054 370 1115 sui
391 1052 513 1115 nobiles
535 1052 763 1114 ordinauerunt
784 1071 895 1115 omnes
915 1053 1212 1119 consuetudinarias

181 1163 270 1246 leges
285 1164 393 1246 regni,
416 1170 448 1225 et
461 1163 567 1226 omnia
582 1161 649 1224 iura
665 1163 748 1236 eius,
769 1162 903 1244 qualiter
917 1162 1075 1227 seruirent
1088 1164 1160 1227 duci
1180 1172 1214 1229 et

183 1276 369 1359 primatibus
387 1276 470 1348 suis,
498 1274 550 1337 uei
564 1275 700 1357 qualiter
714 1274 864 1337 iudicium
886 1275 1043 1349 iacerent,
1062 1295 1120 1357 pro
1134 1294 1214 1358 quor

183 1387 261 1450 libet
274 1388 406 1451 crimine
422 1387 601 1450 commisso.
623 1387 665 1450 ibi
681 1387 779 1449 eciam
794 1388 858 1449 dux
871 1386 1064 1451 condonauit
1076 1388 1142 1451 suis
1154 1407 1214 1453 no·

181 1498 297 1561 bilibus
311 1517 420 1562 secum
435 1499 635 1561 uenientibus
649 1499 776 1562 diuersa
797 1499 882 1571 loca,
904 1519 975 1561 cum
991 1499 1136 1562 omnibus
1157 1499 1213 1563 ba·

180 1609 367 1672 bitatoribus
381 1610 457 1672 suis.
485 1617 517 1672 et
530 1610 635 1672 iocum
649 1610 735 1672 iilum
751 1610 803 1671 ubi
818 1609 878 1671 bec
893 1610 1000 1672 omnia
1014 1610 1213 1694 sueruntor-

181 1721 288 1783 diuuta
302 1719 444 1802 Huugari
457 1721 631 1783 secundum
644 1741 736 1783 strum
750 1721 868 1782 idioma
882 1721 1211 1786 nominanaruntScc·

183 1833 237 1906 rii,
258 1833 401 1914 eoquod
421 1832 464 1894 ibi
479 1833 657 1896 ordinatum
679 1832 735 1894 suit
756 1839 856 1894 totum
878 1832 1046 1914 negocium
1060 1833 1160 1914 regui.
1181 1841 1214 1897 et

183 1945 247 2006 dux
261 1945 362 2007 iocum
377 1944 464 2007 iilum
480 1945 750 2007 deditCnndunec
765 1945 844 2024 putri
854 1945 921 2017 Ete,
936 1943 1091 2006 aThiscia
1107 1964 1209 2026 usqne

184 2055 224 2119 ad
248 2061 393 2136 stagnum
418 2055 534 2128 Botna,
566 2063 598 2117 et
621 2074 640 2116 a
662 2054 846 2117 Curtueitou
872 2074 972 2137 usque
999 2054 1040 2118 ad
1067 2055 1212 2119 sabulum

182 2166 291 2248 otpar.
312 2174 425 2248 postea
437 2185 526 2239 nero,
545 2166 712 2229 transactis
726 2165 912 2246 quibusdam
927 2167 1134 2246 temporibus,
1153 2167 1212 2232 nu

181 2276 265 2341 filius
290 2277 423 2352 0uudu,
455 2287 646 2360 congregata
672 2277 870 2339 multitudine
897 2277 1103 2351 Sclauorum,
1137 2278 1212 2342 fecit

183 2391 266 2453 inter
289 2397 428 2452 castrum
453 2388 550 2472 inar
571 2398 603 2452 et
624 2397 750 2471 portum
768 2389 889 2452 Beuldu
911 2389 1051 2453 edificari
1075 2401 1212 2455 castrum

184 2499 388 2594 fortissimum
404 2502 443 2564 de
458 2509 551 2574 terra,
562 2502 649 2583 quod
661 2502 905 2564 nominauerunt
918 2502 1022 2565 Seiani
1037 2503 1211 2567 secuudum

184 2611 301 2675 idioma
315 2632 406 2676 suum
421 2613 620 2694 Suruugrad,
641 2613 673 2674 id
688 2623 750 2676 est:
774 2614 903 2694 Nigrum
919 2623 1067 2676 castrum.

269 2833 340 2914 (tr)
363 2837 407 2898 De
426 2855 537 2916 egressu
555 2832 669 2916 Arpad.
704 2837 819 2901 Postea
833 2856 910 2899 uero
924 2808 988 2899 dux
1003 2837 1108 2919 Arpad
1122 2837 1213 2901 etsui

185 2947 309 3012 nobiles
331 2949 404 3011 binc
425 2948 545 3031 egressi
567 2959 724 3012 uenerunt
743 2970 844 3031 usque
866 2949 905 3012 ad
928 2947 1080 3023 Titulum,
1106 2950 1213 3013 subiu-

187 3062 292 3146 gando
312 3061 372 3123 sibi
390 3061 553 3143 populum.
586 3061 699 3123 deinde
722 3062 841 3144 egressi
865 3071 1023 3126 uenerunt
1046 3083 1147 3145 usque
1172 3062 1212 3126 ad

186 3181 312 3256 portum
335 3171 559 3245 Zoioncaman‚
579 3180 611 3235 et
624 3180 723 3234 totum
739 3173 888 3255 poputum
912 3174 994 3237 infru
1009 3173 1165 3238 Tbisciam
1181 3182 1213 3238 et

187 3285 365 3350 Danubium
392 3283 602 3357 habitantem,
633 3285 693 3347 sub
721 3286 829 3367 iugum
855 3305 947 3347 suum
974 3286 1212 3350 constituerunt.

187 3396 262 3460 bino
284 3416 362 3460 uero
387 3397 552 3460 uenientes
577 3398 745 3478 adportes
770 3397 899 3480 Budrug
923 3406 1152 3479 peruenerunt,
1181 3405 1213 3461 ct

188 3508 276 3572 iuxta
288 3508 419 3570 fluuium
434 3508 538 3591 onus
553 3517 656 3572 castra
668 3509 777 3572 metati
791 3518 878 3582 sunt,
901 3517 933 3572 et
949 3509 983 3571 in
997 3510 1136 3591 partibus
1153 3508 1213 3572 iliis

189 3619 254 3680 dux
268 3619 357 3681 dedit
370 3627 486 3682 terram
499 3639 645 3702 magnam
660 3641 732 3683 cum
747 3621 892 3682 omnibus
905 3620 1133 3684 habitatoribus
1149 3621 1213 3684 suis

191 3730 335 3794 Tosuuec
357 3729 543 3812 nutribam,
570 3751 641 3794 cum
662 3731 820 3794 auunculo
837 3751 895 3793 suo
912 3731 1034 3813 Culpuu
1049 3739 1137 3814 patre
1152 3732 1214 3793 Bo-

189 3842 276 3905 toud.
303 3851 378 3907 tunc
392 3842 457 3904 dux
469 3842 576 3923 Arpad
594 3854 627 3906 et
647 3845 696 3907 sui
716 3842 864 3926 primates
884 3843 962 3906 iuito
983 3842 1114 3904 consilio
1135 3861 1212 3903 con-

190 3952 375 4027 stituerunt,
395 3952 481 4034 quod
495 3953 668 4016 exercitum
681 3954 841 4017 mitterent
854 3961 983 4035 propter
992 3952 1139 4015 Salarium
1153 3950 1213 4015 du·

192 4083 262 4130 cem
275 4063 357 4128 ultra
369 4064 563 4138 Danubium,
584 4072 694 4128 contra
707 4065 818 4129 Albam
830 4062 986 4147 Butgarie.
1007 4083 1104 4149 super
1115 4084 1212 4149 quem

193 4175 364 4255 exercitum
381 4174 539 4248 comtituti
557 4183 630 4247 suut
648 4175 803 4270 principos
825 4184 857 4245 ot
872 4176 1017 4251 ductores
1037 4176 1118 4247 Lelu
1129 4176 1213 4255 filins
