2798 4764
140 435 143 438 .
205 345 268 416 Β
532 362 605 411 nra
625 362 650 410 s
665 359 800 409 amam
825 339 903 427 (ti).

206 527 315 584 naret
343 519 396 601 qni
418 517 508 581 breui
526 515 680 599 temporis
701 513 867 580 interuallo
888 513 922 577 iu
940 511 1017 596 ipsis
1038 513 1156 577 artibus
1169 532 1236 579 non

206 632 407 696 mediocriter
430 628 642 712 proiecerunt.
682 647 746 712 quo
770 627 841 689 niso
863 626 988 689 nobiles
1016 633 1047 688 et
1072 634 1235 709 magnates

206 740 288 805 titios
315 760 389 804 suos
419 740 584 804 tradebant
603 739 747 830 predicto
764 736 930 802 Waltbero
955 737 996 800 ad
1014 736 1236 801 instruendum

206 870 265 936 pro
290 851 494 933 adipiscendo
518 851 623 914 fructu
650 850 785 914 sciencie
810 850 883 912 artis
906 847 1055 912 liberalis.
1089 848 1139 911 isti
1163 857 1237 913 suot

206 964 298 1048 primi
317 963 464 1027 canonici
485 963 518 1024 in
537 962 728 1025 monastario
743 961 826 1025 beati
841 959 969 1043 Georgii
984 960 1133 1034 ordinati,
1154 977 1236 1042 quos

206 1075 374 1159 episcopus
394 1076 454 1138 snb
475 1074 610 1137 maxima
630 1072 798 1156 diligencia
820 1073 995 1148 nutriebat,
1016 1072 1155 1156 eoquod
1170 1092 1236 1135 non

207 1195 313 1253 ment
335 1185 511 1269 alienigene
534 1187 592 1250 sed
613 1185 764 1267 patricie,
785 1192 939 1268 quatenus
961 1204 1019 1267 per
1032 1203 1088 1246 eos
1103 1183 1237 1247 eeclesia

206 1299 259 1366 dei
273 1306 381 1380 posset
394 1297 650 1381 magnificencius
662 1296 803 1361 exaltari.
821 1297 960 1379 igiturin
971 1296 1141 1359 iestiuitate
1152 1296 1238 1383 beati

206 1409 333 1474 loannis
353 1410 491 1492 Baptiste
519 1409 604 1473 iacta
625 1408 845 1492 predicacione
868 1416 901 1471 et
921 1407 995 1471 data
1014 1407 1236 1470 benedictione

208 1530 410 1586 accesserunt
433 1520 476 1586 ad
494 1521 676 1604 episcopum
697 1521 787 1603 qnasi
810 1527 937 1582 centum
959 1518 1020 1581 uiri
1040 1517 1237 1601 postulantes

208 1632 268 1696 sibi
281 1631 468 1695 sanctificari
481 1633 551 1695 loca
563 1652 622 1714 pro
637 1630 778 1695 ecclesiis
792 1630 1028 1705 construendis,
1050 1630 1090 1694 de
1101 1649 1237 1714 quornm

208 1742 384 1805 deuocione
409 1743 578 1825 episeopus
606 1763 670 1806 non
698 1742 857 1806 modicum
880 1742 1054 1817 letabatur,
1087 1742 1237 1824 factoque

208 1853 358 1918 conuiuio
372 1855 458 1936 ipsos
474 1854 514 1916 ad
529 1874 671 1919 mensam
684 1855 844 1929 inuitauit,
864 1873 936 1918 cum
951 1854 1066 1920 ceteris
1079 1860 1141 1916 tam
1157 1852 1239 1916 diui·

207 1967 291 2031 tibus
302 1985 397 2049 quam
410 1965 602 2049 pauperibus
614 1968 669 2050 qui
684 1968 815 2031 aderant
829 1965 998 2030 uniuersis.
1019 1985 1155 2048 cumque
1169 1984 1240 2027 sur·

207 2077 365 2143 rexissent
378 2096 396 2141 a
413 2096 539 2152 mensa,
561 2077 742 2141 obtulerunt
755 2077 904 2161 episcopo
919 2076 1008 2140 naria
1022 2076 1107 2140 dona
1120 2083 1152 2139 et
1170 2095 1238 2139 mn·

207 2206 285 2254 nera
304 2199 337 2255 et
356 2188 511 2253 clenodia.
538 2189 686 2254 uidelicet
700 2210 817 2274 equos,
838 2190 939 2253 boues
954 2197 986 2252 et
1000 2207 1093 2264 oues,
1113 2187 1238 2271 tapecia

208 2301 358 2386 mumma,
379 2302 528 2367 mulieres
550 2322 627 2366 uero
649 2302 758 2366 anulos
780 2322 893 2366 aureos
913 2310 946 2365 et
964 2300 1103 2364 monilia.
1124 2302 1239 2384 quibus

208 2413 333 2480 dicebat
352 2414 542 2498 episcopus:
563 2408 717 2497 numquid
737 2421 868 2497 propter
881 2412 943 2479 boc
962 2432 1020 2478 nos
1034 2413 1184 2488 inuitaui,
1206 2421 1239 2478 ct

208 2528 323 2589 uestris
338 2527 428 2590 bonis
442 2547 499 2589 uos
513 2526 693 2608 spoliarem.
715 2525 807 2589 absit.
827 2526 884 2590 sed
897 2526 1010 2589 uocaui
1025 2545 1083 2588 uos
1098 2525 1138 2587 ad
1150 2524 1240 2589 audi-

210 2636 327 2698 endum
349 2637 483 2699 uerbum
505 2638 567 2700 dei.
595 2638 646 2699 eui
669 2638 899 2718 responderunt
916 2637 1055 2700 uniuersi
1080 2637 1237 2699 dicentes:

208 2745 284 2829 quia
313 2753 401 2827 pater
428 2755 536 2810 sancte
565 2746 743 2810 audiuimus
770 2754 803 2811 te
830 2747 925 2810 bodie
953 2748 985 2810 in
1013 2767 1160 2811 sermone
1189 2746 1239 2810 dei

209 2864 452 2939 protestantem,
473 2858 553 2921 sieut
571 2858 740 2940 exstinguit
759 2877 841 2941 aqua
859 2859 982 2942 iguem,
1004 2860 1046 2923 ita
1067 2860 1241 2924 elemosina

209 2966 378 3049 exstinguit
398 2976 571 3048 peccatum.
600 2969 723 3050 suscipe
745 2988 821 3052 crgo
843 2989 906 3052 que
924 2970 981 3033 tibi
1001 2972 1162 3034 offerimus
1184 2991 1241 3054 pro

209 3075 323 3142 Christi
348 3079 491 3154 nomine,
520 3078 553 3141 in
576 3101 640 3163 quo
663 3101 771 3144 sumus
796 3082 836 3144 ad
860 3081 959 3146 uitam
982 3084 1093 3146 renati.
1123 3083 1240 3147 iactum

209 3199 259 3254 est
277 3200 383 3256 autem
404 3210 476 3255 eum
499 3193 666 3276 episcopus
687 3193 892 3276 egrederetur
911 3214 984 3259 cum
1005 3196 1155 3259 fratribus
1176 3195 1241 3258 suis

210 3321 299 3368 anem
317 3303 447 3369 uisitare
465 3304 640 3388 dyocesim,
660 3313 695 3368 ut
715 3313 917 3370 consecraret
935 3325 1045 3370 eorum
1066 3305 1242 3389 cymiteria,

209 3414 263 3498 qui
286 3423 376 3479 erant
399 3416 549 3480 ecclesias
575 3416 793 3483 constructuri.
828 3436 847 3481 a
871 3418 986 3501 quibus
1009 3417 1243 3501 recipiebantur

210 3536 359 3610 unquam
385 3529 484 3592 sancti
509 3529 658 3613 apostoli,
684 3531 773 3613 signa
794 3537 826 3593 et
845 3531 990 3614 prodigia
1013 3530 1183 3603 iacientes,
1211 3536 1243 3590 et

210 3654 343 3699 munera
372 3657 412 3700 ex
439 3641 486 3702 eis
515 3640 747 3723 omnibusque
774 3640 934 3704 habebant
960 3646 1108 3722 prompto
1136 3636 1240 3698 animo

209 3747 394 3811 offerebant.
428 3750 473 3814 illi
500 3760 605 3815 autem
632 3752 746 3834 prefati
773 3758 895 3833 septem
923 3749 1069 3813 monacbi
1096 3747 1242 3830 preibant

209 3857 397 3940 episcopum
425 3859 618 3942 predicando
647 3871 678 3926 et
704 3859 891 3944 baptizando
913 3860 1083 3943 populum,
1116 3858 1148 3920 in
1174 3878 1242 3921 om-

208 3982 283 4034 nem
303 3969 424 4046 locum,
450 3990 514 4053 quo
538 3971 606 4054 ipae
630 3982 699 4039 erat
720 3979 890 4046 uenturus,
917 3990 977 4055 per
1000 3990 1080 4054 qnos
1104 3972 1242 4056 applica·

207 4079 299 4147 betur
317 4081 447 4146 domino
470 4080 707 4149 innumerabilis
729 4083 928 4150 credencium
952 4083 1130 4148 multitado.
1161 4104 1242 4168 quo*

207 4212 278 4265 raas
297 4192 479 4263 oblaciones
497 4202 661 4284 susceptas
677 4195 713 4267 ia
731 4196 841 4266 mm
853 4196 1087 4273 ammantat
1101 4198 1238 4268 biorise⁴
