2798 4764
197 354 258 426 386
423 374 516 423 eursu
537 370 771 423 sacarurrscoru
794 371 998 422 saiusrausts

280 530 327 613 (ll
357 532 683 595 anathematizauimus
706 550 816 593 omues
838 538 938 593 sectas
958 528 1166 591 hereticorum
1192 539 1233 595 et

197 664 306 708 eorum
330 645 512 725 complices,
544 652 651 705 contra
672 651 903 707 sacrosanctam
926 643 1098 703 Romanam
1124 640 1227 703 eucle-

199 757 277 819 siam
293 765 323 818 et
339 756 406 818 eius
422 757 595 817 doctrinam
612 756 820 828 oblatrantes,
842 764 874 817 et
896 774 1004 816 omnes
1026 753 1164 815 indebite
1181 772 1231 814 ec-

199 867 363 931 clesiastici
394 867 490 929 officii
519 868 755 940 uerberatures,
788 875 819 928 et
840 868 1032 928 decimarum
1059 865 1234 926 redituum·

202 998 264 1062 que
280 978 565 1041 ecclesiasticorum
580 986 736 1060 raptores,
758 980 920 1040 inuasores
942 998 978 1040 ac
999 976 1104 1040 illicite
1125 984 1231 1038 reten-

200 1098 295 1163 tores,
317 1090 377 1152 nisi
393 1091 487 1174 digna
502 1090 711 1153 satisfecerint
725 1089 945 1152 satisfactione.

281 1200 326 1283 (Ξ)
359 1200 416 1264 Ubi
441 1210 472 1264 et
497 1201 660 1266 statuimus
686 1210 720 1264 ut
743 1222 852 1264 omnes
878 1200 1060 1264 usualitates
1080 1200 1230 1282 antique,

199 1333 277 1397 quas
293 1312 426 1378 ecclesia
440 1334 465 1376 s.
477 1314 599 1376 Domnii
614 1313 785 1388 habuerat,
807 1321 838 1377 et
861 1314 1092 1376 iurisdictiones
1113 1319 1176 1376 tam
1198 1315 1230 1374 in

199 1426 365 1509 episcopos
387 1447 480 1508 quam
501 1427 532 1488 in
554 1426 649 1489 alium
670 1427 787 1489 clerum
806 1427 980 1488 secundum
996 1417 1155 1488 dominum
1172 1425 1229 1487 ha·

199 1539 293 1602 beant
308 1540 542 1612 auctoritatem,
565 1547 596 1600 et
617 1539 703 1621 quod
723 1539 880 1601 neminem
904 1539 944 1601 ad
965 1539 1107 1601 ordinem
1128 1538 1230 1601 arohi-

200 1651 368 1733 episcopus
382 1658 584 1731 promouent,
605 1651 666 1712 nisi
680 1670 738 1732 per
753 1649 1007 1712 archidiaconum
1030 1662 1083 1714 aut
1105 1671 1162 1732 per
1177 1669 1230 1712 ca-

200 1763 331 1825 nonicos
357 1783 381 1822 S.
399 1762 520 1823 Domnii
549 1770 780 1842 presentatum,
809 1763 888 1824 siout
911 1763 942 1825 in
968 1761 1028 1823 alio
1055 1762 1228 1844 priuilegio,

199 1874 285 1956 quod
301 1873 459 1936 canonicis
481 1894 575 1955 super
590 1874 725 1955 antiquis
745 1873 961 1937 usualitatibus
976 1873 1140 1937 seruandis
1156 1873 1230 1937 feci·

199 2002 268 2046 mus
284 1983 424 2066 planum,
447 1991 496 2046 est
510 2004 703 2065 expressum.

282 2094 328 2177 (3)
351 2096 542 2159 Instituimus
566 2096 666 2158 eciam
687 2105 720 2159 ut
735 2095 875 2160 officium
889 2096 1026 2159 hillario
1048 2095 1180 2178 uirginis
1194 2095 1227 2158 in

198 2208 344 2272 omuibus
359 2208 500 2270 ecclesiis
516 2228 572 2288 per
585 2216 723 2271 nostram
741 2208 892 2271 diocesim
906 2209 991 2271 omni
1009 2211 1058 2271 die
1075 2216 1227 2271 cantetur.

280 2317 325 2401 (ll
351 2322 500 2383 Preterea
522 2341 618 2403 quum
639 2321 789 2403 parochie
814 2323 1082 2403 suffraganeorum
1103 2331 1230 2383 nostro·

198 2455 268 2498 rum
284 2434 323 2495 ad
338 2453 371 2496 se
387 2433 523 2495 inuicem
538 2441 644 2495 essent
658 2433 787 2496 confuse
802 2441 833 2496 et
843 2433 935 2496 certis
950 2432 1097 2496 limitibus
1109 2453 1229 2516 nequa-

199 2563 294 2627 quam
310 2544 471 2616 distincte,
494 2551 524 2606 et
539 2543 631 2605 nullis
647 2544 819 2627 priuilegiis
834 2545 1036 2618 communite,
1065 2546 1107 2606 ita
1121 2554 1156 2608 ut
1169 2544 1229 2625 ipsi

200 2654 339 2737 episcopi
361 2655 393 2715 in
415 2675 555 2717 errorem
578 2663 609 2718 et
631 2655 877 2719 controuersiam
899 2676 975 2738 sepe
998 2656 1228 2729 inducerentur,

199 2765 316 2848 placuit
340 2765 430 2826 nobis
446 2766 587 2828 omnibus
602 2772 789 2829 memoratas
811 2766 976 2848 parochias
999 2765 1101 2829 taliter
1122 2767 1229 2828 distin-

200 2896 296 2960 guere
312 2897 349 2938 ac
364 2876 535 2959 priuilegiis
550 2879 759 2953 communire,
788 2886 823 2941 ut
838 2879 877 2940 de
892 2887 997 2941 cetero
1014 2878 1229 2959 unusquisque

201 2989 420 3071 episcoporum
437 2989 590 3051 attributis
605 2990 663 3051 sibi
678 2988 836 3071 parochiis
852 3009 888 3051 ac
900 2989 1072 3071 priuilegiis
1084 2989 1229 3070 gaudeat,

201 3109 233 3164 ut
252 3101 328 3163 nulli
351 3122 487 3184 unquam
510 3102 636 3165 fratrum
659 3121 787 3164 snorum
808 3103 1003 3184 questionem
1027 3102 1139 3163 exinde
1161 3120 1228 3162 mo·

200 3233 277 3277 uere
292 3225 462 3296 presumat.

284 3323 328 3406 (5)
349 3325 553 3387 Definiuimus
575 3325 678 3407 itaque
697 3326 764 3405 pari
783 3333 858 3388 uoto
884 3333 916 3387 et
937 3325 1094 3387 communi
1113 3324 1227 3386 uolun-

200 3441 264 3499 tate
287 3436 461 3498 eorundem
482 3439 767 3518 suffraganeorum,
789 3445 823 3499 ut
844 3436 1098 3518 archiepiscopus
1121 3435 1228 3518 Spala-

201 3547 297 3609 teusis
319 3548 376 3609 has
398 3547 513 3610 habeat
534 3548 720 3630 parochias:
758 3548 904 3623 Clissam,
938 3547 1042 3620 Scale,
1072 3547 1227 3622 Sminam,

202 3653 371 3728 Cettinam‚
392 3663 487 3718 totam
512 3656 677 3732 Cleuuam,
697 3667 797 3721 totum
816 3659 978 3722 Massaron
1001 3668 1031 3722 et
1054 3667 1150 3722 totum
1172 3658 1227 3719 Pol

201 3785 302 3847 usque
318 3767 356 3828 ad
372 3767 528 3841 Vrullam,
551 3777 582 3830 et
595 3769 773 3853 ubicunque
787 3779 859 3833 sunt
872 3780 953 3835 terre
973 3772 1003 3834 S.
1015 3771 1154 3843 Dumnii,
1171 3770 1227 3832 de-

200 3873 277 3938 hent
291 3878 366 3938 dare
382 3879 518 3941 decimas
534 3899 558 3940 s.
568 3880 713 3942 Domnio.

283 3985 328 4070 (6)
349 3991 481 4072 Insuper
491 3989 672 4052 habeathas
684 3992 846 4054 ecclesias:
861 4011 886 4055 s.
894 3991 1057 4066 Martham,
1068 4013 1092 4055 s.
1102 3993 1226 4055 Petrum

202 4098 242 4163 de
257 4100 413 4175 Globuco,
434 4122 459 4163 s.
469 4101 617 4177 Mariam,
639 4104 884 4188 nstephanum,
905 4125 930 4167 s.
942 4104 1100 4189 Moysem,
1115 4126 1139 4168 s.
1151 4106 1227 4167 Bar-

201 4209 405 4278 tholoneum.
