2798 4764
216 301 281 378 Μ
453 316 599 368 transm
619 317 665 365 sr.
679 316 823 366 mussas
842 315 933 364 anons
953 294 1009 381 (7).

219 474 429 540 Christianum
459 472 611 556 populum
634 471 726 535 famis
750 469 857 534 inedia
879 489 943 531 non
967 467 1086 533 sineret
1109 467 1249 533 interire.
1341 535 1344 538 Α

219 605 355 670 eumque
378 604 511 667 surgens
530 584 569 647 ab
593 583 742 647 oracione
755 590 979 656 reuerteretur,
1000 599 1074 644 ecce
1088 601 1165 663 grex
1179 600 1249 643 cer-

219 720 334 764 uorum
349 707 381 762 et
395 696 580 759 bubalorum
597 697 703 758 obuiat
720 696 766 770 ei,
787 703 818 758 et
833 714 903 757 cum
918 695 987 776 ipso
1002 691 1121 755 scilicet
1133 692 1167 755 in
1180 712 1249 754 me·

219 811 306 874 dium
326 808 480 871 exercitus
499 806 642 889 deposita
660 806 783 869 feritate
803 804 959 867 conuenit.
989 803 1058 867 tulit
1073 823 1150 886 ergo
1165 823 1247 866 unus

219 919 352 1002 quisque
367 937 407 980 ex
420 915 603 980 animalibus
618 925 771 997 quantum
789 916 848 978 sibi
868 914 1062 988 sufficiebat,
1081 913 1247 978 laudantes

220 1048 259 1093 ac
274 1026 445 1112 gloriantes
459 1028 553 1090 deum
573 1027 606 1089 in
619 1035 728 1090 sancto
742 1047 817 1101 suo,
838 1047 896 1109 per
911 1047 1004 1109 quem
1020 1025 1112 1089 talem
1126 1025 1248 1089 miseri·
1283 1078 1286 1085 .

219 1141 359 1206 cordiam
373 1139 498 1202 fuerant
509 1139 679 1202 consecuti.
698 1140 789 1202 adest
799 1139 876 1202 deus
892 1139 1000 1217 electis
1014 1139 1089 1213 suis,
1100 1139 1247 1202 affectum

218 1253 338 1317 eisdem
352 1251 596 1334 oportunitatem
610 1251 685 1313 boni
700 1252 806 1334 operis
820 1250 1047 1313 administrans.

300 1364 426 1427 Electus
440 1362 499 1425 iste
514 1362 567 1425 dei
580 1381 692 1425 seruus
703 1363 777 1425 dum
793 1363 908 1424 affectu
922 1380 1045 1423 summo
1059 1359 1173 1443 placita
1183 1360 1245 1423 deo

218 1472 325 1539 iacere
345 1475 515 1557 cogitaret,
536 1473 597 1535 hoc
612 1473 641 1535 ei
655 1474 850 1555 potissimum
866 1472 1014 1535 diuinitus
1032 1471 1174 1534 oblatum
1188 1480 1246 1546 est,

219 1606 260 1650 ne
273 1605 408 1667 corpora
421 1593 611 1658 sanctorum,
625 1604 705 1666 quos
719 1592 828 1647 auctor
838 1583 1050 1648 uniuersitatis
1065 1582 1125 1645 celi
1136 1583 1245 1666 digna-

218 1699 310 1761 bntur
331 1697 508 1770 honorare,
532 1715 591 1758 suo
614 1696 676 1758 iam
701 1695 820 1777 gremio
842 1694 1034 1770 consonans,
1060 1695 1091 1756 in
1113 1693 1243 1776 puluere

218 1807 340 1873 diucius
352 1807 456 1870 iacere
470 1814 641 1888 pateretur.
665 1805 758 1888 igitur
767 1804 949 1868 auctoritate
962 1805 1076 1868 summi
1091 1803 1243 1886 pontilicis
1277 1828 1281 1834 ·

218 1920 399 1999 impetrata,
430 1924 608 1980 sanctorum
633 1936 784 1999 corpora,
815 1914 963 1979 uidelicet
986 1917 1071 1979 beati
1094 1915 1244 1999 Stephani

217 2031 319 2114 regis,
341 2030 394 2113 qui
408 2029 526 2112 primus
541 2028 671 2111 Ungaris
690 2029 774 2091 uiam
794 2025 902 2091 salutis
921 2038 1030 2092 eterne
1048 2028 1244 2090 demonstra·

219 2141 278 2216 uit,
308 2149 339 2203 et
352 2139 409 2202 filii
423 2140 490 2202 eius
504 2140 604 2202 sancti
617 2139 792 2214 Hemerici,
812 2139 866 2221 qui
880 2157 952 2202 cum
966 2148 1051 2202 esset
1063 2137 1145 2200 filius
1160 2138 1244 2220 regis

218 2253 342 2326 unicus,
361 2258 543 2334 peteretque
557 2251 616 2315 sibi
630 2251 778 2316 diuinitus
793 2250 941 2326 reuelari‚
963 2251 1038 2332 quid
1053 2252 1168 2313 offerre
1182 2251 1244 2314 deo

218 2372 326 2447 posset
344 2363 520 2445 accepcius,
542 2370 688 2445 essetque
703 2362 732 2424 ei
747 2381 933 2442 responsum
949 2360 1159 2444 uirginitatem
1173 2380 1244 2425 esse

218 2476 280 2539 deo
305 2475 531 2557 gratissimam,
561 2483 669 2539 contra
698 2473 890 2537 uoluntatem
914 2473 1050 2555 coniugii
1078 2482 1111 2536 et
1135 2481 1245 2536 contra

217 2603 307 2666 spem
329 2585 517 2665 posteritatis
536 2584 569 2646 in
589 2584 679 2666 regni
699 2603 895 2657 successore,
916 2591 1025 2646 uotum
1040 2584 1101 2646 deo
1116 2583 1246 2666 uirgini·

216 2693 288 2756 tatis
304 2692 429 2766 obtulit,
451 2712 585 2774 corpora
596 2694 696 2755 sancti
710 2693 863 2756 Gerhardi
886 2695 1019 2757 martiris
1034 2703 1066 2756 et
1078 2695 1243 2757 beatorum

216 2803 343 2866 Andree
358 2809 390 2865 et
401 2803 565 2867 Benedicti
578 2803 760 2866 mirabiliter
772 2803 847 2867 iecit
860 2805 1046 2869 canonizari.

191 3074 193 3080 .
301 3022 347 3107 (7)
368 3026 423 3088 llis
438 3045 514 3109 argo
529 3025 657 3101 diebus,
685 3026 724 3089 ad
738 3035 846 3090 uotum
863 3028 1174 3112 eicontingentibus,
1194 3029 1244 3092 ui·

218 3137 296 3204 dens
311 3137 418 3200 diuine
432 3137 514 3201 circa
533 3155 568 3201 sc
587 3117 761 3201 dilectionis
781 3137 914 3214 iudicia,
935 3141 1017 3221 cepit
1030 3138 1162 3204 sollicite
1176 3159 1243 3202 me·

218 3250 326 3324 ditari,
347 3249 423 3332 quid
444 3249 545 3332 pium,
567 3247 642 3331 quid
659 3249 803 3324 unicum,
823 3250 941 3332 quidue
956 3251 1017 3314 deo
1033 3251 1243 3334 gratissimum

216 3382 274 3449 pro
289 3371 334 3426 tot
352 3362 443 3425 bonis
457 3362 611 3424 bonorum
626 3361 745 3424 auctori
764 3361 927 3425 retribuat.
963 3358 1069 3426 statdit
1087 3363 1181 3446 igitur
1195 3361 1241 3425 ire

215 3474 444 3550 lerosolimam‚
465 3482 498 3538 et
520 3474 582 3537 illic
606 3473 634 3536 si
657 3482 819 3556 oporteret
843 3475 923 3540 mori
948 3495 1004 3557 pro
1026 3474 1166 3549 Christo,
1188 3475 1242 3558 qni

217 3602 290 3647 cum
308 3593 393 3650 esset
411 3585 563 3668 splendor
583 3583 683 3668 glorie
706 3592 738 3647 et
757 3583 859 3667 figura
880 3585 1060 3652 substancie
1083 3585 1149 3659 dei,
1177 3604 1241 3645 non

203 3693 372 3758 dubitauit
385 3696 631 3760 crudelissimam
645 3703 777 3759 mortem
789 3696 892 3759 crucis
905 3715 964 3778 pro
978 3694 1170 3758 redimendis
1182 3693 1241 3755 ho-

216 3804 351 3866 minibus
368 3806 533 3870 sustinere.
562 3826 633 3871 cum
654 3815 758 3873 autem
776 3806 863 3870 lama
882 3805 980 3871 sancti
1000 3803 1136 3867 Ladislai
1158 3805 1242 3888 regis

216 3933 332 3979 nomen
345 3916 440 3999 longe
453 3916 579 4000 lateque
591 3919 782 3993 diffudisset,
796 3918 893 3983 duces
903 3917 1109 3992 Francorum,
1124 3918 1243 3981 Lotho-

215 4026 376 4111 1ingomm
390 4035 421 4092 et
430 4027 701 4104 Allemannorum,
714 4027 800 4094 idem
812 4026 1080 4113 peregrinacionis
1094 4029 1154 4093 iter
1165 4048 1241 4093 con-

215 4145 386 4217 acuentes,
407 4138 494 4224 pium
515 4158 625 4226 regem
646 4139 826 4208 Ladislaum
844 4139 904 4207 sini
922 4139 1051 4224 suisque
1074 4142 1190 4208 ducem
1209 4149 1243 4209 et
