<?xml version="1.0" encoding="UTF-8"?>
<!DOCTYPE html PUBLIC "-//W3C//DTD XHTML 1.0 Transitional//EN"
    "http://www.w3.org/TR/xhtml1/DTD/xhtml1-transitional.dtd">
<html xmlns="http://www.w3.org/1999/xhtml" xml:lang="en" lang="en">
 <head>
  <title>
</title>
<meta http-equiv="Content-Type" content="text/html;charset=utf-8" />
  <meta name='ocr-system' content='tesseract 3.04.00' />
  <meta name='ocr-capabilities' content='ocr_page ocr_carea ocr_par ocr_line ocrx_word'/>
</head>
<body>
  <div class='ocr_page' id='page_1' title='image "./rerumhungaricar00endlgoog/rerumhungaricar00endlgoog_0182.png"; bbox 0 0 2798 4764; ppageno 0'>
   <div class='ocr_carea' id='block_1_1' title="bbox 270 259 1171 373">
    <p class='ocr_par' dir='ltr' id='par_1_1' title="bbox 270 259 1171 373">
     <span class='ocr_line' id='line_1_1' title="bbox 270 259 1171 373; baseline 0.001 -20"><span class='ocrx_word' id='word_1_1' title='bbox 270 303 571 353; x_wconf 68' lang='lat' dir='ltr'><strong>muneraremur</strong></span> <span class='ocrx_word' id='word_1_2' title='bbox 586 305 656 350; x_wconf 73' lang='lat' dir='ltr'><strong>vrrs</strong></span> <span class='ocrx_word' id='word_1_3' title='bbox 672 259 699 350; x_wconf 88' lang='lat' dir='ltr'><strong>s.</strong></span> <span class='ocrx_word' id='word_1_4' title='bbox 711 304 864 352; x_wconf 80' lang='lat' dir='ltr'><strong>srarnsrn</strong></span> <span class='ocrx_word' id='word_1_5' title='bbox 875 285 1040 373; x_wconf 69' lang='lat' dir='ltr'><strong>renoldi.</strong></span> <span class='ocrx_word' id='word_1_6' title='bbox 1110 288 1171 354; x_wconf 84' lang='lat' dir='ltr'><strong>too</strong></span> 
     </span>
    </p>
   </div>
   <div class='ocr_carea' id='block_1_2' title="bbox 140 459 1177 4114">
    <p class='ocr_par' dir='ltr' id='par_1_2' title="bbox 140 459 1176 4101">
     <span class='ocr_line' id='line_1_2' title="bbox 140 459 1172 542; baseline 0.002 -18"><span class='ocrx_word' id='word_1_7' title='bbox 140 461 295 525; x_wconf 90' lang='lat' dir='ltr'><strong>lomonis:</strong></span> <span class='ocrx_word' id='word_1_8' title='bbox 318 461 448 524; x_wconf 89' lang='lat' dir='ltr'><strong>audiens</strong></span> <span class='ocrx_word' id='word_1_9' title='bbox 470 460 595 542; x_wconf 90' lang='lat' dir='ltr'><strong>sapiens</strong></span> <span class='ocrx_word' id='word_1_10' title='bbox 617 459 830 542; x_wconf 79' lang='lat' dir='ltr'><strong>disciplinam,</strong></span> <span class='ocrx_word' id='word_1_11' title='bbox 852 460 1027 542; x_wconf 87' lang='lat' dir='ltr'><strong>sapiencior</strong></span> <span class='ocrx_word' id='word_1_12' title='bbox 1042 461 1117 536; x_wconf 89' lang='lat' dir='ltr'><strong>erit,</strong></span> <span class='ocrx_word' id='word_1_13' title='bbox 1139 469 1172 526; x_wconf 86' lang='lat' dir='ltr'><strong>el</strong></span> 
     </span>
     <span class='ocr_line' id='line_1_3' title="bbox 141 572 1172 656; baseline 0.002 -21"><span class='ocrx_word' id='word_1_14' title='bbox 141 573 319 655; x_wconf 90' lang='lat' dir='ltr'><strong>intelligens</strong></span> <span class='ocrx_word' id='word_1_15' title='bbox 334 572 547 654; x_wconf 89' lang='lat' dir='ltr'><strong>gubernacula</strong></span> <span class='ocrx_word' id='word_1_16' title='bbox 563 572 745 654; x_wconf 82' lang='lat' dir='ltr'><strong>possidebit.</strong></span> <span class='ocrx_word' id='word_1_17' title='bbox 767 573 798 633; x_wconf 96' lang='lat' dir='ltr'><strong>in</strong></span> <span class='ocrx_word' id='word_1_18' title='bbox 813 572 957 637; x_wconf 88' lang='lat' dir='ltr'><strong>omnibus</strong></span> <span class='ocrx_word' id='word_1_19' title='bbox 969 573 1074 656; x_wconf 84' lang='lat' dir='ltr'><strong>itaque</strong></span> <span class='ocrx_word' id='word_1_20' title='bbox 1085 595 1172 637; x_wconf 90' lang='lat' dir='ltr'><strong>man-</strong></span> 
     </span>
     <span class='ocr_line' id='line_1_4' title="bbox 141 681 1173 767; baseline 0 -20"><span class='ocrx_word' id='word_1_21' title='bbox 141 683 220 747; x_wconf 82' lang='lat' dir='ltr'><strong>datis</strong></span> <span class='ocrx_word' id='word_1_22' title='bbox 242 683 294 746; x_wconf 92' lang='lat' dir='ltr'><strong>dei</strong></span> <span class='ocrx_word' id='word_1_23' title='bbox 312 681 415 746; x_wconf 87' lang='lat' dir='ltr'><strong>fidelis</strong></span> <span class='ocrx_word' id='word_1_24' title='bbox 435 683 632 764; x_wconf 89' lang='lat' dir='ltr'><strong>dispensator</strong></span> <span class='ocrx_word' id='word_1_25' title='bbox 652 683 807 756; x_wconf 83' lang='lat' dir='ltr'><strong>existens,</strong></span> <span class='ocrx_word' id='word_1_26' title='bbox 829 684 912 765; x_wconf 87' lang='lat' dir='ltr'><strong>apud</strong></span> <span class='ocrx_word' id='word_1_27' title='bbox 927 703 961 746; x_wconf 90' lang='lat' dir='ltr'><strong>se</strong></span> <span class='ocrx_word' id='word_1_28' title='bbox 975 685 1057 767; x_wconf 88' lang='lat' dir='ltr'><strong>cepit</strong></span> <span class='ocrx_word' id='word_1_29' title='bbox 1071 685 1173 750; x_wconf 90' lang='lat' dir='ltr'><strong>medi·</strong></span> 
     </span>
     <span class='ocr_line' id='line_1_5' title="bbox 141 793 1172 878; baseline 0 -19"><span class='ocrx_word' id='word_1_30' title='bbox 141 795 221 869; x_wconf 80' lang='lat' dir='ltr'><strong>lari,</strong></span> <span class='ocrx_word' id='word_1_31' title='bbox 252 793 388 878; x_wconf 85' lang='lat' dir='ltr'><strong>qualiter</strong></span> <span class='ocrx_word' id='word_1_32' title='bbox 412 794 588 857; x_wconf 91' lang='lat' dir='ltr'><strong>subiectum</strong></span> <span class='ocrx_word' id='word_1_33' title='bbox 615 793 674 856; x_wconf 88' lang='lat' dir='ltr'><strong>sibi</strong></span> <span class='ocrx_word' id='word_1_34' title='bbox 700 794 851 876; x_wconf 88' lang='lat' dir='ltr'><strong>populum</strong></span> <span class='ocrx_word' id='word_1_35' title='bbox 877 795 970 858; x_wconf 92' lang='lat' dir='ltr'><strong>unius</strong></span> <span class='ocrx_word' id='word_1_36' title='bbox 998 795 1049 858; x_wconf 87' lang='lat' dir='ltr'><strong>dei</strong></span> <span class='ocrx_word' id='word_1_37' title='bbox 1075 795 1172 860; x_wconf 87' lang='lat' dir='ltr'><strong>cultui</strong></span> 
     </span>
     <span class='ocr_line' id='line_1_6' title="bbox 140 905 1174 988; baseline 0.004 -20"><span class='ocrx_word' id='word_1_38' title='bbox 140 905 346 988; x_wconf 86' lang='lat' dir='ltr'><strong>manciparet.</strong></span> <span class='ocrx_word' id='word_1_39' title='bbox 377 906 433 968; x_wconf 91' lang='lat' dir='ltr'><strong>sed</strong></span> <span class='ocrx_word' id='word_1_40' title='bbox 460 905 534 988; x_wconf 92' lang='lat' dir='ltr'><strong>quia</strong></span> <span class='ocrx_word' id='word_1_41' title='bbox 557 907 774 988; x_wconf 72' lang='lat' dir='ltr'>perpendebat</span> <span class='ocrx_word' id='word_1_42' title='bbox 798 907 829 969; x_wconf 92' lang='lat' dir='ltr'><strong>id</strong></span> <span class='ocrx_word' id='word_1_43' title='bbox 855 908 975 988; x_wconf 82' lang='lat' dir='ltr'>absque</span> <span class='ocrx_word' id='word_1_44' title='bbox 1000 907 1174 972; x_wconf 87' lang='lat' dir='ltr'><strong>vicinarum</strong></span> 
     </span>
     <span class='ocr_line' id='line_1_7' title="bbox 141 1016 1174 1101; baseline 0.003 -23"><span class='ocrx_word' id='word_1_45' title='bbox 141 1016 287 1100; x_wconf 78' lang='lat' dir='ltr'><strong>gencium</strong></span> <span class='ocrx_word' id='word_1_46' title='bbox 313 1016 576 1079; x_wconf 80' lang='lat' dir='ltr'>confederacione</span> <span class='ocrx_word' id='word_1_47' title='bbox 607 1016 676 1079; x_wconf 89' lang='lat' dir='ltr'><strong>lieri</strong></span> <span class='ocrx_word' id='word_1_48' title='bbox 710 1017 837 1080; x_wconf 90' lang='lat' dir='ltr'><strong>minime</strong></span> <span class='ocrx_word' id='word_1_49' title='bbox 869 1037 980 1098; x_wconf 83' lang='lat' dir='ltr'><strong>posse,</strong></span> <span class='ocrx_word' id='word_1_50' title='bbox 1012 1037 1174 1101; x_wconf 87' lang='lat' dir='ltr'><strong>regnoque</strong></span> 
     </span>
     <span class='ocr_line' id='line_1_8' title="bbox 142 1126 1175 1210; baseline 0.001 -20"><span class='ocrx_word' id='word_1_51' title='bbox 142 1127 323 1190; x_wconf 81' lang='lat' dir='ltr'><strong>Pannonico</strong></span> <span class='ocrx_word' id='word_1_52' title='bbox 346 1126 444 1210; x_wconf 87' lang='lat' dir='ltr'><strong>ipsius</strong></span> <span class='ocrx_word' id='word_1_53' title='bbox 466 1127 549 1190; x_wconf 90' lang='lat' dir='ltr'><strong>beati</strong></span> <span class='ocrx_word' id='word_1_54' title='bbox 575 1126 698 1190; x_wconf 91' lang='lat' dir='ltr'><strong>iuuenis</strong></span> <span class='ocrx_word' id='word_1_55' title='bbox 719 1136 828 1189; x_wconf 91' lang='lat' dir='ltr'><strong>nutum</strong></span> <span class='ocrx_word' id='word_1_56' title='bbox 844 1130 1043 1202; x_wconf 88' lang='lat' dir='ltr'><strong>attendente,</strong></span> <span class='ocrx_word' id='word_1_57' title='bbox 1066 1147 1175 1207; x_wconf 84' lang='lat' dir='ltr'><strong>pacem</strong></span> 
     </span>
     <span class='ocr_line' id='line_1_9' title="bbox 143 1238 1176 1321; baseline 0.002 -20"><span class='ocrx_word' id='word_1_58' title='bbox 143 1259 212 1302; x_wconf 87' lang='lat' dir='ltr'><strong>cum</strong></span> <span class='ocrx_word' id='word_1_59' title='bbox 227 1248 407 1302; x_wconf 84' lang='lat' dir='ltr'><strong>exterarum</strong></span> <span class='ocrx_word' id='word_1_60' title='bbox 422 1238 656 1321; x_wconf 87' lang='lat' dir='ltr'><strong>prouinciarum</strong></span> <span class='ocrx_word' id='word_1_61' title='bbox 671 1239 796 1320; x_wconf 89' lang='lat' dir='ltr'><strong>populis</strong></span> <span class='ocrx_word' id='word_1_62' title='bbox 809 1238 946 1302; x_wconf 87' lang='lat' dir='ltr'><strong>fideliter</strong></span> <span class='ocrx_word' id='word_1_63' title='bbox 961 1247 1107 1302; x_wconf 89' lang='lat' dir='ltr'><strong>statutam</strong></span> <span class='ocrx_word' id='word_1_64' title='bbox 1122 1260 1176 1303; x_wconf 90' lang='lat' dir='ltr'><strong>ro·</strong></span> 
     </span>
     <span class='ocr_line' id='line_1_10' title="bbox 143 1348 1175 1432; baseline 0 -18"><span class='ocrx_word' id='word_1_65' title='bbox 143 1349 280 1424; x_wconf 88' lang='lat' dir='ltr'><strong>borauit,</strong></span> <span class='ocrx_word' id='word_1_66' title='bbox 308 1358 343 1412; x_wconf 90' lang='lat' dir='ltr'><strong>ut</strong></span> <span class='ocrx_word' id='word_1_67' title='bbox 365 1369 404 1412; x_wconf 94' lang='lat' dir='ltr'><strong>eo</strong></span> <span class='ocrx_word' id='word_1_68' title='bbox 426 1349 567 1412; x_wconf 86' lang='lat' dir='ltr'><strong>securius</strong></span> <span class='ocrx_word' id='word_1_69' title='bbox 590 1350 674 1432; x_wconf 90' lang='lat' dir='ltr'><strong>quod</strong></span> <span class='ocrx_word' id='word_1_70' title='bbox 697 1348 729 1410; x_wconf 97' lang='lat' dir='ltr'><strong>in</strong></span> <span class='ocrx_word' id='word_1_71' title='bbox 752 1357 855 1412; x_wconf 92' lang='lat' dir='ltr'><strong>mente</strong></span> <span class='ocrx_word' id='word_1_72' title='bbox 877 1351 1044 1425; x_wconf 87' lang='lat' dir='ltr'><strong>tractabat,</strong></span> <span class='ocrx_word' id='word_1_73' title='bbox 1065 1350 1098 1412; x_wconf 95' lang='lat' dir='ltr'><strong>in</strong></span> <span class='ocrx_word' id='word_1_74' title='bbox 1117 1370 1175 1414; x_wconf 88' lang='lat' dir='ltr'><strong>no·</strong></span> 
     </span>
     <span class='ocr_line' id='line_1_11' title="bbox 144 1458 1175 1541; baseline 0.002 -19"><span class='ocrx_word' id='word_1_75' title='bbox 144 1458 225 1522; x_wconf 82' lang='lat' dir='ltr'><strong>uella</strong></span> <span class='ocrx_word' id='word_1_76' title='bbox 239 1459 437 1541; x_wconf 87' lang='lat' dir='ltr'><strong>plantacione</strong></span> <span class='ocrx_word' id='word_1_77' title='bbox 454 1458 687 1522; x_wconf 88' lang='lat' dir='ltr'><strong>christianitatis</strong></span> <span class='ocrx_word' id='word_1_78' title='bbox 704 1460 832 1541; x_wconf 85' lang='lat' dir='ltr'><strong>explere</strong></span> <span class='ocrx_word' id='word_1_79' title='bbox 847 1460 1016 1523; x_wconf 84' lang='lat' dir='ltr'><strong>sufficeret.</strong></span> <span class='ocrx_word' id='word_1_80' title='bbox 1046 1460 1103 1523; x_wconf 87' lang='lat' dir='ltr'><strong>sed</strong></span> <span class='ocrx_word' id='word_1_81' title='bbox 1118 1460 1175 1524; x_wconf 86' lang='lat' dir='ltr'><strong>ad-</strong></span> 
     </span>
     <span class='ocr_line' id='line_1_12' title="bbox 143 1570 1174 1652; baseline 0.004 -20"><span class='ocrx_word' id='word_1_82' title='bbox 143 1570 301 1634; x_wconf 85' lang='lat' dir='ltr'><strong>uersarius</strong></span> <span class='ocrx_word' id='word_1_83' title='bbox 318 1570 417 1633; x_wconf 91' lang='lat' dir='ltr'><strong>tocius</strong></span> <span class='ocrx_word' id='word_1_84' title='bbox 428 1570 573 1633; x_wconf 87' lang='lat' dir='ltr'><strong>bonitatis</strong></span> <span class='ocrx_word' id='word_1_85' title='bbox 585 1570 704 1633; x_wconf 92' lang='lat' dir='ltr'><strong>inuidia</strong></span> <span class='ocrx_word' id='word_1_86' title='bbox 716 1571 826 1652; x_wconf 90' lang='lat' dir='ltr'><strong>plenus</strong></span> <span class='ocrx_word' id='word_1_87' title='bbox 839 1580 870 1635; x_wconf 87' lang='lat' dir='ltr'><strong>et</strong></span> <span class='ocrx_word' id='word_1_88' title='bbox 881 1571 1005 1634; x_wconf 88' lang='lat' dir='ltr'><strong>malicia</strong></span> <span class='ocrx_word' id='word_1_89' title='bbox 1016 1572 1174 1649; x_wconf 85' lang='lat' dir='ltr'><strong>diabolus,</strong></span> 
     </span>
     <span class='ocr_line' id='line_1_13' title="bbox 143 1680 1175 1764; baseline 0.004 -20"><span class='ocrx_word' id='word_1_90' title='bbox 143 1690 178 1744; x_wconf 91' lang='lat' dir='ltr'><strong>ut</strong></span> <span class='ocrx_word' id='word_1_91' title='bbox 200 1690 343 1745; x_wconf 88' lang='lat' dir='ltr'><strong>sanctum</strong></span> <span class='ocrx_word' id='word_1_92' title='bbox 359 1680 473 1744; x_wconf 81' lang='lat' dir='ltr'><strong>Christi</strong></span> <span class='ocrx_word' id='word_1_93' title='bbox 497 1680 616 1764; x_wconf 74' lang='lat' dir='ltr'><strong>tyronis</strong></span> <span class='ocrx_word' id='word_1_94' title='bbox 641 1683 835 1764; x_wconf 88' lang='lat' dir='ltr'><strong>propositum</strong></span> <span class='ocrx_word' id='word_1_95' title='bbox 861 1682 1064 1759; x_wconf 88' lang='lat' dir='ltr'><strong>disturbaret,</strong></span> <span class='ocrx_word' id='word_1_96' title='bbox 1093 1683 1175 1748; x_wconf 88' lang='lat' dir='ltr'><strong>inte-</strong></span> 
     </span>
     <span class='ocr_line' id='line_1_14' title="bbox 142 1792 1175 1876; baseline 0.003 -21"><span class='ocrx_word' id='word_1_97' title='bbox 142 1792 222 1855; x_wconf 83' lang='lat' dir='ltr'><strong>stina</strong></span> <span class='ocrx_word' id='word_1_98' title='bbox 244 1801 354 1855; x_wconf 88' lang='lat' dir='ltr'><strong>eontra</strong></span> <span class='ocrx_word' id='word_1_99' title='bbox 374 1812 446 1855; x_wconf 89' lang='lat' dir='ltr'><strong>eum</strong></span> <span class='ocrx_word' id='word_1_100' title='bbox 468 1793 551 1855; x_wconf 90' lang='lat' dir='ltr'><strong>bella</strong></span> <span class='ocrx_word' id='word_1_101' title='bbox 571 1793 757 1868; x_wconf 88' lang='lat' dir='ltr'><strong>commouit,</strong></span> <span class='ocrx_word' id='word_1_102' title='bbox 779 1794 927 1876; x_wconf 87' lang='lat' dir='ltr'><strong>quoniam</strong></span> <span class='ocrx_word' id='word_1_103' title='bbox 943 1794 1010 1858; x_wconf 89' lang='lat' dir='ltr'><strong>eius</strong></span> <span class='ocrx_word' id='word_1_104' title='bbox 1026 1795 1175 1861; x_wconf 87' lang='lat' dir='ltr'><strong>instinctu</strong></span> 
     </span>
     <span class='ocr_line' id='line_1_15' title="bbox 142 1903 1175 1989; baseline 0.005 -23"><span class='ocrx_word' id='word_1_105' title='bbox 142 1904 232 1987; x_wconf 83' lang='lat' dir='ltr'><strong>plebs</strong></span> <span class='ocrx_word' id='word_1_106' title='bbox 257 1903 380 1986; x_wconf 90' lang='lat' dir='ltr'><strong>gentilis</strong></span> <span class='ocrx_word' id='word_1_107' title='bbox 406 1904 575 1968; x_wconf 90' lang='lat' dir='ltr'><strong>christiane</strong></span> <span class='ocrx_word' id='word_1_108' title='bbox 599 1905 674 1968; x_wconf 87' lang='lat' dir='ltr'><strong>fidei</strong></span> <span class='ocrx_word' id='word_1_109' title='bbox 700 1906 774 1989; x_wconf 88' lang='lat' dir='ltr'><strong>iugo</strong></span> <span class='ocrx_word' id='word_1_110' title='bbox 796 1906 877 1968; x_wconf 93' lang='lat' dir='ltr'><strong>colla</strong></span> <span class='ocrx_word' id='word_1_111' title='bbox 896 1906 1080 1971; x_wconf 72' lang='lat' dir='ltr'><strong>submittere</strong></span> <span class='ocrx_word' id='word_1_112' title='bbox 1102 1927 1175 1972; x_wconf 91' lang='lat' dir='ltr'><strong>ren·</strong></span> 
     </span>
     <span class='ocr_line' id='line_1_16' title="bbox 142 2014 1175 2100; baseline 0.006 -23"><span class='ocrx_word' id='word_1_113' title='bbox 142 2034 253 2090; x_wconf 87' lang='lat' dir='ltr'><strong>nuens,</strong></span> <span class='ocrx_word' id='word_1_114' title='bbox 267 2034 338 2078; x_wconf 93' lang='lat' dir='ltr'><strong>cum</strong></span> <span class='ocrx_word' id='word_1_115' title='bbox 354 2014 544 2097; x_wconf 84' lang='lat' dir='ltr'><strong>principibus</strong></span> <span class='ocrx_word' id='word_1_116' title='bbox 559 2015 624 2079; x_wconf 89' lang='lat' dir='ltr'><strong>suis</strong></span> <span class='ocrx_word' id='word_1_117' title='bbox 640 2017 808 2079; x_wconf 88' lang='lat' dir='ltr'><strong>adominio</strong></span> <span class='ocrx_word' id='word_1_118' title='bbox 825 2016 924 2100; x_wconf 89' lang='lat' dir='ltr'><strong>ipsius</strong></span> <span class='ocrx_word' id='word_1_119' title='bbox 939 2040 973 2081; x_wconf 93' lang='lat' dir='ltr'><strong>se</strong></span> <span class='ocrx_word' id='word_1_120' title='bbox 988 2021 1175 2083; x_wconf 82' lang='lat' dir='ltr'><strong>subtrahere</strong></span> 
     </span>
     <span class='ocr_line' id='line_1_17' title="bbox 142 2110 1175 2210; baseline 0.007 -23"><span class='ocrx_word' id='word_1_121' title='bbox 142 2125 339 2189; x_wconf 85' lang='lat' dir='ltr'><strong>moliebatur.</strong></span> <span class='ocrx_word' id='word_1_122' title='bbox 378 2134 531 2207; x_wconf 87' lang='lat' dir='ltr'><strong>ceperunt</strong></span> <span class='ocrx_word' id='word_1_123' title='bbox 556 2126 640 2189; x_wconf 92' lang='lat' dir='ltr'><strong>enim</strong></span> <span class='ocrx_word' id='word_1_124' title='bbox 668 2128 761 2191; x_wconf 89' lang='lat' dir='ltr'><strong>urbes</strong></span> <span class='ocrx_word' id='word_1_125' title='bbox 786 2127 855 2191; x_wconf 89' lang='lat' dir='ltr'><strong>eius</strong></span> <span class='ocrx_word' id='word_1_126' title='bbox 881 2129 1032 2203; x_wconf 89' lang='lat' dir='ltr'><strong>desolari,</strong></span> <span class='ocrx_word' id='word_1_127' title='bbox 1065 2110 1175 2210; x_wconf 75' lang='lat' dir='ltr'><strong>predia</strong></span> 
     </span>
     <span class='ocr_line' id='line_1_18' title="bbox 144 2238 1175 2320; baseline 0.003 -19"><span class='ocrx_word' id='word_1_128' title='bbox 144 2247 284 2312; x_wconf 89' lang='lat' dir='ltr'><strong>uastare,</strong></span> <span class='ocrx_word' id='word_1_129' title='bbox 307 2238 522 2319; x_wconf 89' lang='lat' dir='ltr'><strong>possessiones</strong></span> <span class='ocrx_word' id='word_1_130' title='bbox 540 2239 725 2320; x_wconf 85' lang='lat' dir='ltr'><strong>depredari,</strong></span> <span class='ocrx_word' id='word_1_131' title='bbox 746 2260 856 2303; x_wconf 89' lang='lat' dir='ltr'><strong>seruos</strong></span> <span class='ocrx_word' id='word_1_132' title='bbox 871 2243 1001 2315; x_wconf 88' lang='lat' dir='ltr'><strong>cedere,</strong></span> <span class='ocrx_word' id='word_1_133' title='bbox 1032 2250 1065 2303; x_wconf 92' lang='lat' dir='ltr'><strong>et</strong></span> <span class='ocrx_word' id='word_1_134' title='bbox 1076 2250 1111 2304; x_wconf 91' lang='lat' dir='ltr'><strong>ut</strong></span> <span class='ocrx_word' id='word_1_135' title='bbox 1124 2261 1175 2304; x_wconf 75' lang='lat' dir='ltr'><strong>ce·</strong></span> 
     </span>
     <span class='ocr_line' id='line_1_19' title="bbox 144 2349 1176 2431; baseline 0.003 -19"><span class='ocrx_word' id='word_1_136' title='bbox 144 2356 211 2413; x_wconf 86' lang='lat' dir='ltr'><strong>tera</strong></span> <span class='ocrx_word' id='word_1_137' title='bbox 231 2349 388 2425; x_wconf 88' lang='lat' dir='ltr'><strong>sileam,</strong></span> <span class='ocrx_word' id='word_1_138' title='bbox 380 2349 440 2431; x_wconf 82' lang='lat' dir='ltr'><strong>apsi</strong></span> <span class='ocrx_word' id='word_1_139' title='bbox 462 2350 622 2413; x_wconf 89' lang='lat' dir='ltr'><strong>insultare.</strong></span> <span class='ocrx_word' id='word_1_140' title='bbox 652 2371 786 2431; x_wconf 88' lang='lat' dir='ltr'><strong>cumque</strong></span> <span class='ocrx_word' id='word_1_141' title='bbox 809 2351 969 2414; x_wconf 88' lang='lat' dir='ltr'><strong>declinare</strong></span> <span class='ocrx_word' id='word_1_142' title='bbox 992 2353 1031 2414; x_wconf 89' lang='lat' dir='ltr'><strong>de</strong></span> <span class='ocrx_word' id='word_1_143' title='bbox 1051 2351 1176 2415; x_wconf 85' lang='lat' dir='ltr'><strong>uiasua</strong></span> 
     </span>
     <span class='ocr_line' id='line_1_20' title="bbox 144 2459 1174 2550; baseline 0.004 -27"><span class='ocrx_word' id='word_1_144' title='bbox 144 2480 294 2542; x_wconf 85' lang='lat' dir='ltr'><strong>peruersa</strong></span> <span class='ocrx_word' id='word_1_145' title='bbox 319 2459 453 2535; x_wconf 88' lang='lat' dir='ltr'><strong>nollent,</strong></span> <span class='ocrx_word' id='word_1_146' title='bbox 480 2480 539 2523; x_wconf 85' lang='lat' dir='ltr'><strong>neo</strong></span> <span class='ocrx_word' id='word_1_147' title='bbox 564 2461 653 2523; x_wconf 89' lang='lat' dir='ltr'><strong>luror</strong></span> <span class='ocrx_word' id='word_1_148' title='bbox 676 2482 786 2522; x_wconf 85' lang='lat' dir='ltr'><strong>eorum</strong></span> <span class='ocrx_word' id='word_1_149' title='bbox 811 2461 990 2536; x_wconf 88' lang='lat' dir='ltr'><strong>saciaretur,</strong></span> <span class='ocrx_word' id='word_1_150' title='bbox 1018 2461 1114 2524; x_wconf 84' lang='lat' dir='ltr'><strong>dux</strong></span> <span class='ocrx_word' id='word_1_151' title='bbox 1105 2482 1174 2550; x_wconf 80' lang='lat' dir='ltr'><strong>lpse</strong></span> 
     </span>
     <span class='ocr_line' id='line_1_21' title="bbox 145 2569 1175 2651; baseline 0.003 -19"><span class='ocrx_word' id='word_1_152' title='bbox 145 2570 305 2634; x_wconf 87' lang='lat' dir='ltr'><strong>conlidens</strong></span> <span class='ocrx_word' id='word_1_153' title='bbox 330 2572 368 2634; x_wconf 92' lang='lat' dir='ltr'><strong>de</strong></span> <span class='ocrx_word' id='word_1_154' title='bbox 392 2580 502 2635; x_wconf 92' lang='lat' dir='ltr'><strong>eterna</strong></span> <span class='ocrx_word' id='word_1_155' title='bbox 527 2569 657 2645; x_wconf 85' lang='lat' dir='ltr'><strong>uirtute,</strong></span> <span class='ocrx_word' id='word_1_156' title='bbox 679 2572 718 2634; x_wconf 88' lang='lat' dir='ltr'><strong>ad</strong></span> <span class='ocrx_word' id='word_1_157' title='bbox 733 2572 944 2651; x_wconf 84' lang='lat' dir='ltr'><strong>superandam</strong></span> <span class='ocrx_word' id='word_1_158' title='bbox 964 2572 1101 2635; x_wconf 91' lang='lat' dir='ltr'><strong>hostium</strong></span> <span class='ocrx_word' id='word_1_159' title='bbox 1124 2582 1175 2636; x_wconf 81' lang='lat' dir='ltr'><strong>rat·</strong></span> 
     </span>
     <span class='ocr_line' id='line_1_22' title="bbox 145 2682 1176 2756; baseline 0.003 -11"><span class='ocrx_word' id='word_1_160' title='bbox 145 2683 229 2746; x_wconf 89' lang='lat' dir='ltr'><strong>biem</strong></span> <span class='ocrx_word' id='word_1_161' title='bbox 251 2703 321 2745; x_wconf 92' lang='lat' dir='ltr'><strong>cnm</strong></span> <span class='ocrx_word' id='word_1_162' title='bbox 341 2683 539 2746; x_wconf 91' lang='lat' dir='ltr'><strong>multitudine</strong></span> <span class='ocrx_word' id='word_1_163' title='bbox 560 2682 716 2745; x_wconf 85' lang='lat' dir='ltr'><strong>exereitus</strong></span> <span class='ocrx_word' id='word_1_164' title='bbox 740 2683 805 2756; x_wconf 84' lang='lat' dir='ltr'><strong>sni,</strong></span> <span class='ocrx_word' id='word_1_165' title='bbox 831 2684 888 2745; x_wconf 90' lang='lat' dir='ltr'><strong>sub</strong></span> <span class='ocrx_word' id='word_1_166' title='bbox 908 2684 1024 2748; x_wconf 84' lang='lat' dir='ltr'><strong>uexillo</strong></span> <span class='ocrx_word' id='word_1_167' title='bbox 1046 2685 1107 2748; x_wconf 91' lang='lat' dir='ltr'><strong>deo</strong></span> <span class='ocrx_word' id='word_1_168' title='bbox 1127 2685 1176 2749; x_wconf 86' lang='lat' dir='ltr'><strong>di·</strong></span> 
     </span>
     <span class='ocr_line' id='line_1_23' title="bbox 146 2794 1176 2880; baseline 0.005 -24"><span class='ocrx_word' id='word_1_169' title='bbox 146 2794 218 2857; x_wconf 89' lang='lat' dir='ltr'><strong>lecti</strong></span> <span class='ocrx_word' id='word_1_170' title='bbox 234 2794 387 2876; x_wconf 84' lang='lat' dir='ltr'><strong>pontilicis</strong></span> <span class='ocrx_word' id='word_1_171' title='bbox 403 2794 542 2868; x_wconf 80' lang='lat' dir='ltr'><strong>Martini,</strong></span> <span class='ocrx_word' id='word_1_172' title='bbox 564 2794 728 2878; x_wconf 85' lang='lat' dir='ltr'><strong>sanctique</strong></span> <span class='ocrx_word' id='word_1_173' title='bbox 749 2795 883 2858; x_wconf 90' lang='lat' dir='ltr'><strong>martiris</strong></span> <span class='ocrx_word' id='word_1_174' title='bbox 898 2796 1025 2880; x_wconf 87' lang='lat' dir='ltr'><strong>Georgii</strong></span> <span class='ocrx_word' id='word_1_175' title='bbox 1047 2817 1176 2880; x_wconf 88' lang='lat' dir='ltr'><strong>proces·</strong></span> 
     </span>
     <span class='ocr_line' id='line_1_24' title="bbox 146 2904 1175 2991; baseline 0.003 -23"><span class='ocrx_word' id='word_1_176' title='bbox 146 2905 195 2969; x_wconf 80' lang='lat' dir='ltr'><strong>sit.</strong></span> <span class='ocrx_word' id='word_1_177' title='bbox 216 2905 276 2968; x_wconf 89' lang='lat' dir='ltr'><strong>illis</strong></span> <span class='ocrx_word' id='word_1_178' title='bbox 291 2906 370 2968; x_wconf 83' lang='lat' dir='ltr'><strong>sorte</strong></span> <span class='ocrx_word' id='word_1_179' title='bbox 385 2904 496 2967; x_wconf 89' lang='lat' dir='ltr'><strong>diebus</strong></span> <span class='ocrx_word' id='word_1_180' title='bbox 512 2906 639 2978; x_wconf 84' lang='lat' dir='ltr'><strong>urbem,</strong></span> <span class='ocrx_word' id='word_1_181' title='bbox 660 2926 722 2989; x_wconf 89' lang='lat' dir='ltr'><strong>que</strong></span> <span class='ocrx_word' id='word_1_182' title='bbox 738 2906 833 2990; x_wconf 87' lang='lat' dir='ltr'><strong>uulgo</strong></span> <span class='ocrx_word' id='word_1_183' title='bbox 847 2908 997 2990; x_wconf 85' lang='lat' dir='ltr'><strong>Besprem</strong></span> <span class='ocrx_word' id='word_1_184' title='bbox 1013 2927 1175 2991; x_wconf 84' lang='lat' dir='ltr'><strong>nuncupa·</strong></span> 
     </span>
     <span class='ocr_line' id='line_1_25' title="bbox 145 3017 1176 3093; baseline 0.003 -15"><span class='ocrx_word' id='word_1_185' title='bbox 145 3024 206 3090; x_wconf 88' lang='lat' dir='ltr'><strong>tur,</strong></span> <span class='ocrx_word' id='word_1_186' title='bbox 227 3017 431 3080; x_wconf 87' lang='lat' dir='ltr'><strong>obsederant:</strong></span> <span class='ocrx_word' id='word_1_187' title='bbox 454 3017 515 3077; x_wconf 90' lang='lat' dir='ltr'><strong>hoc</strong></span> <span class='ocrx_word' id='word_1_188' title='bbox 539 3017 578 3078; x_wconf 89' lang='lat' dir='ltr'><strong>ad</strong></span> <span class='ocrx_word' id='word_1_189' title='bbox 598 3017 739 3079; x_wconf 89' lang='lat' dir='ltr'><strong>conuicia</strong></span> <span class='ocrx_word' id='word_1_190' title='bbox 759 3019 826 3081; x_wconf 88' lang='lat' dir='ltr'><strong>cius</strong></span> <span class='ocrx_word' id='word_1_191' title='bbox 845 3027 1093 3093; x_wconf 87' lang='lat' dir='ltr'><strong>commonentes,</strong></span> <span class='ocrx_word' id='word_1_192' title='bbox 1112 3017 1176 3082; x_wconf 87' lang='lat' dir='ltr'><strong>sei·</strong></span> 
     </span>
     <span class='ocr_line' id='line_1_26' title="bbox 145 3126 1175 3203; baseline 0.003 -16"><span class='ocrx_word' id='word_1_193' title='bbox 145 3126 220 3190; x_wconf 85' lang='lat' dir='ltr'><strong>licet</strong></span> <span class='ocrx_word' id='word_1_194' title='bbox 244 3135 278 3188; x_wconf 91' lang='lat' dir='ltr'><strong>ut</strong></span> <span class='ocrx_word' id='word_1_195' title='bbox 304 3127 357 3188; x_wconf 92' lang='lat' dir='ltr'><strong>nbi</strong></span> <span class='ocrx_word' id='word_1_196' title='bbox 377 3126 496 3190; x_wconf 90' lang='lat' dir='ltr'><strong>ducalis</strong></span> <span class='ocrx_word' id='word_1_197' title='bbox 516 3147 660 3190; x_wconf 84' lang='lat' dir='ltr'><strong>accessus</strong></span> <span class='ocrx_word' id='word_1_198' title='bbox 684 3129 887 3190; x_wconf 89' lang='lat' dir='ltr'><strong>conuersacio</strong></span> <span class='ocrx_word' id='word_1_199' title='bbox 914 3130 1103 3203; x_wconf 85' lang='lat' dir='ltr'><strong>habebatur,</strong></span> <span class='ocrx_word' id='word_1_200' title='bbox 1130 3129 1175 3192; x_wconf 92' lang='lat' dir='ltr'><strong>ibi</strong></span> 
     </span>
     <span class='ocr_line' id='line_1_27' title="bbox 146 3237 1175 3322; baseline 0.007 -24"><span class='ocrx_word' id='word_1_201' title='bbox 146 3239 369 3311; x_wconf 86' lang='lat' dir='ltr'><strong>consederent,</strong></span> <span class='ocrx_word' id='word_1_202' title='bbox 390 3258 453 3320; x_wconf 88' lang='lat' dir='ltr'><strong>quo</strong></span> <span class='ocrx_word' id='word_1_203' title='bbox 476 3237 598 3299; x_wconf 80' lang='lat' dir='ltr'><strong>facilior</strong></span> <span class='ocrx_word' id='word_1_204' title='bbox 612 3237 772 3319; x_wconf 88' lang='lat' dir='ltr'><strong>ingressus</strong></span> <span class='ocrx_word' id='word_1_205' title='bbox 794 3240 833 3302; x_wconf 86' lang='lat' dir='ltr'><strong>ad</strong></span> <span class='ocrx_word' id='word_1_206' title='bbox 855 3239 916 3302; x_wconf 90' lang='lat' dir='ltr'><strong>alia</strong></span> <span class='ocrx_word' id='word_1_207' title='bbox 931 3239 1068 3322; x_wconf 85' lang='lat' dir='ltr'><strong>presidia</strong></span> <span class='ocrx_word' id='word_1_208' title='bbox 1081 3258 1175 3305; x_wconf 85' lang='lat' dir='ltr'><strong>occu·</strong></span> 
     </span>
     <span class='ocr_line' id='line_1_28' title="bbox 147 3349 1176 3435; baseline 0.001 -22"><span class='ocrx_word' id='word_1_209' title='bbox 147 3351 254 3435; x_wconf 85' lang='lat' dir='ltr'><strong>panda</strong></span> <span class='ocrx_word' id='word_1_210' title='bbox 274 3350 480 3413; x_wconf 91' lang='lat' dir='ltr'><strong>inueniretur.</strong></span> <span class='ocrx_word' id='word_1_211' title='bbox 507 3349 574 3432; x_wconf 92' lang='lat' dir='ltr'><strong>ipse</strong></span> <span class='ocrx_word' id='word_1_212' title='bbox 597 3370 685 3424; x_wconf 85' lang='lat' dir='ltr'><strong>uero,</strong></span> <span class='ocrx_word' id='word_1_213' title='bbox 707 3351 813 3413; x_wconf 90' lang='lat' dir='ltr'><strong>diuina</strong></span> <span class='ocrx_word' id='word_1_214' title='bbox 829 3360 979 3432; x_wconf 88' lang='lat' dir='ltr'><strong>preeunte</strong></span> <span class='ocrx_word' id='word_1_215' title='bbox 994 3351 1176 3427; x_wconf 88' lang='lat' dir='ltr'><strong>clemencia,</strong></span> 
     </span>
     <span class='ocr_line' id='line_1_29' title="bbox 148 3459 1175 3535; baseline 0 -11"><span class='ocrx_word' id='word_1_216' title='bbox 148 3460 302 3526; x_wconf 86' lang='lat' dir='ltr'><strong>aduersus</strong></span> <span class='ocrx_word' id='word_1_217' title='bbox 321 3482 377 3525; x_wconf 90' lang='lat' dir='ltr'><strong>eos</strong></span> <span class='ocrx_word' id='word_1_218' title='bbox 398 3461 609 3535; x_wconf 81' lang='lat' dir='ltr'><strong>consurrexit3</strong></span> <span class='ocrx_word' id='word_1_219' title='bbox 632 3469 662 3523; x_wconf 91' lang='lat' dir='ltr'><strong>et</strong></span> <span class='ocrx_word' id='word_1_220' title='bbox 681 3460 733 3522; x_wconf 90' lang='lat' dir='ltr'><strong>hic</strong></span> <span class='ocrx_word' id='word_1_221' title='bbox 755 3459 786 3521; x_wconf 96' lang='lat' dir='ltr'><strong>in</strong></span> <span class='ocrx_word' id='word_1_222' title='bbox 801 3460 880 3534; x_wconf 86' lang='lat' dir='ltr'><strong>fide,</strong></span> <span class='ocrx_word' id='word_1_223' title='bbox 900 3459 946 3521; x_wconf 92' lang='lat' dir='ltr'><strong>illi</strong></span> <span class='ocrx_word' id='word_1_224' title='bbox 962 3480 1039 3523; x_wconf 92' lang='lat' dir='ltr'><strong>uero</strong></span> <span class='ocrx_word' id='word_1_225' title='bbox 1054 3468 1175 3525; x_wconf 86' lang='lat' dir='ltr'><strong>tantum</strong></span> 
     </span>
     <span class='ocr_line' id='line_1_30' title="bbox 147 3570 1176 3655; baseline 0.003 -21"><span class='ocrx_word' id='word_1_226' title='bbox 147 3573 180 3634; x_wconf 95' lang='lat' dir='ltr'><strong>in</strong></span> <span class='ocrx_word' id='word_1_227' title='bbox 195 3573 288 3636; x_wconf 88' lang='lat' dir='ltr'><strong>armis</strong></span> <span class='ocrx_word' id='word_1_228' title='bbox 299 3573 504 3646; x_wconf 81' lang='lat' dir='ltr'><strong>confidentes,</strong></span> <span class='ocrx_word' id='word_1_229' title='bbox 526 3570 672 3653; x_wconf 92' lang='lat' dir='ltr'><strong>utrinqne</strong></span> <span class='ocrx_word' id='word_1_230' title='bbox 687 3572 939 3634; x_wconf 85' lang='lat' dir='ltr'><strong>decertauerunt.</strong></span> <span class='ocrx_word' id='word_1_231' title='bbox 962 3592 1041 3655; x_wconf 89' lang='lat' dir='ltr'><strong>quos</strong></span> <span class='ocrx_word' id='word_1_232' title='bbox 1055 3591 1176 3652; x_wconf 77' lang='lat' dir='ltr'><strong>omnes,</strong></span> 
     </span>
     <span class='ocr_line' id='line_1_31' title="bbox 148 3683 1176 3769; baseline 0.003 -21"><span class='ocrx_word' id='word_1_233' title='bbox 148 3705 220 3749; x_wconf 90' lang='lat' dir='ltr'><strong>eum</strong></span> <span class='ocrx_word' id='word_1_234' title='bbox 237 3694 422 3769; x_wconf 76' lang='lat' dir='ltr'><strong>protegente</strong></span> <span class='ocrx_word' id='word_1_235' title='bbox 442 3684 699 3747; x_wconf 87' lang='lat' dir='ltr'><strong>uictoriosissime</strong></span> <span class='ocrx_word' id='word_1_236' title='bbox 720 3683 822 3747; x_wconf 87' lang='lat' dir='ltr'><strong>crucis</strong></span> <span class='ocrx_word' id='word_1_237' title='bbox 842 3683 1019 3767; x_wconf 88' lang='lat' dir='ltr'><strong>signaculo,</strong></span> <span class='ocrx_word' id='word_1_238' title='bbox 1040 3686 1176 3768; x_wconf 84' lang='lat' dir='ltr'><strong>patroci-</strong></span> 
     </span>
     <span class='ocr_line' id='line_1_32' title="bbox 146 3795 1176 3879; baseline 0.003 -20"><span class='ocrx_word' id='word_1_239' title='bbox 146 3797 294 3859; x_wconf 87' lang='lat' dir='ltr'><strong>nantibus</strong></span> <span class='ocrx_word' id='word_1_240' title='bbox 309 3795 361 3859; x_wconf 91' lang='lat' dir='ltr'><strong>dei</strong></span> <span class='ocrx_word' id='word_1_241' title='bbox 375 3795 537 3879; x_wconf 76' lang='lat' dir='ltr'><strong>genitricis</strong></span> <span class='ocrx_word' id='word_1_242' title='bbox 550 3815 585 3857; x_wconf 85' lang='lat' dir='ltr'><strong>ac</strong></span> <span class='ocrx_word' id='word_1_243' title='bbox 606 3804 759 3878; x_wconf 88' lang='lat' dir='ltr'><strong>perpetue</strong></span> <span class='ocrx_word' id='word_1_244' title='bbox 777 3796 907 3879; x_wconf 88' lang='lat' dir='ltr'><strong>uirginis</strong></span> <span class='ocrx_word' id='word_1_245' title='bbox 924 3797 1023 3861; x_wconf 85' lang='lat' dir='ltr'><strong>Maria</strong></span> <span class='ocrx_word' id='word_1_246' title='bbox 1044 3798 1176 3874; x_wconf 74' lang='lat' dir='ltr'><strong>meritis,</strong></span> 
     </span>
     <span class='ocr_line' id='line_1_33' title="bbox 148 3905 1176 3992; baseline 0.001 -22"><span class='ocrx_word' id='word_1_247' title='bbox 148 3907 207 3970; x_wconf 88' lang='lat' dir='ltr'><strong>sub</strong></span> <span class='ocrx_word' id='word_1_248' title='bbox 221 3906 337 3970; x_wconf 84' lang='lat' dir='ltr'><strong>uexillo</strong></span> <span class='ocrx_word' id='word_1_249' title='bbox 352 3906 480 3969; x_wconf 89' lang='lat' dir='ltr'><strong>domino</strong></span> <span class='ocrx_word' id='word_1_250' title='bbox 495 3905 600 3969; x_wconf 90' lang='lat' dir='ltr'><strong>dilecti</strong></span> <span class='ocrx_word' id='word_1_251' title='bbox 616 3905 771 3988; x_wconf 88' lang='lat' dir='ltr'><strong>pontilicis</strong></span> <span class='ocrx_word' id='word_1_252' title='bbox 782 3906 906 3970; x_wconf 83' lang='lat' dir='ltr'><strong>blartini</strong></span> <span class='ocrx_word' id='word_1_253' title='bbox 919 3908 1080 3992; x_wconf 87' lang='lat' dir='ltr'><strong>sanctique</strong></span> <span class='ocrx_word' id='word_1_254' title='bbox 1093 3927 1176 3971; x_wconf 80' lang='lat' dir='ltr'><strong>mer-</strong></span> 
     </span>
     <span class='ocr_line' id='line_1_34' title="bbox 148 4016 1177 4114; baseline 0.002 -34"><span class='ocrx_word' id='word_1_255' title='bbox 148 4017 224 4101; x_wconf 75' lang='lat' dir='ltr'><strong>tyris</strong></span> <span class='ocrx_word' id='word_1_256' title='bbox 238 4016 383 4101; x_wconf 82' lang='lat' dir='ltr'><strong>Georgii,</strong></span> <span class='ocrx_word' id='word_1_257' title='bbox 405 4016 537 4080; x_wconf 92' lang='lat' dir='ltr'><strong>ducibus</strong></span> <span class='ocrx_word' id='word_1_258' title='bbox 553 4037 663 4081; x_wconf 91' lang='lat' dir='ltr'><strong>eorum</strong></span> <span class='ocrx_word' id='word_1_259' title='bbox 676 4017 895 4094; x_wconf 81' lang='lat' dir='ltr'><strong>interiectis,</strong></span> <span class='ocrx_word' id='word_1_260' title='bbox 885 4039 919 4082; x_wconf 85' lang='lat' dir='ltr'><strong>tn</strong></span> <span class='ocrx_word' id='word_1_261' title='bbox 933 4018 1022 4114; x_wconf 84' lang='lat' dir='ltr'><strong>breui</strong></span> <span class='ocrx_word' id='word_1_262' title='bbox 1036 4040 1095 4082; x_wconf 89' lang='lat' dir='ltr'><strong>suo</strong></span> <span class='ocrx_word' id='word_1_263' title='bbox 1108 4039 1177 4084; x_wconf 87' lang='lat' dir='ltr'><strong>ser·</strong></span> 
     </span>
    </p>
   </div>
   <div class='ocr_carea' id='block_1_3' title="bbox 147 4108 1175 4257">
    <p class='ocr_par' dir='ltr' id='par_1_3' title="bbox 147 4108 1175 4257">
     <span class='ocr_line' id='line_1_35' title="bbox 147 4108 1175 4257; baseline 0 -61"><span class='ocrx_word' id='word_1_264' title='bbox 147 4128 231 4196; x_wconf 87' lang='lat' dir='ltr'><strong>uieio</strong></span> <span class='ocrx_word' id='word_1_265' title='bbox 249 4128 388 4257; x_wconf 87' lang='lat' dir='ltr'><strong>subegit,</strong></span> <span class='ocrx_word' id='word_1_266' title='bbox 414 4136 446 4196; x_wconf 86' lang='lat' dir='ltr'><strong>et</strong></span> <span class='ocrx_word' id='word_1_267' title='bbox 462 4128 658 4257; x_wconf 84' lang='lat' dir='ltr'><strong>baptismatis</strong></span> <span class='ocrx_word' id='word_1_268' title='bbox 675 4131 759 4253; x_wconf 80' lang='lat' dir='ltr'><strong>unda</strong></span> <span class='ocrx_word' id='word_1_269' title='bbox 776 4130 873 4209; x_wconf 86' lang='lat' dir='ltr'><strong>lotos,</strong></span> <span class='ocrx_word' id='word_1_270' title='bbox 897 4151 994 4197; x_wconf 90' lang='lat' dir='ltr'><strong>unum</strong></span> <span class='ocrx_word' id='word_1_271' title='bbox 1013 4108 1175 4197; x_wconf 73' lang='lat' dir='ltr'><strong>dominum</strong></span> 
     </span>
    </p>
   </div>
   <div class='ocr_carea' id='block_1_4' title="bbox 0 0 1413 4764">
    <p class='ocr_par' dir='ltr' id='par_1_4' title="bbox 0 0 1413 4764">
     <span class='ocr_line' id='line_1_36' title="bbox 0 0 1413 4764; baseline 0 0"><span class='ocrx_word' id='word_1_272' title='bbox 0 0 1413 4764; x_wconf 95' lang='lat' dir='ltr'><strong> </strong></span> 
     </span>
    </p>
   </div>
  </div>
 </body>
</html>
