2798 4764
201 316 265 387 trs
291 338 380 387 aaut
393 336 607 397 stammas
626 284 783 385 aosrrrou
801 336 842 383 na
862 334 1118 385 auraacuraaaa.
1147 316 1239 385 istu.

285 489 330 577 (i)
350 492 493 557 Ecclesia
511 510 589 555 uero
610 510 721 554 eorum
740 489 781 553 ad
796 487 1100 572 archiepiscopatum
1117 489 1236 572 strigo-

202 606 346 669 niensem
366 605 573 678 contineatur,
595 610 626 665 et
648 601 689 666 sit
706 604 775 665 sine
797 601 1011 665 iurisdictione
1027 601 1237 684 magistratus.

213 790 216 797 Ι
288 715 336 799 (5)
357 714 495 779 Piebano
518 734 595 777 uero
610 715 784 779 eorundem
804 714 844 777 de
860 713 1087 797 quinquaginta
1101 714 1238 776 mansio-

203 826 295 891 nibus
315 826 391 891 dent
416 846 510 889 unam
534 845 681 890 marcum.
713 834 745 889 et
770 844 842 887 cum
868 824 1054 889 aduenerint
1077 824 1238 900 sectiones,

204 936 281 1001 deut
301 937 467 1019 prandium
491 944 526 999 et
546 956 657 1001 cenam
677 954 740 1025 uua
754 935 817 999 die.
847 935 879 997 in
900 933 1043 1018 quolibet
1061 953 1139 996 uero
1153 953 1237 998 anuo

202 1047 283 1113 nihii
303 1049 403 1133 magis
424 1048 550 1113 soluere
565 1056 739 1125 teneantur,
760 1047 822 1111 nisi
837 1049 869 1111 in
883 1046 965 1109 festo
980 1067 1005 1108 s.
1018 1046 1180 1109 Michaelis
1197 1047 1237 1109 de

204 1160 345 1245 qualibet
362 1168 455 1243 portu
474 1158 538 1222 duo
558 1159 711 1240 pondera.
740 1166 857 1222 etcum
872 1156 1102 1239 collectaregis
1117 1177 1174 1238 per
1189 1166 1237 1221 to-

202 1280 270 1339 tun
292 1291 424 1355 aequum
448 1271 599 1353 exigetur,
628 1269 690 1353 ipsi
711 1278 832 1352 purtem
855 1267 986 1333 collecte
1008 1269 1091 1332 dicte
1111 1268 1236 1332 soluere

203 1390 380 1448 teneantur.

285 1492 330 1577 (6)
351 1495 399 1557 Au
419 1492 521 1577 ipsam
539 1502 645 1557 autem
664 1493 846 1577 cougregati
862 1490 1028 1556 cuiuslibet
1040 1491 1235 1555 condicionis

204 1615 238 1672 et
254 1605 362 1689 linque
376 1605 521 1669 homines
535 1624 598 1669 una
612 1604 782 1689 iungantur
794 1604 948 1670 libertate.

286 1714 335 1799 (7)
356 1717 508 1781 Utilitatcs
530 1735 608 1780 uero
630 1716 973 1791 maurocenorum,
995 1726 1057 1781 tam
1075 1718 1235 1782 moncium

205 1846 301 1913 quam
313 1826 443 1891 uallium
457 1834 489 1891 et
502 1845 656 1910 aquarum
663 1872 675 1903 ,
695 1846 732 1890 ac
747 1827 845 1891 eciam
860 1836 1012 1910 quantum
1028 1835 1159 1911 possunt
1172 1847 1236 1889 uuo

204 1938 257 2003 tiis
268 1958 339 2003 cum
354 1937 501 2021 porcibus
513 1946 547 2002 et
559 1938 726 2021 pecoribus
739 1938 780 2002 ad
794 1937 906 2001 siluam
916 1938 1041 2023 Beregh
1055 1940 1237 2021 peruenire,

203 2048 378 2133 percipiant
400 2048 492 2112 sicuti
512 2047 636 2122 uolunt,
657 2056 689 2111 et
710 2049 742 2112 in
761 2048 872 2111 eadem
888 2049 968 2112 silua
988 2047 1075 2132 liqna
1090 2057 1236 2113 mactare.

288 2156 333 2241 (8)
355 2157 473 2243 Siquis
495 2166 599 2224 autem
620 2158 783 2223 hominum
804 2159 855 2224 sui
874 2160 1003 2224 heredis
1017 2160 1134 2226 solacio
1148 2181 1237 2226 care·

203 2276 271 2345 rat.
290 2270 322 2333 id
338 2278 386 2334 est
399 2268 464 2333 filio
480 2279 512 2333 et
523 2270 603 2345 iiiia,
624 2280 657 2334 et
669 2279 744 2335 tuuc
757 2272 797 2335 de
814 2272 909 2335 rebus
923 2272 1067 2337 eiusdem
1082 2273 1149 2336 siue
1163 2293 1237 2355 pos·

205 2382 363 2457 mione,
384 2382 479 2445 nichil
493 2382 639 2447 dominus
653 2383 832 2447 uiuscomes
847 2384 986 2466 recipere
1001 2392 1156 2459 tenentur,
1178 2386 1236 2449 sed

204 2494 380 2578 cuicunque
396 2492 482 2559 uolet
494 2493 624 2558 liberum
637 2493 753 2559 habeat
767 2495 863 2559 dandi
877 2516 934 2559 seu
948 2496 1123 2561 dimittendi
1138 2495 1238 2560 iacul-

206 2612 316 2671 uum.

288 2714 334 2799 (9)
355 2718 473 2782 Forum
486 2717 625 2782 habeant
638 2718 688 2783 die
703 2719 846 2794 sabatho,
864 2727 895 2784 et
909 2727 973 2783 tum
986 2729 1126 2784 ementes
1141 2740 1235 2804 quom

206 2830 382 2893 uendentes
404 2828 482 2891 nihii
502 2831 600 2913 magis
619 2829 745 2896 soluere
768 2837 944 2906 teneantur,
965 2833 1025 2895 nisi
1040 2833 1080 2896 de
1095 2833 1236 2916 quolibet

205 2959 301 3005 curru
316 2960 413 3004 unum
428 2941 600 3004 denarium.

287 3050 352 3135 (10)
374 3053 447 3117 Uice
463 3062 569 3117 autem
583 3056 690 3120 comiti
703 3065 812 3121 nostro
827 3057 867 3120 ad
879 3057 1009 3121 eosdem
1024 3057 1234 3121 uenienti...

206 3162 284 3230 derit
295 3164 460 3248 prandium
477 3173 509 3229 et
523 3184 633 3229 cenam
647 3188 711 3233 uno
727 3168 789 3233 die.

221 3354 227 3363 ¹
289 3273 360 3358 (11)
383 3276 416 3341 Si
431 3284 535 3341 autem
549 3277 666 3343 liberos
679 3280 823 3345 homines
837 3281 876 3344 ad
894 3282 994 3363 ipsam
1015 3289 1132 3344 terram
1146 3282 1236 3347 ueni·

205 3397 295 3457 entes
310 3388 559 3465 molestauerint,
580 3398 612 3454 et
625 3391 823 3473 prohibendo
838 3392 1073 3468 damnauerint,
1093 3393 1170 3458 iram
1185 3416 1236 3458 re·

206 3498 290 3584 qiam
304 3500 481 3576 incurrent,
504 3510 535 3565 et
548 3502 690 3566 sencicut
703 3523 813 3568 manua
828 3513 962 3568 nostras.

288 3613 324 3675 ln
343 3613 431 3675 cuius
448 3613 495 3676 rei
515 3612 728 3677 testimonium
751 3623 783 3678 et
798 3616 982 3679 memoriam
998 3616 1140 3680 dedimus
1162 3638 1234 3700 pre-

204 3742 280 3787 sens
301 3722 459 3805 scriptum.
480 3724 588 3787 datum
608 3741 692 3787 anno
712 3724 829 3789 domini
849 3725 1056 3791 uccxuvlu

544 4012 892 4039 w
