2798 4764
216 316 277 387 ild
601 338 731 387 arnum
756 339 790 385 ιι.
810 338 901 385 nnsis

216 496 300 580 rapis
321 495 511 570 construxit,
541 505 572 561 et
593 496 759 561 ecclesiam
781 516 838 578 per
857 494 1056 559 uenerabiles
1077 494 1244 577 episcopos

217 609 356 673 dedicari
372 608 571 682 fecissemus,
597 609 764 691 episcopus
785 618 817 673 et
829 608 998 691 capitulum
1014 608 1154 671 eiusdem
1170 606 1246 679 loci,

215 721 307 785 nobis
336 720 494 783 humiliter
516 721 720 803 supplicando
748 720 960 803 postularunt,
987 727 1019 782 ut
1051 739 1108 781 nos
1140 719 1244 780 omnia

215 833 382 917 priuilegia
396 853 491 915 super
505 832 640 914 prediis,
663 832 931 915 possessionibus,
952 831 1147 894 libertatibus
1162 830 1245 893 aliis-

217 966 279 1029 que
300 946 461 1018 reditibus,
484 953 546 1007 tam
570 956 715 1009 asaneto
734 944 878 1007 Ladislao
898 964 988 1025 rege,
1010 943 1110 1025 primo
1132 944 1245 1005 funda-

215 1064 284 1121 tore
306 1057 457 1131 ecclesie,
479 1064 542 1120 tam
564 1057 663 1121 eciam
686 1078 703 1120 a
728 1056 1004 1138 predecessoribus
1028 1056 1151 1129 nostris,
1173 1076 1245 1137 pre-

217 1168 359 1233 sertima
379 1168 476 1231 fratre
496 1174 603 1247 nostro
624 1169 724 1233 felicis
743 1167 977 1231 recordacionis
997 1166 1135 1230 ilenrico
1152 1187 1245 1249 rege,

216 1300 311 1365 quam
333 1280 434 1343 eciam
458 1280 508 1363 pie
528 1301 547 1343 a
564 1282 654 1343 nobis
670 1281 796 1354 collata,
818 1279 1002 1343 secrecioris
1024 1289 1057 1342 et
1076 1278 1245 1341 solemnio·

215 1392 261 1457 ris
275 1390 368 1475 sigilli
383 1393 496 1466 nostri,
517 1392 666 1456 uidelicet
683 1411 779 1456 auree
794 1391 879 1455 bulle
895 1390 1065 1453 munimine
1080 1390 1245 1453 confirma·

216 1523 333 1567 remus.
377 1505 440 1567 Nos
463 1505 574 1587 igitur,
606 1504 696 1568 iustis
722 1524 833 1569 eorum
858 1502 1064 1586 peticionibus
1088 1503 1245 1576 inclinati,

216 1623 304 1697 prato
323 1614 466 1678 uolentes
489 1635 640 1679 occurere
663 1635 812 1688 assensu,
839 1615 948 1678 habito
970 1615 1100 1677 consilio
1118 1634 1245 1697 magna-

217 1734 285 1789 tum
305 1736 498 1800 nostrorum,
520 1727 625 1789 omnia
646 1726 811 1810 priuilegia
826 1727 966 1809 predicte
982 1727 1114 1791 ecclesie
1132 1727 1163 1787 in
1181 1746 1247 1789 me·

218 1838 304 1901 diurn
325 1837 457 1902 lecimus
480 1838 611 1912 deduci,
633 1848 665 1901 et
685 1858 743 1920 per
763 1839 983 1901 cancellarium
1003 1846 1144 1900 nostrum
1166 1837 1247 1919 Ugo-

215 1949 313 2013 linum
335 1952 374 2014 de
397 1951 496 2014 uerbo
521 1951 561 2013 ad
586 1953 716 2014 uerbum
745 1970 852 2014 corana
882 1950 1078 2013 multitudine
1108 1949 1246 2032 perlegi,

218 2068 250 2127 et
263 2082 361 2145 quum
381 2061 459 2124 nibil
480 2062 723 2125 contradictione
745 2062 872 2145 dignum
897 2061 1034 2143 potuerit
1057 2058 1191 2121 inueniri
1213 2060 1246 2120 in

216 2174 354 2249 eisdem,
370 2174 474 2238 omnia
490 2174 655 2258 priuilegia
670 2183 786 2248 nostra,
801 2183 832 2238 et
847 2175 1107 2255 predecessorum
1125 2180 1247 2233 nostro·

208 2298 284 2349 rum
304 2286 499 2359 renouando,
520 2287 694 2350 secundum
710 2286 795 2368 quod
816 2285 848 2347 in
865 2286 984 2347 eisdem
1000 2282 1131 2365 siugulis
1146 2282 1246 2345 couti·

215 2407 341 2472 nentur,
362 2418 459 2461 aureo
479 2396 581 2481 sigillo
597 2407 705 2461 nostro
721 2398 942 2462 confirmamus
965 2406 997 2460 et
1017 2395 1116 2461 eciam
1138 2403 1246 2458 aucto·

216 2509 308 2574 ritate
325 2519 430 2572 nostra
446 2510 662 2592 adiungentes,
683 2508 814 2571 firmiter
828 2509 1010 2572 statuimus:

300 2619 345 2703 (1)
366 2631 400 2684 ut
421 2623 459 2685 de
480 2632 587 2685 cetero
602 2621 706 2685 nullus
729 2623 845 2693 banus,
867 2622 934 2684 siue
949 2622 988 2683 sit
1003 2622 1042 2684 de
1059 2620 1157 2702 regali
1172 2639 1246 2701 pro-

216 2734 325 2818 genie,
351 2733 419 2797 siue
441 2733 480 2797 de
502 2734 698 2816 magnatibus
721 2733 899 2816 ilungarie,
930 2741 1088 2814 presumat
1112 2730 1244 2813 populos

215 2844 356 2927 predicte
377 2843 509 2906 ecclesie
532 2864 637 2906 coram
665 2865 699 2908 se
722 2845 829 2928 aliqua
851 2845 1017 2908 occasione
1041 2845 1073 2904 in
1096 2842 1243 2905 iudicium

215 2956 355 3030 trabere,
383 2964 437 3019 aut
452 2955 583 3018 alicuius
602 2958 648 3020 rei
663 2958 829 3022 occasione
845 2957 1056 3029 descendere,
1077 2966 1132 3019 aut
1145 2955 1244 3017 eciam

216 3068 422 3141 marturinas,
443 3087 500 3130 seu
521 3088 742 3151 quamcunque
765 3069 945 3141 collectam,
974 3087 1163 3150 quocunque
1188 3086 1245 3129 no·

216 3178 300 3243 mine
315 3190 543 3261 nuncupatam,
558 3178 695 3263 exigere,
710 3181 767 3243 sed
784 3181 890 3261 pocius
904 3178 1036 3242 firmiter
1050 3179 1243 3261 iniungendo

215 3292 316 3367 bano,
338 3293 406 3356 siue
429 3293 518 3366 duci,
539 3291 609 3355 loco
633 3301 666 3355 et
686 3302 829 3374 tempore
851 3291 1019 3355 constituto
1042 3289 1244 3373 precipimus,

216 3407 303 3489 quod
318 3406 455 3468 decimas
474 3404 715 3469 marturiuarum
730 3404 885 3478 omnium,
906 3424 963 3467 seu
978 3404 1115 3466 omnium
1131 3401 1246 3465 collec-

217 3522 319 3580 tarum
341 3537 530 3600 quocunque
557 3518 684 3580 nomine
707 3526 971 3599 nuncupatorum,
1004 3517 1153 3595 episcopo
1180 3512 1245 3596 ple-

217 3630 323 3703 narie,
345 3638 378 3692 et
395 3631 463 3692 sine
485 3629 731 3693 contradictione
752 3629 857 3711 aliquo
879 3637 911 3691 et
925 3626 1079 3690 dilacione
1094 3635 1245 3709 quantum

217 3738 306 3803 limes
322 3740 510 3822 episcopalis
526 3739 692 3813 concludit,
708 3739 876 3821 persoluat.
896 3738 1048 3800 decimam
1063 3736 1163 3800 eciam
1179 3757 1246 3798 om-

216 3850 305 3915 nium
327 3850 514 3914 tributorum
536 3851 728 3925 forensium,
749 3851 816 3913 siue
832 3851 970 3913 decimas
984 3856 1158 3932 prouentus
1174 3866 1246 3930 por·

216 3970 316 4038 tuum
337 3982 472 4048 quorum
493 3965 613 4028 suntsi
635 3963 680 4029 illi
698 3964 825 4028 soluere
840 3961 1011 4036 noluerint,
1033 3962 1175 4046 cogendo
1190 3979 1246 4024 eos

218 4094 288 4143 oum
303 4073 393 4164 praui
408 4074 535 4151 iudicio,
556 4084 592 4142 ut
606 4076 719 4143 soteris
735 4085 836 4145 metus
851 4075 884 4140 in
898 4073 1049 4143 similibus
1064 4073 1248 4153 incoctum,

217 4188 342 4265 soluere
357 4186 534 4281 compellat.
