<?xml version="1.0" encoding="UTF-8"?>
<!DOCTYPE html PUBLIC "-//W3C//DTD XHTML 1.0 Transitional//EN"
    "http://www.w3.org/TR/xhtml1/DTD/xhtml1-transitional.dtd">
<html xmlns="http://www.w3.org/1999/xhtml" xml:lang="en" lang="en">
 <head>
  <title>
</title>
<meta http-equiv="Content-Type" content="text/html;charset=utf-8" />
  <meta name='ocr-system' content='tesseract 3.04.00' />
  <meta name='ocr-capabilities' content='ocr_page ocr_carea ocr_par ocr_line ocrx_word'/>
</head>
<body>
  <div class='ocr_page' id='page_1' title='image "./rerumhungaricar00endlgoog/rerumhungaricar00endlgoog_0108.png"; bbox 0 0 2798 4764; ppageno 0'>
   <div class='ocr_carea' id='block_1_1' title="bbox 330 333 1172 429">
    <p class='ocr_par' dir='ltr' id='par_1_1' title="bbox 330 333 1172 429">
     <span class='ocr_line' id='line_1_1' title="bbox 330 333 1172 429; baseline 0.002 -27"><span class='ocrx_word' id='word_1_1' title='bbox 330 353 451 423; x_wconf 72' lang='lat' dir='ltr'><strong>amcam</strong></span> <span class='ocrx_word' id='word_1_2' title='bbox 468 356 511 413; x_wconf 77' lang='lat' dir='ltr'><strong>aa</strong></span> <span class='ocrx_word' id='word_1_3' title='bbox 532 356 613 403; x_wconf 81' lang='lat' dir='ltr'><strong>saza</strong></span> <span class='ocrx_word' id='word_1_4' title='bbox 635 356 733 403; x_wconf 79' lang='lat' dir='ltr'><strong>ossas</strong></span> <span class='ocrx_word' id='word_1_5' title='bbox 754 356 919 429; x_wconf 71' lang='lat' dir='ltr'><strong>nonnosus</strong></span> <span class='ocrx_word' id='word_1_6' title='bbox 938 333 998 423; x_wconf 70' lang='lat' dir='ltr'><strong>(dl.</strong></span> <span class='ocrx_word' id='word_1_7' title='bbox 1131 339 1172 427; x_wconf 58' lang='lat'><strong>25</strong></span> 
     </span>
    </p>
   </div>
   <div class='ocr_carea' id='block_1_2' title="bbox 149 507 1177 4176">
    <p class='ocr_par' dir='ltr' id='par_1_2' title="bbox 151 507 1172 1262">
     <span class='ocr_line' id='line_1_2' title="bbox 152 507 1171 593; baseline 0.004 -20"><span class='ocrx_word' id='word_1_8' title='bbox 152 507 219 583; x_wconf 88' lang='lat' dir='ltr'><strong>lens</strong></span> <span class='ocrx_word' id='word_1_9' title='bbox 241 508 275 570; x_wconf 87' lang='lat' dir='ltr'><strong>in</strong></span> <span class='ocrx_word' id='word_1_10' title='bbox 293 508 409 590; x_wconf 79' lang='lat' dir='ltr'><strong>prelio,</strong></span> <span class='ocrx_word' id='word_1_11' title='bbox 430 510 579 572; x_wconf 74' lang='lat' dir='ltr'><strong>remansit</strong></span> <span class='ocrx_word' id='word_1_12' title='bbox 597 530 697 593; x_wconf 89' lang='lat' dir='ltr'><strong>usque</strong></span> <span class='ocrx_word' id='word_1_13' title='bbox 717 510 816 573; x_wconf 90' lang='lat' dir='ltr'><strong>uitam</strong></span> <span class='ocrx_word' id='word_1_14' title='bbox 834 509 1028 587; x_wconf 87' lang='lat' dir='ltr'><strong>Xatalaunis,</strong></span> <span class='ocrx_word' id='word_1_15' title='bbox 1048 511 1171 577; x_wconf 84' lang='lat' dir='ltr'><strong>babita-</strong></span> 
     </span>
     <span class='ocr_line' id='line_1_3' title="bbox 153 619 1172 708; baseline 0.005 -24"><span class='ocrx_word' id='word_1_16' title='bbox 153 631 237 684; x_wconf 80' lang='lat' dir='ltr'><strong>tores</strong></span> <span class='ocrx_word' id='word_1_17' title='bbox 252 620 378 683; x_wconf 88' lang='lat' dir='ltr'><strong>tandem</strong></span> <span class='ocrx_word' id='word_1_18' title='bbox 391 619 574 708; x_wconf 85' lang='lat' dir='ltr'><strong>llatalaunie</strong></span> <span class='ocrx_word' id='word_1_19' title='bbox 594 631 664 685; x_wconf 91' lang='lat' dir='ltr'><strong>sunt</strong></span> <span class='ocrx_word' id='word_1_20' title='bbox 679 622 789 685; x_wconf 81' lang='lat' dir='ltr'><strong>effecti.</strong></span> <span class='ocrx_word' id='word_1_21' title='bbox 818 631 905 686; x_wconf 89' lang='lat' dir='ltr'><strong>erant</strong></span> <span class='ocrx_word' id='word_1_22' title='bbox 919 624 1000 687; x_wconf 87' lang='lat' dir='ltr'><strong>enim</strong></span> <span class='ocrx_word' id='word_1_23' title='bbox 1015 624 1074 687; x_wconf 91' lang='lat' dir='ltr'><strong>soli</strong></span> <span class='ocrx_word' id='word_1_24' title='bbox 1086 624 1172 689; x_wconf 85' lang='lat' dir='ltr'><strong>Huni</strong></span> 
     </span>
     <span class='ocr_line' id='line_1_4' title="bbox 152 732 1172 814; baseline 0.004 -18"><span class='ocrx_word' id='word_1_25' title='bbox 152 740 259 814; x_wconf 82' lang='lat' dir='ltr'><strong>pretor</strong></span> <span class='ocrx_word' id='word_1_26' title='bbox 273 740 395 796; x_wconf 80' lang='lat' dir='ltr'><strong>exteras</strong></span> <span class='ocrx_word' id='word_1_27' title='bbox 415 733 562 799; x_wconf 78' lang='lat' dir='ltr'><strong>naciones</strong></span> <span class='ocrx_word' id='word_1_28' title='bbox 577 732 649 797; x_wconf 85' lang='lat' dir='ltr'><strong>CCC</strong></span> <span class='ocrx_word' id='word_1_29' title='bbox 665 734 760 796; x_wconf 89' lang='lat' dir='ltr'><strong>millia</strong></span> <span class='ocrx_word' id='word_1_30' title='bbox 781 734 872 796; x_wconf 92' lang='lat' dir='ltr'><strong>XXX</strong></span> <span class='ocrx_word' id='word_1_31' title='bbox 891 733 987 798; x_wconf 89' lang='lat' dir='ltr'><strong>millia</strong></span> <span class='ocrx_word' id='word_1_32' title='bbox 1007 745 1038 798; x_wconf 89' lang='lat' dir='ltr'><strong>et</strong></span> <span class='ocrx_word' id='word_1_33' title='bbox 1054 736 1172 801; x_wconf 80' lang='lat' dir='ltr'>XXXII</span> 
     </span>
     <span class='ocr_line' id='line_1_5' title="bbox 151 812 1172 937; baseline 0.001 -31"><span class='ocrx_word' id='word_1_34' title='bbox 151 812 245 906; x_wconf 80' lang='lat' dir='ltr'><strong>lluni.</strong></span> <span class='ocrx_word' id='word_1_35' title='bbox 274 864 313 907; x_wconf 86' lang='lat' dir='ltr'><strong>ex</strong></span> <span class='ocrx_word' id='word_1_36' title='bbox 331 843 381 907; x_wconf 85' lang='lat' dir='ltr'><strong>bis</strong></span> <span class='ocrx_word' id='word_1_37' title='bbox 397 846 495 908; x_wconf 92' lang='lat' dir='ltr'><strong>eciam</strong></span> <span class='ocrx_word' id='word_1_38' title='bbox 509 845 609 907; x_wconf 87' lang='lat' dir='ltr'><strong>Hunis</strong></span> <span class='ocrx_word' id='word_1_39' title='bbox 630 845 734 927; x_wconf 83' lang='lat' dir='ltr'><strong>plures</strong></span> <span class='ocrx_word' id='word_1_40' title='bbox 749 845 873 909; x_wconf 79' lang='lat' dir='ltr'><strong>fuerant</strong></span> <span class='ocrx_word' id='word_1_41' title='bbox 887 846 919 907; x_wconf 89' lang='lat' dir='ltr'><strong>in</strong></span> <span class='ocrx_word' id='word_1_42' title='bbox 935 847 1072 909; x_wconf 86' lang='lat' dir='ltr'><strong>exercitu</strong></span> <span class='ocrx_word' id='word_1_43' title='bbox 1088 846 1172 937; x_wconf 82' lang='lat' dir='ltr'><strong>capi·</strong></span> 
     </span>
     <span class='ocr_line' id='line_1_6' title="bbox 152 955 1171 1041; baseline 0.002 -22"><span class='ocrx_word' id='word_1_44' title='bbox 152 955 234 1019; x_wconf 87' lang='lat' dir='ltr'><strong>tanei</strong></span> <span class='ocrx_word' id='word_1_45' title='bbox 249 955 423 1029; x_wconf 87' lang='lat' dir='ltr'><strong>constituti,</strong></span> <span class='ocrx_word' id='word_1_46' title='bbox 441 956 494 1041; x_wconf 90' lang='lat' dir='ltr'><strong>qni</strong></span> <span class='ocrx_word' id='word_1_47' title='bbox 504 956 667 1019; x_wconf 84' lang='lat' dir='ltr'>Hunorum</span> <span class='ocrx_word' id='word_1_48' title='bbox 681 957 785 1039; x_wconf 77' lang='lat' dir='ltr'><strong>liogsra</strong></span> <span class='ocrx_word' id='word_1_49' title='bbox 800 957 895 1040; x_wconf 84' lang='lat' dir='ltr'><strong>Spani</strong></span> <span class='ocrx_word' id='word_1_50' title='bbox 910 957 1112 1023; x_wconf 86' lang='lat' dir='ltr'><strong>uocabantur.</strong></span> <span class='ocrx_word' id='word_1_51' title='bbox 1131 976 1171 1023; x_wconf 79' lang='lat' dir='ltr'><strong>ea</strong></span> 
     </span>
     <span class='ocr_line' id='line_1_7' title="bbox 152 1067 1171 1152; baseline 0.008 -26"><span class='ocrx_word' id='word_1_52' title='bbox 152 1085 283 1150; x_wconf 88' lang='lat' dir='ltr'><strong>quorum</strong></span> <span class='ocrx_word' id='word_1_53' title='bbox 308 1067 484 1130; x_wconf 87' lang='lat' dir='ltr'><strong>nominibus</strong></span> <span class='ocrx_word' id='word_1_54' title='bbox 509 1076 575 1130; x_wconf 89' lang='lat' dir='ltr'><strong>tota</strong></span> <span class='ocrx_word' id='word_1_55' title='bbox 597 1069 720 1151; x_wconf 82' lang='lat' dir='ltr'><strong>Ispania</strong></span> <span class='ocrx_word' id='word_1_56' title='bbox 748 1068 945 1152; x_wconf 86' lang='lat' dir='ltr'><strong>postmodum</strong></span> <span class='ocrx_word' id='word_1_57' title='bbox 971 1077 1018 1134; x_wconf 88' lang='lat' dir='ltr'><strong>est</strong></span> <span class='ocrx_word' id='word_1_58' title='bbox 1045 1079 1171 1148; x_wconf 89' lang='lat' dir='ltr'><strong>uocata,</strong></span> 
     </span>
     <span class='ocr_line' id='line_1_8' title="bbox 153 1176 1168 1262; baseline 0.003 -21"><span class='ocrx_word' id='word_1_59' title='bbox 153 1198 222 1241; x_wconf 87' lang='lat' dir='ltr'><strong>eum</strong></span> <span class='ocrx_word' id='word_1_60' title='bbox 235 1178 338 1262; x_wconf 81' lang='lat' dir='ltr'><strong>primo</strong></span> <span class='ocrx_word' id='word_1_61' title='bbox 352 1180 454 1242; x_wconf 87' lang='lat' dir='ltr'><strong>uocati</strong></span> <span class='ocrx_word' id='word_1_62' title='bbox 469 1189 574 1243; x_wconf 84' lang='lat' dir='ltr'><strong>essent</strong></span> <span class='ocrx_word' id='word_1_63' title='bbox 587 1180 761 1244; x_wconf 86' lang='lat' dir='ltr'><strong>Katalauni.</strong></span> <span class='ocrx_word' id='word_1_64' title='bbox 1164 1176 1168 1185; x_wconf 83' lang='grc'><strong>’</strong></span> 
     </span>
    </p>

    <p class='ocr_par' dir='ltr' id='par_1_3' title="bbox 149 1290 1174 2713">
     <span class='ocr_line' id='line_1_9' title="bbox 231 1290 1173 1374; baseline 0.005 -22"><span class='ocrx_word' id='word_1_65' title='bbox 231 1290 461 1356; x_wconf 85' lang='lat' dir='ltr'><strong>Dimorantibus</strong></span> <span class='ocrx_word' id='word_1_66' title='bbox 483 1291 635 1374; x_wconf 87' lang='lat' dir='ltr'><strong>siquidem</strong></span> <span class='ocrx_word' id='word_1_67' title='bbox 655 1290 783 1366; x_wconf 81' lang='lat' dir='ltr'><strong>Ethela,</strong></span> <span class='ocrx_word' id='word_1_68' title='bbox 805 1299 837 1355; x_wconf 90' lang='lat' dir='ltr'><strong>et</strong></span> <span class='ocrx_word' id='word_1_69' title='bbox 858 1292 958 1355; x_wconf 85' lang='lat' dir='ltr'><strong>Hunis</strong></span> <span class='ocrx_word' id='word_1_70' title='bbox 979 1292 1011 1355; x_wconf 92' lang='lat' dir='ltr'><strong>in</strong></span> <span class='ocrx_word' id='word_1_71' title='bbox 1026 1292 1173 1357; x_wconf 87' lang='lat' dir='ltr'><strong>Beluider</strong></span> 
     </span>
     <span class='ocr_line' id='line_1_10' title="bbox 157 1399 1173 1487; baseline 0.009 -25"><span class='ocrx_word' id='word_1_72' title='bbox 157 1399 355 1484; x_wconf 68' lang='lat' dir='ltr'>aliquamdiu,</span> <span class='ocrx_word' id='word_1_73' title='bbox 386 1402 513 1464; x_wconf 91' lang='lat' dir='ltr'><strong>tandem</strong></span> <span class='ocrx_word' id='word_1_74' title='bbox 540 1402 676 1487; x_wconf 80' lang='lat' dir='ltr'><strong>regressi</strong></span> <span class='ocrx_word' id='word_1_75' title='bbox 703 1422 774 1465; x_wconf 90' lang='lat' dir='ltr'><strong>enm</strong></span> <span class='ocrx_word' id='word_1_76' title='bbox 799 1403 946 1477; x_wconf 90' lang='lat' dir='ltr'><strong>uictoria,</strong></span> <span class='ocrx_word' id='word_1_77' title='bbox 977 1404 1173 1471; x_wconf 74' lang='lat' dir='ltr'><strong>intrauerunt</strong></span> 
     </span>
     <span class='ocr_line' id='line_1_11' title="bbox 161 1501 1174 1590; baseline 0.007 -15"><span class='ocrx_word' id='word_1_78' title='bbox 161 1501 531 1590; x_wconf 66' lang='lat' dir='ltr'><strong>Tolosanam&#39;eiuitatem,</strong></span> <span class='ocrx_word' id='word_1_79' title='bbox 546 1515 598 1577; x_wconf 92' lang='lat' dir='ltr'><strong>ubi</strong></span> <span class='ocrx_word' id='word_1_80' title='bbox 613 1516 763 1579; x_wconf 87' lang='lat' dir='ltr'><strong>aciuibus</strong></span> <span class='ocrx_word' id='word_1_81' title='bbox 777 1535 848 1579; x_wconf 91' lang='lat' dir='ltr'><strong>cum</strong></span> <span class='ocrx_word' id='word_1_82' title='bbox 860 1514 953 1581; x_wconf 86' lang='lat' dir='ltr'><strong>laude</strong></span> <span class='ocrx_word' id='word_1_83' title='bbox 967 1536 1088 1580; x_wconf 86' lang='lat' dir='ltr'><strong>summa</strong></span> <span class='ocrx_word' id='word_1_84' title='bbox 1100 1526 1174 1583; x_wconf 85' lang='lat' dir='ltr'><strong>sunt</strong></span> 
     </span>
     <span class='ocr_line' id='line_1_12' title="bbox 156 1625 1173 1708; baseline 0.003 -20"><span class='ocrx_word' id='word_1_85' title='bbox 156 1625 299 1708; x_wconf 78' lang='lat' dir='ltr'><strong>suscepti.</strong></span> <span class='ocrx_word' id='word_1_86' title='bbox 324 1626 460 1708; x_wconf 86' lang='lat' dir='ltr'><strong>indeque</strong></span> <span class='ocrx_word' id='word_1_87' title='bbox 481 1628 666 1691; x_wconf 87' lang='lat' dir='ltr'><strong>recedentes</strong></span> <span class='ocrx_word' id='word_1_88' title='bbox 679 1627 889 1692; x_wconf 85' lang='lat' dir='ltr'><strong>llbemensem</strong></span> <span class='ocrx_word' id='word_1_89' title='bbox 907 1628 1063 1693; x_wconf 81' lang='lat' dir='ltr'><strong>ciuitatem</strong></span> <span class='ocrx_word' id='word_1_90' title='bbox 1077 1627 1173 1692; x_wconf 84' lang='lat' dir='ltr'><strong>Galli·</strong></span> 
     </span>
     <span class='ocr_line' id='line_1_13' title="bbox 153 1738 1172 1823; baseline 0.007 -24"><span class='ocrx_word' id='word_1_91' title='bbox 153 1754 278 1810; x_wconf 88' lang='lat' dir='ltr'><strong>oorum,</strong></span> <span class='ocrx_word' id='word_1_92' title='bbox 305 1757 367 1820; x_wconf 90' lang='lat' dir='ltr'><strong>que</strong></span> <span class='ocrx_word' id='word_1_93' title='bbox 390 1738 501 1802; x_wconf 86' lang='lat' dir='ltr'><strong>Ethele</strong></span> <span class='ocrx_word' id='word_1_94' title='bbox 522 1739 554 1801; x_wconf 89' lang='lat' dir='ltr'><strong>in</strong></span> <span class='ocrx_word' id='word_1_95' title='bbox 576 1741 873 1815; x_wconf 81' lang='lat' dir='ltr'><strong>eandorestiterat,</strong></span> <span class='ocrx_word' id='word_1_96' title='bbox 898 1741 970 1823; x_wconf 81' lang='lat' dir='ltr'><strong>igno</strong></span> <span class='ocrx_word' id='word_1_97' title='bbox 990 1760 1172 1806; x_wconf 89' lang='lat' dir='ltr'><strong>concrema·</strong></span> 
     </span>
     <span class='ocr_line' id='line_1_14' title="bbox 152 1848 1171 1934; baseline 0.003 -21"><span class='ocrx_word' id='word_1_98' title='bbox 152 1858 239 1922; x_wconf 86' lang='lat' dir='ltr'><strong>runt,</strong></span> <span class='ocrx_word' id='word_1_99' title='bbox 259 1848 372 1913; x_wconf 90' lang='lat' dir='ltr'><strong>milicia</strong></span> <span class='ocrx_word' id='word_1_100' title='bbox 396 1857 429 1913; x_wconf 92' lang='lat' dir='ltr'><strong>et</strong></span> <span class='ocrx_word' id='word_1_101' title='bbox 446 1850 577 1924; x_wconf 86' lang='lat' dir='ltr'><strong>ciuibus,</strong></span> <span class='ocrx_word' id='word_1_102' title='bbox 598 1852 683 1934; x_wconf 91' lang='lat' dir='ltr'><strong>quod</strong></span> <span class='ocrx_word' id='word_1_103' title='bbox 703 1871 738 1915; x_wconf 90' lang='lat' dir='ltr'><strong>se</strong></span> <span class='ocrx_word' id='word_1_104' title='bbox 759 1852 800 1914; x_wconf 88' lang='lat' dir='ltr'><strong>ita</strong></span> <span class='ocrx_word' id='word_1_105' title='bbox 820 1852 1006 1926; x_wconf 83' lang='lat' dir='ltr'><strong>recluserat,</strong></span> <span class='ocrx_word' id='word_1_106' title='bbox 1028 1852 1171 1916; x_wconf 85' lang='lat' dir='ltr'><strong>omnibus</strong></span> 
     </span>
     <span class='ocr_line' id='line_1_15' title="bbox 149 1959 1171 2045; baseline 0.006 -23"><span class='ocrx_word' id='word_1_107' title='bbox 149 1960 320 2023; x_wconf 78' lang='lat' dir='ltr'><strong>bucidatis.</strong></span> <span class='ocrx_word' id='word_1_108' title='bbox 340 1959 505 2045; x_wconf 81' lang='lat' dir='ltr'><strong>taliterque</strong></span> <span class='ocrx_word' id='word_1_109' title='bbox 519 1961 649 2026; x_wconf 84' lang='lat' dir='ltr'><strong>Francia</strong></span> <span class='ocrx_word' id='word_1_110' title='bbox 663 1970 696 2026; x_wconf 90' lang='lat' dir='ltr'><strong>et</strong></span> <span class='ocrx_word' id='word_1_111' title='bbox 708 1963 854 2026; x_wconf 85' lang='lat' dir='ltr'><strong>Flandria</strong></span> <span class='ocrx_word' id='word_1_112' title='bbox 868 1963 1013 2027; x_wconf 91' lang='lat' dir='ltr'><strong>demolita</strong></span> <span class='ocrx_word' id='word_1_113' title='bbox 1028 1965 1171 2028; x_wconf 85' lang='lat' dir='ltr'><strong>Rhenum</strong></span> 
     </span>
     <span class='ocr_line' id='line_1_16' title="bbox 150 2070 1172 2155; baseline 0.006 -21"><span class='ocrx_word' id='word_1_114' title='bbox 150 2070 281 2135; x_wconf 84' lang='lat' dir='ltr'><strong>Colonia</strong></span> <span class='ocrx_word' id='word_1_115' title='bbox 295 2074 509 2155; x_wconf 80' lang='lat' dir='ltr'><strong>pertransiuit,</strong></span> <span class='ocrx_word' id='word_1_116' title='bbox 530 2075 583 2137; x_wconf 94' lang='lat' dir='ltr'><strong>ubi</strong></span> <span class='ocrx_word' id='word_1_117' title='bbox 598 2083 735 2138; x_wconf 89' lang='lat' dir='ltr'><strong>sanctam</strong></span> <span class='ocrx_word' id='word_1_118' title='bbox 750 2075 891 2139; x_wconf 80' lang='lat' dir='ltr'><strong>Ursulum</strong></span> <span class='ocrx_word' id='word_1_119' title='bbox 905 2076 1099 2138; x_wconf 82' lang='lat' dir='ltr'><strong>britanorum</strong></span> <span class='ocrx_word' id='word_1_120' title='bbox 1120 2095 1172 2139; x_wconf 87' lang='lat' dir='ltr'><strong>ra·</strong></span> 
     </span>
     <span class='ocr_line' id='line_1_17' title="bbox 150 2181 1172 2268; baseline 0.005 -24"><span class='ocrx_word' id='word_1_121' title='bbox 150 2183 197 2267; x_wconf 75' lang='lat' dir='ltr'><strong>gis</strong></span> <span class='ocrx_word' id='word_1_122' title='bbox 211 2181 305 2245; x_wconf 83' lang='lat' dir='ltr'><strong>liliam</strong></span> <span class='ocrx_word' id='word_1_123' title='bbox 319 2202 392 2246; x_wconf 91' lang='lat' dir='ltr'><strong>cum</strong></span> <span class='ocrx_word' id='word_1_124' title='bbox 407 2184 449 2245; x_wconf 91' lang='lat' dir='ltr'><strong>Xl</strong></span> <span class='ocrx_word' id='word_1_125' title='bbox 464 2184 599 2248; x_wconf 91' lang='lat' dir='ltr'><strong>millibus</strong></span> <span class='ocrx_word' id='word_1_126' title='bbox 621 2186 777 2268; x_wconf 76' lang='lat' dir='ltr'><strong>uirginum</strong></span> <span class='ocrx_word' id='word_1_127' title='bbox 791 2186 956 2251; x_wconf 85' lang='lat' dir='ltr'><strong>Hunorum</strong></span> <span class='ocrx_word' id='word_1_128' title='bbox 976 2185 1083 2248; x_wconf 82' lang='lat' dir='ltr'><strong>feritas</strong></span> <span class='ocrx_word' id='word_1_129' title='bbox 1101 2204 1172 2249; x_wconf 91' lang='lat' dir='ltr'><strong>cru-</strong></span> 
     </span>
     <span class='ocr_line' id='line_1_18' title="bbox 150 2291 1172 2380; baseline 0.002 -23"><span class='ocrx_word' id='word_1_130' title='bbox 150 2294 262 2358; x_wconf 84' lang='lat' dir='ltr'><strong>deliter</strong></span> <span class='ocrx_word' id='word_1_131' title='bbox 275 2291 435 2377; x_wconf 77' lang='lat' dir='ltr'><strong>iugulauit</strong></span> <span class='ocrx_word' id='word_1_132' title='bbox 457 2296 569 2361; x_wconf 89' lang='lat' dir='ltr'><strong>abinde</strong></span> <span class='ocrx_word' id='word_1_133' title='bbox 584 2297 784 2380; x_wconf 79' lang='lat' dir='ltr'><strong>Thuringiam</strong></span> <span class='ocrx_word' id='word_1_134' title='bbox 799 2297 1006 2380; x_wconf 78' lang='lat' dir='ltr'><strong>introgressus</strong></span> <span class='ocrx_word' id='word_1_135' title='bbox 1019 2297 1052 2358; x_wconf 91' lang='lat' dir='ltr'><strong>in</strong></span> <span class='ocrx_word' id='word_1_136' title='bbox 1062 2296 1172 2359; x_wconf 88' lang='lat' dir='ltr'><strong>lsnaco</strong></span> 
     </span>
     <span class='ocr_line' id='line_1_19' title="bbox 150 2406 1173 2490; baseline -0.001 -20"><span class='ocrx_word' id='word_1_137' title='bbox 150 2408 239 2471; x_wconf 85' lang='lat' dir='ltr'><strong>curia</strong></span> <span class='ocrx_word' id='word_1_138' title='bbox 251 2407 425 2482; x_wconf 88' lang='lat' dir='ltr'><strong>celebrata,</strong></span> <span class='ocrx_word' id='word_1_139' title='bbox 446 2428 542 2490; x_wconf 85' lang='lat' dir='ltr'><strong>super</strong></span> <span class='ocrx_word' id='word_1_140' title='bbox 554 2410 666 2482; x_wconf 89' lang='lat' dir='ltr'><strong>Dacos,</strong></span> <span class='ocrx_word' id='word_1_141' title='bbox 688 2407 871 2490; x_wconf 55' lang='lat' dir='ltr'><strong>Nomados,</strong></span> <span class='ocrx_word' id='word_1_142' title='bbox 892 2407 1048 2480; x_wconf 85' lang='lat' dir='ltr'><strong>Frisones,</strong></span> <span class='ocrx_word' id='word_1_143' title='bbox 1067 2406 1173 2469; x_wconf 84' lang='lat' dir='ltr'><strong>Litua·</strong></span> 
     </span>
     <span class='ocr_line' id='line_1_20' title="bbox 150 2513 1173 2603; baseline -0.002 -18"><span class='ocrx_word' id='word_1_144' title='bbox 150 2513 226 2596; x_wconf 76' lang='lat' dir='ltr'><strong>nos,&#39;</strong></span> <span class='ocrx_word' id='word_1_145' title='bbox 248 2528 279 2584; x_wconf 93' lang='lat' dir='ltr'><strong>et</strong></span> <span class='ocrx_word' id='word_1_146' title='bbox 302 2521 453 2583; x_wconf 87' lang='lat' dir='ltr'><strong>Prutcnos</strong></span> <span class='ocrx_word' id='word_1_147' title='bbox 482 2520 654 2583; x_wconf 83' lang='lat' dir='ltr'><strong>exercitum</strong></span> <span class='ocrx_word' id='word_1_148' title='bbox 680 2538 826 2602; x_wconf 82' lang='lat' dir='ltr'><strong>magnum</strong></span> <span class='ocrx_word' id='word_1_149' title='bbox 851 2517 1035 2593; x_wconf 88' lang='lat' dir='ltr'><strong>destinauit,</strong></span> <span class='ocrx_word' id='word_1_150' title='bbox 1061 2517 1173 2603; x_wconf 79' lang='lat' dir='ltr'><strong>quibus</strong></span> 
     </span>
     <span class='ocr_line' id='line_1_21' title="bbox 153 2610 1155 2713; baseline -0.008 -16"><span class='ocrx_word' id='word_1_151' title='bbox 153 2610 284 2698; x_wconf 86' lang='lat' dir='ltr'><strong>deuictis</strong></span> <span class='ocrx_word' id='word_1_152' title='bbox 299 2640 331 2695; x_wconf 91' lang='lat' dir='ltr'><strong>et</strong></span> <span class='ocrx_word' id='word_1_153' title='bbox 343 2632 510 2695; x_wconf 84' lang='lat' dir='ltr'><strong>humiliatis</strong></span> <span class='ocrx_word' id='word_1_154' title='bbox 525 2631 583 2694; x_wconf 91' lang='lat' dir='ltr'><strong>sibi</strong></span> <span class='ocrx_word' id='word_1_155' title='bbox 599 2631 672 2696; x_wconf 84' lang='lat' dir='ltr'><strong>tecit</strong></span> <span class='ocrx_word' id='word_1_156' title='bbox 686 2631 856 2713; x_wconf 82' lang='lat' dir='ltr'><strong>subiugari.</strong></span> <span class='ocrx_word' id='word_1_157' title='bbox 1150 2610 1155 2619; x_wconf 40' lang='lat'>¹</span> 
     </span>
    </p>

    <p class='ocr_par' dir='ltr' id='par_1_4' title="bbox 149 2740 1177 4176">
     <span class='ocr_line' id='line_1_22' title="bbox 231 2740 1173 2825; baseline -0.003 -18"><span class='ocrx_word' id='word_1_158' title='bbox 231 2745 280 2807; x_wconf 79' lang='lat' dir='ltr'><strong>Ab</strong></span> <span class='ocrx_word' id='word_1_159' title='bbox 293 2745 401 2807; x_wconf 90' lang='lat' dir='ltr'><strong>isnaco</strong></span> <span class='ocrx_word' id='word_1_160' title='bbox 416 2753 488 2807; x_wconf 88' lang='lat' dir='ltr'><strong>ante</strong></span> <span class='ocrx_word' id='word_1_161' title='bbox 503 2745 590 2807; x_wconf 86' lang='lat' dir='ltr'><strong>curia</strong></span> <span class='ocrx_word' id='word_1_162' title='bbox 605 2742 763 2806; x_wconf 88' lang='lat' dir='ltr'><strong>celebrata</strong></span> <span class='ocrx_word' id='word_1_163' title='bbox 776 2742 953 2825; x_wconf 81' lang='lat' dir='ltr'><strong>egrediens,</strong></span> <span class='ocrx_word' id='word_1_164' title='bbox 974 2740 1173 2804; x_wconf 76' lang='lat' dir='ltr'><strong>sicambriam</strong></span> 
     </span>
     <span class='ocr_line' id='line_1_23' title="bbox 149 2830 1175 2938; baseline -0.004 -17"><span class='ocrx_word' id='word_1_165' title='bbox 149 2859 302 2931; x_wconf 87' lang='lat' dir='ltr'><strong>introiuit,</strong></span> <span class='ocrx_word' id='word_1_166' title='bbox 323 2857 377 2921; x_wconf 92' lang='lat' dir='ltr'><strong>ubi</strong></span> <span class='ocrx_word' id='word_1_167' title='bbox 391 2857 510 2919; x_wconf 89' lang='lat' dir='ltr'><strong>Budam</strong></span> <span class='ocrx_word' id='word_1_168' title='bbox 524 2855 653 2919; x_wconf 82' lang='lat' dir='ltr'><strong>fratrem</strong></span> <span class='ocrx_word' id='word_1_169' title='bbox 668 2875 759 2918; x_wconf 92' lang='lat' dir='ltr'><strong>suum</strong></span> <span class='ocrx_word' id='word_1_170' title='bbox 774 2855 916 2917; x_wconf 90' lang='lat' dir='ltr'><strong>manibus</strong></span> <span class='ocrx_word' id='word_1_171' title='bbox 931 2830 1065 2938; x_wconf 84' lang='lat' dir='ltr'><strong>propriis</strong></span> <span class='ocrx_word' id='word_1_172' title='bbox 1078 2855 1175 2919; x_wconf 83' lang='lat' dir='ltr'><strong>inter·</strong></span> 
     </span>
     <span class='ocr_line' id='line_1_24' title="bbox 151 2966 1174 3053; baseline -0.005 -18"><span class='ocrx_word' id='word_1_173' title='bbox 151 2969 237 3045; x_wconf 84' lang='lat' dir='ltr'><strong>iecit,</strong></span> <span class='ocrx_word' id='word_1_174' title='bbox 258 2969 378 3053; x_wconf 81' lang='lat' dir='ltr'><strong>probici</strong></span> <span class='ocrx_word' id='word_1_175' title='bbox 403 2968 521 3034; x_wconf 85' lang='lat' dir='ltr'><strong>iaciens</strong></span> <span class='ocrx_word' id='word_1_176' title='bbox 544 2986 658 3050; x_wconf 87' lang='lat' dir='ltr'><strong>corpus</strong></span> <span class='ocrx_word' id='word_1_177' title='bbox 677 2967 742 3029; x_wconf 91' lang='lat' dir='ltr'><strong>eius</strong></span> <span class='ocrx_word' id='word_1_178' title='bbox 762 2966 796 3028; x_wconf 89' lang='lat' dir='ltr'><strong>in</strong></span> <span class='ocrx_word' id='word_1_179' title='bbox 817 2966 1008 3041; x_wconf 71' lang='lat' dir='ltr'><strong>Danubium,</strong></span> <span class='ocrx_word' id='word_1_180' title='bbox 1029 2985 1067 3030; x_wconf 94' lang='lat' dir='ltr'><strong>eo</strong></span> <span class='ocrx_word' id='word_1_181' title='bbox 1089 2966 1174 3049; x_wconf 90' lang='lat' dir='ltr'><strong>quod</strong></span> 
     </span>
     <span class='ocr_line' id='line_1_25' title="bbox 150 3076 1175 3165; baseline -0.004 -19"><span class='ocrx_word' id='word_1_182' title='bbox 150 3082 218 3165; x_wconf 78' lang='lat' dir='ltr'><strong>ipso</strong></span> <span class='ocrx_word' id='word_1_183' title='bbox 232 3079 344 3145; x_wconf 82' lang='lat' dir='ltr'><strong>Etbcla</strong></span> <span class='ocrx_word' id='word_1_184' title='bbox 358 3081 389 3142; x_wconf 92' lang='lat' dir='ltr'><strong>in</strong></span> <span class='ocrx_word' id='word_1_185' title='bbox 404 3080 542 3163; x_wconf 78' lang='lat' dir='ltr'><strong>partibus</strong></span> <span class='ocrx_word' id='word_1_186' title='bbox 557 3078 695 3141; x_wconf 84' lang='lat' dir='ltr'><strong>occiduis</strong></span> <span class='ocrx_word' id='word_1_187' title='bbox 711 3077 861 3159; x_wconf 85' lang='lat' dir='ltr'><strong>preliante</strong></span> <span class='ocrx_word' id='word_1_188' title='bbox 883 3077 964 3140; x_wconf 88' lang='lat' dir='ltr'><strong>inter</strong></span> <span class='ocrx_word' id='word_1_189' title='bbox 979 3097 1051 3140; x_wconf 88' lang='lat' dir='ltr'><strong>eum</strong></span> <span class='ocrx_word' id='word_1_190' title='bbox 1065 3086 1097 3141; x_wconf 89' lang='lat' dir='ltr'><strong>et</strong></span> <span class='ocrx_word' id='word_1_191' title='bbox 1110 3076 1175 3142; x_wconf 84' lang='lat' dir='ltr'><strong>lra-</strong></span> 
     </span>
     <span class='ocr_line' id='line_1_26' title="bbox 149 3187 1174 3272; baseline -0.009 -13"><span class='ocrx_word' id='word_1_192' title='bbox 149 3202 213 3259; x_wconf 88' lang='lat' dir='ltr'><strong>tres</strong></span> <span class='ocrx_word' id='word_1_193' title='bbox 232 3194 301 3257; x_wconf 88' lang='lat' dir='ltr'><strong>eius</strong></span> <span class='ocrx_word' id='word_1_194' title='bbox 322 3202 420 3257; x_wconf 84' lang='lat' dir='ltr'><strong>metas</strong></span> <span class='ocrx_word' id='word_1_195' title='bbox 440 3191 592 3257; x_wconf 87' lang='lat' dir='ltr'><strong>stabilitas</strong></span> <span class='ocrx_word' id='word_1_196' title='bbox 614 3197 827 3272; x_wconf 80' lang='lat' dir='ltr'><strong>transgressus</strong></span> <span class='ocrx_word' id='word_1_197' title='bbox 850 3187 951 3252; x_wconf 87' lang='lat' dir='ltr'><strong>luerat</strong></span> <span class='ocrx_word' id='word_1_198' title='bbox 974 3188 1174 3252; x_wconf 85' lang='lat' dir='ltr'><strong>dominando.</strong></span> 
     </span>
     <span class='ocr_line' id='line_1_27' title="bbox 150 3299 1174 3383; baseline -0.006 -13"><span class='ocrx_word' id='word_1_199' title='bbox 150 3304 268 3370; x_wconf 83' lang='lat' dir='ltr'><strong>iecerat</strong></span> <span class='ocrx_word' id='word_1_200' title='bbox 282 3305 365 3369; x_wconf 84' lang='lat' dir='ltr'><strong>enim</strong></span> <span class='ocrx_word' id='word_1_201' title='bbox 377 3303 580 3369; x_wconf 75' lang='lat' dir='ltr'><strong>sicambriam</strong></span> <span class='ocrx_word' id='word_1_202' title='bbox 595 3321 653 3365; x_wconf 91' lang='lat' dir='ltr'><strong>suo</strong></span> <span class='ocrx_word' id='word_1_203' title='bbox 667 3301 793 3365; x_wconf 91' lang='lat' dir='ltr'><strong>nomina</strong></span> <span class='ocrx_word' id='word_1_204' title='bbox 808 3300 968 3382; x_wconf 80' lang='lat' dir='ltr'><strong>appellari.</strong></span> <span class='ocrx_word' id='word_1_205' title='bbox 991 3309 1022 3363; x_wconf 88' lang='lat' dir='ltr'><strong>et</strong></span> <span class='ocrx_word' id='word_1_206' title='bbox 1032 3299 1174 3383; x_wconf 88' lang='lat' dir='ltr'><strong>quamuis</strong></span> 
     </span>
     <span class='ocr_line' id='line_1_28' title="bbox 150 3410 1175 3497; baseline -0.007 -15"><span class='ocrx_word' id='word_1_207' title='bbox 150 3416 249 3483; x_wconf 83' lang='lat' dir='ltr'><strong>lionis</strong></span> <span class='ocrx_word' id='word_1_208' title='bbox 271 3425 302 3481; x_wconf 88' lang='lat' dir='ltr'><strong>ct</strong></span> <span class='ocrx_word' id='word_1_209' title='bbox 321 3417 434 3481; x_wconf 87' lang='lat' dir='ltr'><strong>ceteris</strong></span> <span class='ocrx_word' id='word_1_210' title='bbox 455 3416 519 3477; x_wconf 89' lang='lat' dir='ltr'><strong>suis</strong></span> <span class='ocrx_word' id='word_1_211' title='bbox 534 3414 677 3497; x_wconf 76' lang='lat' dir='ltr'><strong>gentibus</strong></span> <span class='ocrx_word' id='word_1_212' title='bbox 697 3412 894 3475; x_wconf 88' lang='lat' dir='ltr'><strong>interdictum</strong></span> <span class='ocrx_word' id='word_1_213' title='bbox 916 3410 1097 3475; x_wconf 84' lang='lat' dir='ltr'><strong>resEtbela</strong></span> <span class='ocrx_word' id='word_1_214' title='bbox 1119 3431 1175 3493; x_wconf 80' lang='lat' dir='ltr'><strong>po·</strong></span> 
     </span>
     <span class='ocr_line' id='line_1_29' title="bbox 151 3523 1175 3603; baseline -0.003 -11"><span class='ocrx_word' id='word_1_215' title='bbox 151 3530 279 3603; x_wconf 83' lang='lat' dir='ltr'><strong>suisset,</strong></span> <span class='ocrx_word' id='word_1_216' title='bbox 298 3539 333 3592; x_wconf 92' lang='lat' dir='ltr'><strong>ut</strong></span> <span class='ocrx_word' id='word_1_217' title='bbox 358 3528 431 3591; x_wconf 87' lang='lat' dir='ltr'><strong>urbs</strong></span> <span class='ocrx_word' id='word_1_218' title='bbox 452 3527 562 3590; x_wconf 89' lang='lat' dir='ltr'><strong>Ethela</strong></span> <span class='ocrx_word' id='word_1_219' title='bbox 585 3534 767 3599; x_wconf 89' lang='lat' dir='ltr'><strong>uocaretur,</strong></span> <span class='ocrx_word' id='word_1_220' title='bbox 790 3525 953 3586; x_wconf 89' lang='lat' dir='ltr'><strong>Teutonici</strong></span> <span class='ocrx_word' id='word_1_221' title='bbox 977 3523 1175 3589; x_wconf 86' lang='lat' dir='ltr'><strong>interdictum</strong></span> 
     </span>
     <span class='ocr_line' id='line_1_30' title="bbox 151 3636 1175 3717; baseline -0.009 -11"><span class='ocrx_word' id='word_1_222' title='bbox 151 3642 364 3715; x_wconf 80' lang='lat' dir='ltr'><strong>formidantes,</strong></span> <span class='ocrx_word' id='word_1_223' title='bbox 386 3659 456 3704; x_wconf 87' lang='lat' dir='ltr'><strong>eam</strong></span> <span class='ocrx_word' id='word_1_224' title='bbox 468 3639 644 3717; x_wconf 82' lang='lat' dir='ltr'><strong>Eebnlburc</strong></span> <span class='ocrx_word' id='word_1_225' title='bbox 656 3645 860 3701; x_wconf 90' lang='lat' dir='ltr'><strong>uocauerunt.</strong></span> <span class='ocrx_word' id='word_1_226' title='bbox 880 3636 964 3699; x_wconf 86' lang='lat' dir='ltr'><strong>lluni</strong></span> <span class='ocrx_word' id='word_1_227' title='bbox 978 3655 1055 3699; x_wconf 90' lang='lat' dir='ltr'><strong>uero</strong></span> <span class='ocrx_word' id='word_1_228' title='bbox 1069 3654 1175 3707; x_wconf 83' lang='lat' dir='ltr'><strong>curam</strong></span> 
     </span>
     <span class='ocr_line' id='line_1_31' title="bbox 151 3747 1174 3837; baseline -0.006 -19"><span class='ocrx_word' id='word_1_229' title='bbox 151 3773 280 3837; x_wconf 80' lang='lat' dir='ltr'><strong>paruam</strong></span> <span class='ocrx_word' id='word_1_230' title='bbox 301 3752 377 3816; x_wconf 90' lang='lat' dir='ltr'><strong>illud</strong></span> <span class='ocrx_word' id='word_1_231' title='bbox 400 3761 581 3835; x_wconf 82' lang='lat' dir='ltr'><strong>reputantes</strong></span> <span class='ocrx_word' id='word_1_232' title='bbox 603 3749 802 3814; x_wconf 88' lang='lat' dir='ltr'><strong>interdictum</strong></span> <span class='ocrx_word' id='word_1_233' title='bbox 817 3768 917 3831; x_wconf 91' lang='lat' dir='ltr'><strong>usque</strong></span> <span class='ocrx_word' id='word_1_234' title='bbox 931 3747 1024 3812; x_wconf 85' lang='lat' dir='ltr'><strong>bodio</strong></span> <span class='ocrx_word' id='word_1_235' title='bbox 1040 3747 1174 3819; x_wconf 80' lang='lat' dir='ltr'><strong>eandem</strong></span> 
     </span>
     <span class='ocr_line' id='line_1_32' title="bbox 151 3857 1175 3949; baseline -0.005 -22"><span class='ocrx_word' id='word_1_236' title='bbox 151 3875 264 3930; x_wconf 89' lang='lat' dir='ltr'><strong>uocant</strong></span> <span class='ocrx_word' id='word_1_237' title='bbox 279 3862 462 3940; x_wconf 86' lang='lat' dir='ltr'><strong>0ubudam,</strong></span> <span class='ocrx_word' id='word_1_238' title='bbox 489 3865 569 3927; x_wconf 90' lang='lat' dir='ltr'><strong>sicut</strong></span> <span class='ocrx_word' id='word_1_239' title='bbox 592 3863 687 3946; x_wconf 85' lang='lat' dir='ltr'><strong>prius.</strong></span> <span class='ocrx_word' id='word_1_240' title='bbox 717 3862 766 3926; x_wconf 92' lang='lat' dir='ltr'><strong>bis</strong></span> <span class='ocrx_word' id='word_1_241' title='bbox 785 3862 893 3949; x_wconf 77' lang='lat' dir='ltr'><strong>itaquo</strong></span> <span class='ocrx_word' id='word_1_242' title='bbox 912 3861 956 3924; x_wconf 90' lang='lat' dir='ltr'><strong>sic</strong></span> <span class='ocrx_word' id='word_1_243' title='bbox 977 3857 1175 3945; x_wconf 83' lang='lat' dir='ltr'><strong>peractis‚l&#39;</strong></span> 
     </span>
     <span class='ocr_line' id='line_1_33' title="bbox 153 3971 1176 4058; baseline -0.009 -15"><span class='ocrx_word' id='word_1_244' title='bbox 153 3980 241 4045; x_wconf 87' lang='lat' dir='ltr'><strong>aunis</strong></span> <span class='ocrx_word' id='word_1_245' title='bbox 255 3979 404 4043; x_wconf 91' lang='lat' dir='ltr'><strong>continue</strong></span> <span class='ocrx_word' id='word_1_246' title='bbox 418 3978 451 4040; x_wconf 94' lang='lat' dir='ltr'><strong>in</strong></span> <span class='ocrx_word' id='word_1_247' title='bbox 469 3976 638 4040; x_wconf 89' lang='lat' dir='ltr'><strong>Sicambria</strong></span> <span class='ocrx_word' id='word_1_248' title='bbox 658 3975 815 4058; x_wconf 78' lang='lat' dir='ltr'><strong>requiscit</strong></span> <span class='ocrx_word' id='word_1_249' title='bbox 821 4020 831 4051; x_wconf 90' lang='lat'><strong><em>,</em></strong></span> <span class='ocrx_word' id='word_1_250' title='bbox 850 3973 1096 4057; x_wconf 85' lang='lat' dir='ltr'><strong>speculatoribus</strong></span> <span class='ocrx_word' id='word_1_251' title='bbox 1109 3971 1176 4035; x_wconf 85' lang='lat' dir='ltr'><strong>auis</strong></span> 
     </span>
     <span class='ocr_line' id='line_1_34' title="bbox 151 4085 1177 4176; baseline -0.012 -19"><span class='ocrx_word' id='word_1_252' title='bbox 151 4090 184 4157; x_wconf 86' lang='lat' dir='ltr'><strong>in</strong></span> <span class='ocrx_word' id='word_1_253' title='bbox 195 4093 302 4157; x_wconf 87' lang='lat' dir='ltr'><strong>mundi</strong></span> <span class='ocrx_word' id='word_1_254' title='bbox 313 4098 448 4176; x_wconf 91' lang='lat' dir='ltr'><strong>quatuor</strong></span> <span class='ocrx_word' id='word_1_255' title='bbox 458 4098 564 4175; x_wconf 80' lang='lat' dir='ltr'><strong>partes</strong></span> <span class='ocrx_word' id='word_1_256' title='bbox 575 4088 756 4154; x_wconf 85' lang='lat' dir='ltr'><strong>distributis.</strong></span> <span class='ocrx_word' id='word_1_257' title='bbox 778 4087 1007 4171; x_wconf 80' lang='lat' dir='ltr'><strong>speculatorum</strong></span> <span class='ocrx_word' id='word_1_258' title='bbox 1020 4085 1177 4167; x_wconf 87' lang='lat' dir='ltr'><strong>siquidem</strong></span> 
     </span>
    </p>
   </div>
   <div class='ocr_carea' id='block_1_3' title="bbox 151 4180 1175 4295">
    <p class='ocr_par' dir='ltr' id='par_1_5' title="bbox 151 4180 1175 4295">
     <span class='ocr_line' id='line_1_35' title="bbox 151 4180 1175 4295; baseline -0.003 -27"><span class='ocrx_word' id='word_1_259' title='bbox 151 4205 254 4295; x_wconf 67' lang='lat' dir='ltr'><strong>‚aaa</strong></span> <span class='ocrx_word' id='word_1_260' title='bbox 266 4203 412 4281; x_wconf 68' lang='lat' dir='ltr'><strong>uaeas,</strong></span> <span class='ocrx_word' id='word_1_261' title='bbox 433 4201 601 4269; x_wconf 72' lang='lat' dir='ltr'><strong>aramum</strong></span> <span class='ocrx_word' id='word_1_262' title='bbox 614 4201 654 4295; x_wconf 68' lang='lat' dir='ltr'><strong>aa</strong></span> <span class='ocrx_word' id='word_1_263' title='bbox 668 4180 856 4294; x_wconf 68' lang='lat' dir='ltr'><strong>samara,</strong></span> <span class='ocrx_word' id='word_1_264' title='bbox 874 4199 1070 4287; x_wconf 64' lang='lat' dir='ltr'><strong>numium</strong></span> <span class='ocrx_word' id='word_1_265' title='bbox 1084 4193 1175 4281; x_wconf 68' lang='lat' dir='ltr'><strong>onus</strong></span> 
     </span>
    </p>
   </div>
   <div class='ocr_carea' id='block_1_4' title="bbox 0 0 1410 4764">
    <p class='ocr_par' dir='ltr' id='par_1_6' title="bbox 0 0 1410 4764">
     <span class='ocr_line' id='line_1_36' title="bbox 0 0 1410 4764; baseline 0 0"><span class='ocrx_word' id='word_1_266' title='bbox 0 0 1410 4764; x_wconf 95' lang='lat' dir='ltr'><strong> </strong></span> 
     </span>
    </p>
   </div>
  </div>
 </body>
</html>
