2798 4764
225 352 288 424 mo
376 371 411 418 rr.
424 370 553 419 rossan
572 370 696 419 mansa
715 372 902 419 rrrssrssnn
923 352 1098 438 (aa—ao).

227 524 365 600 Tartari,
386 534 418 589 et
437 524 491 609 qui
510 544 576 587 non
596 525 722 590 luerunt
740 525 772 587 in
786 526 929 590 Danubio
950 527 1094 591 sutlocati
1116 528 1156 591 de
1181 527 1257 592 bur·
1358 546 1363 558 ’

228 636 387 721 gensibus,
408 637 577 699 extiterunt
592 634 696 719 gladio
711 635 878 701 interemti.

311 854 376 939 (29)
400 859 443 920 De
454 863 527 939 suga
541 861 666 941 episcopi
683 859 1001 940 Quinqueeoclcriearir.
1053 861 1180 924 lntuens
1202 881 1260 926 au·

140 1031 150 1040 ,
227 975 293 1034 tem
306 968 546 1033 bartholomeus
560 970 727 1052 episcopus
743 969 1102 1053 Quinqueecclesiensis,
1115 971 1260 1035 destrue-

224 1078 346 1175 'tlonem
360 1083 530 1156 exercitus,
552 1089 585 1146 et
597 1082 765 1144 aduertens
780 1083 864 1164 quod
880 1083 1008 1164 quidam
1022 1083 1061 1145 de
1074 1084 1213 1146 Tartaris
1226 1086 1260 1148 in

231 1196 403 1261 exercitum
424 1195 581 1258 irruentes
596 1202 698 1256 castra
714 1193 846 1276 plurima
859 1195 1097 1269 comburerent,
1116 1196 1260 1260 similiter

228 1295 294 1371 non
308 1326 366 1388 per
380 1305 465 1368 uiam
479 1304 650 1387 publicam,
672 1305 728 1367 sed
745 1323 802 1386 per
813 1323 975 1385 campum,
997 1324 1068 1366 cum
1083 1304 1187 1367 multis
1201 1306 1261 1368 mi-

228 1416 336 1481 litibus
358 1416 464 1501 iugam
485 1416 566 1479 iniit.
594 1425 626 1480 et
646 1435 717 1478 cum
740 1414 830 1494 pauci
852 1414 892 1478 (le
908 1414 1045 1477 Tartaris
1068 1401 1168 1496 equos
1190 1424 1261 1497 post

234 1549 289 1593 eos
303 1530 462 1592 mitterent
476 1527 569 1608 pleno
584 1545 695 1599 cursu,
716 1525 881 1587 Ladislaus
896 1544 1013 1600 comes,
1027 1526 1081 1607 qui
1096 1527 1136 1589 arl
1150 1546 1259 1610 regem

233 1641 339 1704 multis
359 1640 483 1703 uexillis
504 1639 641 1701 extensis
662 1657 735 1700 oum
756 1656 814 1700 sua
834 1638 946 1702 milicia
967 1638 1131 1711 ueniebat,
1154 1639 1199 1701 nil
1219 1639 1260 1703 tle

234 1751 331 1833 gestis
357 1750 432 1831 ipsis
457 1750 636 1831 presciens,
663 1748 858 1831 superuenit.
897 1749 1063 1831 episcopus
1087 1749 1262 1833 hungarica

232 1861 349 1925 uexilla
364 1880 596 1945 congnoscens,
624 1860 665 1924 ad
679 1861 823 1923 comitem
839 1860 1024 1936 declirrauit,
1046 1862 1168 1925 Tartari
1184 1883 1261 1926 uero

226 1963 465 2037 'ualetudinem
480 1973 690 2048 aduertentes,
711 1973 855 2036 abierunt
868 1980 1055 2046 retrorsum,
1077 1980 1109 2036 et
1122 1972 1200 2037 alios
1214 1975 1262 2038 in-

233 2085 324 2167 sequi
346 2093 546 2148 curauerunt
577 2093 609 2149 et
622 2087 668 2148 sic
689 2086 756 2168 ipse
772 2105 877 2148 comes
892 2105 962 2148 cum
978 2086 1129 2168 episcopo
1143 2087 1262 2151 abeun-

232 2203 291 2272 tes,
311 2198 351 2261 ab
364 2197 504 2279 ipsorum
519 2198 662 2261 manibus
677 2203 856 2262 euaserunt.

318 2420 386 2505 (30)
407 2423 451 2485 Dc
464 2424 604 2505 episcopis
623 2432 649 2484 ct
665 2423 733 2485 aliis
747 2423 857 2484 clericis
870 2423 903 2482 iu
917 2423 993 2484 dicto
1007 2423 1077 2484 helle
1090 2423 1260 2504 intersectis.

233 2535 280 2599 be
295 2533 485 2616 fugientibus
505 2553 632 2616 quoque
651 2554 710 2615 per
724 2531 859 2614 amplam
874 2533 956 2596 uiam
971 2552 1082 2597 uersus
1095 2534 1208 2608 Pesth,
1230 2543 1262 2598 et

234 2643 268 2706 in
290 2647 430 2709 exercitu
448 2647 700 2720 remanentibus,
722 2644 801 2709 lacta
823 2654 870 2709 est
890 2653 975 2709 tanta
996 2655 1134 2727 strages,
1152 2655 1261 2729 totque

234 2755 331 2821 millia
350 2764 422 2820 sunt
442 2757 604 2819 hominum
626 2757 810 2832 interemta,
832 2759 917 2840 quod
932 2757 1092 2822 estimacio
1106 2757 1175 2821 lieri
1197 2778 1262 2821 non

144 2855 147 2858 ’
234 2867 337 2942 ualet,
357 2888 418 2930 nec
439 2868 650 2934 referentibus
671 2871 767 2945 tides,
788 2878 917 2952 propter
929 2872 1127 2933 innumeram
1141 2870 1262 2932 cladem

234 2979 348 3045 leuiter
359 2980 534 3044 adhibetur.
556 2983 690 3046 maiores
705 2990 809 3046 tamen
825 2985 864 3045 de
879 2983 1002 3047 clericis
1017 2983 1171 3057 cecidere,
1184 2983 1264 3044 hiat·

234 3092 316 3157 thias
332 3093 555 3176 strigoniensis
570 3095 835 3176 archiepiscopus,
857 3114 950 3178 quem
965 3114 1035 3168 rer,
1056 3104 1121 3159 tum
1136 3102 1264 3177 propter

234 3205 432 3280 fidelitatem,
446 3213 512 3268 tum
527 3209 601 3289 quia
617 3208 742 3271 insimul
756 3209 864 3271 nutriti
878 3215 976 3280 erant,
991 3208 1091 3290 magis
1107 3207 1264 3291 diligebat,

234 3318 356 3383 eteius
378 3317 530 3391 consiliis,
552 3338 664 3401 magna
682 3320 742 3383 sub
764 3317 978 3391 continencia,
999 3319 1032 3381 in
1047 3318 1141 3381 rebus
1157 3316 1263 3381 arduis

234 3431 391 3496 utebatur.
413 3429 563 3514 Ugolinus
578 3429 759 3495 Colocensis
774 3429 1049 3512 archiepiscopus,
1070 3430 1264 3493 nobilissima

235 3552 322 3608 ortus
344 3543 506 3624 prosapia,
532 3562 645 3624 magna
665 3551 698 3606 et
715 3543 814 3605 ardna
836 3542 944 3604 mundi
967 3540 1113 3622 negocia,
1141 3541 1264 3601 omissis

234 3653 381 3727 minimis,
395 3654 576 3735 disponens.
597 3654 654 3716 llic
666 3661 733 3716 erat
746 3653 804 3716 sub
815 3653 903 3716 cuius
914 3652 1029 3715 fiducia
1044 3649 1165 3712 nobiles
1176 3649 1264 3710 Hun-

235 3763 321 3844 garie
345 3763 558 3844 respirabant,
584 3764 636 3826 hic
656 3772 725 3826 erat
745 3763 804 3825 sub
826 3762 913 3825 cuius
934 3761 1050 3824 fiducia
1073 3759 1208 3821 maiores
1234 3768 1266 3823 et

234 3872 411 3937 mediocres
425 3873 561 3937 humiles
575 3896 610 3938 se
624 3874 810 3940 reddebant.
837 3873 991 3956 Georgius
1012 3872 1181 3955 episcopus
1194 3874 1265 3937 lau·

233 3984 357 4059 ricmis,
372 3985 427 4068 qui
440 3993 473 4048 et
485 3985 599 4052 nobilis
613 3987 674 4051 luit
687 3987 837 4064 moribus,
855 3995 889 4052 et
902 3985 1019 4069 peritus
1034 3985 1170 4050 sciencia
1183 3986 1265 4050 litte·

233 4104 352 4162 rarum.
380 4095 562 4182 lleynoldur
577 4098 800 4167 Ultrariluanm
814 4099 995 4184 episcopus,
1018 4107 1049 4166 at
1064 4100 1197 4166 ecclesia
1212 4100 1266 4166 Ni·

233 4208 359 4285 cana
379 4209 565 4304 episcopas,
591 4210 648 4304 gul
663 4209 770 4287 two
785 4210 952 4284 burnus
975 4214 1058 4298 nito,
1085 4221 1265 4320 otnmorun
