2798 4764
246 333 439 403 samanar.
460 334 549 383 neers
570 334 719 385 crocnris
740 335 967 405 nonmusios.
995 318 1085 395 flii.
1124 318 1187 389 ibi

244 494 301 570 (3)
323 493 514 557 absoluimus
535 502 566 557 et
587 494 716 557 eosdem
737 502 767 557 et
782 494 967 575 expedimus
990 491 1185 558 asoluciouc

163 606 283 670 dimidii
307 605 454 678 fortunis,
485 627 578 687 quam
603 606 731 669 racione
756 605 881 687 terragii
907 606 1011 669 comiti
1035 605 1187 671 lauriensi

162 716 285 780 soluere
308 718 425 779 debent
446 719 624 791 annuatim,
640 718 726 780 iuxta
741 718 969 781 continenciam
992 717 1105 801 prioris
1125 716 1189 800 pri·

163 828 270 912 uilegii
283 829 382 891 nostri
397 830 436 891 de
452 829 591 911 qualibet
605 829 779 893 mansione.

245 941 302 1017 (l)
324 950 469 1024 preterea
485 942 696 1004 concessimus
711 942 830 1006 eisdem
846 941 977 1004 liberum
993 941 1106 1014 sorum,
1122 947 1188 1028 ⁴tam

163 1057 195 1118 in
214 1063 333 1127 castro,
366 1073 459 1135 quam
482 1055 619 1117 exterius
641 1053 881 1128 celebrandum,
916 1054 968 1116 nbi
990 1074 1095 1116 comes
1117 1054 1188 1117 lau·

162 1165 274 1229 niensis
289 1173 319 1228 ot
334 1166 401 1227 cius
416 1165 567 1228 officiales
589 1164 705 1229 nullam
728 1166 852 1249 penitus
867 1166 1113 1229 iurisdictionem
1132 1182 1188 1247 po·

163 1286 268 1341 terunt
288 1297 453 1349 exercere,
481 1277 542 1338 hoc
564 1276 665 1338 solum
686 1286 716 1339 et
737 1276 914 1359 specialiter
931 1276 963 1338 in
990 1274 1188 1359 presentibus

164 1389 333 1461 declarato,
355 1389 439 1471 quod
463 1388 610 1451 tributum
632 1389 709 1462 sori,
731 1391 816 1472 quod
838 1390 889 1452 die
904 1389 1046 1452 sabbathi
1067 1389 1099 1450 in
1115 1385 1189 1450 uilla

162 1501 313 1564 lauriensi
328 1501 515 1574 celebratur,
537 1520 642 1563 comes
656 1501 823 1564 {auriensis
839 1501 989 1583 percipiet
1005 1500 1188 1583 plenarium,

163 1615 427 1696 quemadmodum
444 1613 624 1697 percepisse
639 1614 831 1695 dignoscitur
847 1635 945 1696 usqne
961 1614 1064 1675 modo.

245 1727 302 1801 (5)
325 1726 522 1788 adiunximus
542 1727 640 1788 eciam
661 1735 692 1788 ct
713 1727 929 1789 coniunximus
950 1723 1081 1809 populos
1105 1725 1190 1808 epis·

162 1840 233 1921 copi
248 1847 280 1901 et
295 1839 421 1919 capituli
435 1839 603 1902 {auriensis
624 1838 655 1901 in
674 1840 783 1903 eadem
800 1839 874 1902 uilla
890 1840 1095 1913 communita,
1116 1858 1188 1903 cum

161 1949 269 2010 iisdem
284 1949 459 2030 hospitibus
473 1949 660 2023 residentes,
679 1950 856 2032 hospitibus
869 1951 984 2013 nostris
999 1949 1189 2027 memoratis,

163 2070 195 2124 ut
216 2062 249 2122 in
268 2062 414 2122 omuibus
436 2069 466 2123 et
487 2082 544 2143 per
559 2063 664 2124 omnia
684 2064 795 2125 eadem
816 2062 1188 2143 perfruanturlibertate,

162 2193 224 2256 qua
237 2172 378 2253 hospites
400 2174 497 2236 nostri
519 2174 713 2255 gratulantur
728 2175 905 2247 memorati,
928 2193 966 2236 eo
980 2175 1080 2248 saluo,
1102 2174 1188 2256 quod

162 2285 346 2366 terragium,
367 2304 424 2347 seu
440 2305 569 2347 censum
585 2285 725 2346 debitum
746 2285 867 2347 uillicns
882 2285 1065 2347 eorumdem
1089 2285 1121 2347 iu
1136 2303 1189 2349 oc·

162 2403 235 2458 tauo
260 2396 461 2458 Pentecostes
486 2396 636 2476 episcopo
661 2416 717 2458 seu
741 2396 877 2478 capitulo
898 2395 1050 2459 lauriensi
1074 2415 1189 2478 prouc-

160 2508 265 2582 nieus,
298 2509 337 2572 ab
360 2509 480 2571 eisdem
504 2506 679 2588 hospitibus
709 2507 847 2589 persolui
871 2506 968 2569 saciet
989 2527 1029 2569 cx
1054 2506 1187 2588 integro,

162 2629 254 2702 prout
269 2620 385 2684 exstitit
400 2628 596 2682 consuetum.

245 2734 302 2808 (o)
324 2741 463 2795 ceterum
479 2733 658 2805 statuimus,
679 2733 764 2815 qnod
778 2732 919 2816 hospites
934 2734 1033 2796 nostri
1048 2733 1188 2797 laurien-

161 2867 223 2920 ses,
244 2865 303 2908 nec
319 2845 350 2906 in
365 2846 434 2925 ipso
448 2845 528 2918 toro,
547 2864 606 2907 nec
620 2845 694 2908 alias
708 2845 790 2909 infra
804 2847 893 2929 regni
908 2847 1005 2910 nostri
1019 2846 1133 2910 limites
1147 2846 1188 2911 de

162 2958 226 3020 suis
243 2955 377 3038 propriis
392 2956 603 3018 mercimoniis
618 2957 745 3039 aliquod
760 2959 908 3022 tributum
922 2957 1048 3022 soluere
1061 2966 1189 3023 teneaa-

162 3080 222 3144 tur,
243 3090 330 3132 more
345 3068 496 3150 regalium
510 3069 669 3152 hospitum
684 3069 826 3133 aliorum.

243 3186 301 3258 (7)
323 3181 425 3244 adhuc
449 3190 482 3244 ut
496 3203 553 3263 pro
569 3182 700 3244 edificiis
721 3182 906 3264 reparandis
929 3182 1032 3262 uirgas
1053 3188 1085 3243 et
1099 3181 1187 3263 palos

163 3295 315 3366 habeant,
337 3301 369 3355 et
389 3312 446 3372 pro
466 3292 654 3374 agricultura
673 3311 710 3354 ac
729 3313 787 3374 pro
802 3292 896 3353 curiis
917 3300 1033 3353 terram
1052 3292 1188 3355 habena

164 3405 364 3485 ampliorem,
391 3403 576 3465 contulimus
602 3403 720 3465 eisdem
744 3402 918 3483 hospitibus
943 3402 1057 3463 nostris
1078 3420 1188 3483 qnam-

165 3514 236 3576 dam
258 3514 389 3577 insulam
407 3535 477 3575 cum
493 3514 556 3574 suis
572 3512 695 3593 populis
717 3513 749 3573 in
763 3510 907 3573 Danubio
926 3531 1026 3593 usquc
1041 3511 1188 3574 occiden-

162 3633 225 3690 tem
242 3647 281 3689 ex
296 3626 440 3708 opposito
456 3626 548 3686 castri
563 3624 729 3688 lauriensis
744 3625 955 3695 adiacentem,
970 3643 1040 3687 cnm
1055 3625 1119 3687 sois
1133 3644 1190 3689 no-

162 3741 313 3813 moribus,
337 3739 431 3818 pratis
447 3746 477 3800 et
491 3737 608 3818 pariter
622 3737 795 3818 piscaturis.

245 3853 302 3926 (8)
324 3849 511 3912 contulimus
544 3858 576 3911 et
604 3848 724 3911 eisdem
759 3857 872 3912 terram
901 3849 993 3912 castri
1022 3849 1191 3915 lauriensi!

162 3963 338 4026 Malomsoh
352 3970 505 4033 uocatam,
519 3960 600 4024 ultra
608 3960 785 4023 Danubium
801 3980 900 4043 usque
914 3961 1042 4045 Zamolp
1053 3963 1191 4027 existen·

163 4082 243 4149 tem,
270 4092 365 4154 quam
380 4072 523 4154 primitus
537 4072 726 4135 dederamus
739 4070 832 4135 simul
852 4091 925 4137 cum
944 4074 1089 4139 omnibus
1105 4071 1191 4143 ulili-

162 4186 279 4258 tatibus
293 4184 370 4262 suis,
390 4192 423 4249 et
433 4182 634 4272 pertinenciis
646 4183 814 4255 uniuersis.
857 4236 861 4243 .
