2798 4764
347 345 382 390 u.
396 343 524 391 nosuau
544 341 668 391 cauare
688 339 875 391 manubria
896 324 1072 410 (esau).
1161 320 1224 394 fl

195 518 259 561 non
283 496 416 561 muitum
438 499 587 573 distabat,
617 507 767 582 quantum
789 501 888 582 potuit
908 500 1077 564 destinauit.
1106 506 1137 564 ct
1161 516 1225 565 ou

195 631 267 673 cum
280 611 366 692 ipsa,
392 612 461 674 sinc
476 619 576 675 tractu
592 632 695 686 more,
720 613 914 694 Stephanum
925 612 1124 675 Wacicnsem
1139 612 1225 694 epis·

196 743 327 805 copun,
352 724 393 786 ad
414 723 606 804 imperialem
624 733 661 786 ct⁴
674 725 844 788 Romanam
867 726 985 788 curiam
1006 745 1063 806 pro
1082 723 1223 788 subsidio

195 831 379 908 destinauit,
407 843 438 898 et
462 835 584 897 interim
609 834 693 900 circa
716 835 938 917 Segesdinum,
967 856 1038 899 cum
1062 833 1123 899 iilis
1143 852 1224 918 qnos

194 966 366 1030 aggregare
380 947 482 1030 potuit
496 967 610 1011 moram
626 948 729 1011 traxit.

278 1165 346 1249 (33)
380 1169 531 1246 Quomodo
555 1171 618 1232 dua
641 1169 758 1233 dustria
782 1173 953 1252 spoliauerit
973 1172 1113 1250 [aquinos
1136 1169 1224 1234 Ην

197 1299 294 1362 parm,
319 1291 344 1343 ct
358 1283 393 1342 dc
404 1283 514 1344 inroitu
531 1282 744 1344 Tbcutooorum
757 1285 791 1344 io
803 1283 995 1362 Hoopcriom
1008 1286 1099 1364 [octo.
1152 1283 1224 1345 Dux

196 1401 365 1475 prospecto
384 1394 445 1456 iam
467 1395 553 1476 quod
574 1394 713 1476 Hungari
738 1403 845 1458 essent
869 1395 1058 1458 unanimiter
1075 1395 1108 1457 in
1132 1395 1223 1477 iupa,

199 1505 258 1568 sibi
282 1505 394 1567 multos
419 1505 532 1568 milites
557 1506 758 1588 aggregant,
793 1526 848 1568 eos
873 1516 980 1571 contra
1001 1507 1169 1589 ilungaros
1183 1506 1224 1569 *in

197 1616 389 1698 Eungariam
409 1618 656 1692 transmittendo,
678 1625 710 1680 et
730 1617 774 1680 sic
791 1618 909 1681 Tartari
932 1637 971 1680 ex
991 1617 1043 1680 itia
1061 1624 1148 1699 parte
1163 1617 1225 1681 Da-

198 1728 286 1790 nubii
300 1729 515 1802 destruebant,
537 1736 621 1818 etex
637 1729 695 1792 ista
706 1730 893 1793 Theutonici
909 1730 1171 1811 depredabantur,
1192 1735 1226 1793 ct

100 1875 107 1886 ι
197 1839 297 1912 uillas,
318 1847 412 1920 prout
433 1847 580 1921 poteraut
599 1842 841 1916 comburebant,
863 1842 904 1906 ita
925 1848 959 1904 ut
978 1842 1136 1904 ciuitatem
1153 1840 1224 1903 iou·

198 1951 333 2014 riensem
358 1952 518 2025 intrantes,
540 1959 674 2015 castrum
699 1955 854 2034 ceperint,
883 1961 915 2015 et
938 1951 1015 2015 iliud
1040 1950 1139 2014 moliti
1162 1951 1225 2014 sim

198 2083 255 2144 per
276 2043 462 2126 uiolen‘ciam
487 2064 640 2126 obtinere.
672 2064 813 2146 Hungari
837 2084 913 2126 uero
936 2065 975 2126 dc
1001 2064 1141 2145 partibus
1162 2060 1223 2125 iiiia

198 2176 422 2238 conuenientes
443 2177 476 2236 iu
498 2196 611 2249 unum,
633 2177 673 2238 ad
688 2177 844 2238 ciuitatem
862 2194 954 2237 manu
970 2185 1086 2238 armata
1102 2183 1224 2249 contos,

199 2286 355 2349 ciuitatem
376 2294 545 2368 ceperunt,
567 2296 597 2349 et
618 2307 727 2349 omnes
747 2287 779 2348 in
801 2294 904 2350 castro
919 2281 1133 2348 Tbeutonicos
1156 2302 1225 2347 cre·

199 2407 373 2461 mouerunt.
395 2400 459 2461 dux
473 2399 569 2460 nimio
584 2399 692 2462 iurore
707 2400 856 2481 repletus,
880 2405 1006 2479 propter
1020 2397 1079 2459 boc
1094 2395 1227 2459 candeo

199 2530 274 2574 cens
290 2519 398 2573 contra
412 2511 589 2593 ilungaros,
610 2510 767 2592 fugientes
782 2530 799 2571 a
815 2509 895 2573 facie
912 2511 1129 2579 Tartarorum,
1145 2523 1225 2590 quos

199 2623 374 2686 industria
399 2622 585 2705 collegerat,
615 2631 646 2685 et
671 2622 785 2704 quibus
809 2620 904 2683 fidem
928 2621 1130 2701 promiserat,
1160 2634 1227 2680 non

200 2744 366 2798 contentus
378 2735 417 2797 de
429 2755 467 2797 co
478 2735 563 2817 quod
581 2734 648 2815 regi
663 2733 797 2807 iecerat,
813 2733 906 2815 peciit
921 2732 960 2794 ab
975 2732 1020 2795 eis
1035 2751 1093 2813 pro
1108 2738 1228 2795 castru-

199 2864 268 2906 rum
284 2851 316 2906 et
337 2844 497 2907 ciuitatum
519 2844 660 2906 custodia
682 2843 839 2927 quandam
858 2843 990 2925 pecunie
1012 2842 1226 2925 quantitatem

200 2960 232 3016 et
251 2956 297 3017 sic
317 2955 378 3018 hac
399 2955 564 3019 occasione
584 2956 732 3029 inuenta,
754 2975 823 3017 cnm
844 2962 906 3017 tam
924 2953 1110 3017 Tbeutonici
1131 2968 1226 3036 quan

200 3064 342 3147 liungari
364 3074 470 3128 essent
491 3066 622 3128 muitum
645 3065 758 3128 diuites
780 3067 812 3127 iu
831 3065 966 3146 pecunia
989 3071 1021 3127 et
1038 3064 1144 3137 rebus,
1170 3078 1225 3125 eos

200 3196 300 3259 usque
322 3179 362 3240 ad
383 3186 556 3240 extremam
577 3177 825 3240 exinauicionem
846 3177 991 3258 nequiter
1010 3175 1173 3256 spoliauit,
1193 3178 1227 3235 st

199 3289 306 3352 miseri
320 3289 460 3370 Hungari
480 3290 713 3351 deuorabantur
727 3288 845 3369 ubique
860 3308 966 3349 morsu
981 3284 1186 3356 amarissimo,
1203 3290 1227 3346 ἰ

200 3401 284 3461 seuis
304 3401 410 3463 bestiis
426 3402 577 3474 dentatis,
599 3409 630 3464 et
645 3400 843 3482 postmodum
858 3398 933 3460 uudi
949 3397 980 3460 in
995 3397 1114 3459 aridam
1130 3392 1226 3477 profi·-

200 3510 361 3574 ciebantur
375 3521 406 3575 et
421 3513 661 3575 euomebantur.
690 3512 746 3574 sed
761 3510 809 3572 his
825 3509 980 3590 expeditis
994 3507 1170 3570 reseramus
1182 3504 1224 3570 tio

199 3623 326 3704 regibus
350 3627 571 3697 Tartarorum,
602 3623 656 3705 qui
683 3622 884 3717 postmodum
911 3619 1102 3702 Huugariam
1128 3618 1225 3682 iutra·

198 3742 322 3798 uerunt.
1189 3744 1193 3751 '

283 3955 349 4038 tbi)
374 3958 525 4035 Quomodo
542 3957 663 4020 Tartari
680 3957 898 4023 Wcrodicasem
912 3959 1061 4020 ciuitatem
1074 3960 1227 4039 «epm

198 4072 308 4142 ucriat,
332 4081 358 4130 et
373 4071 514 4150 quomodo
529 4071 655 4151 cmptior
668 4069 709 4130 od
719 4079 836 4150 pontem
853 4069 958 4132 ibomc
977 4079 1005 4132 rt
1024 4070 1100 4131 otios
1112 4084 1227 4150 procu-

197 4183 298 4244 ecriot.
342 4179 449 4244 Cadau
471 4199 545 4257 rex,
570 4180 660 4246 utin
682 4179 742 4246 alia
761 4189 851 4267 parte
875 4180 1076 4258 dictumest,
1096 4176 1227 4246 uum
