2798 4764
169 332 288 419 Μ)
351 404 356 415 .
484 351 973 417 mmor-nonnosum

222 508 344 587 dehent
358 508 435 574 dere
449 526 507 592 pro
520 507 660 575 nonitrte
676 528 734 575 sex
749 526 865 591 penses
885 507 1087 575 denariorum
1108 508 1149 573 de
1163 526 1254 573 mnn-

224 628 298 701 tns,
318 620 359 685 de
373 620 496 685 dnobus
512 620 612 703 equis.

308 734 370 808 (2)
390 733 445 815 qni
458 752 538 797 nero
551 733 585 797 in
602 731 843 815 expedicionem
863 732 910 796 ire
928 751 992 796 non
1014 732 1191 816 potuerint,
1212 732 1254 796 de

223 841 369 929 quolibet
381 863 466 927 equo
480 864 539 909 sex
552 864 667 927 pensos
681 843 875 928 persoluent.

308 957 370 1031 (3)
391 974 499 1021 eomes
513 976 624 1021 eorum
637 976 703 1020 non
716 956 812 1021 dehet
825 957 871 1019 ire
885 955 968 1021 inter
982 976 1048 1031 eos,
1069 956 1131 1020 nisi
1143 956 1254 1033 semel,

224 1067 354 1151 pisendo
368 1064 404 1131 fir
416 1067 457 1131 de
471 1087 567 1132 nono.

309 1177 366 1255 (i)
386 1178 513 1245 curialis
527 1198 633 1245 eomes
647 1181 748 1245 debet
758 1201 834 1264 sepe
849 1199 1037 1265 perannum
1052 1181 1201 1255 circuire,
1222 1189 1256 1245 et

224 1307 337 1365 erosos
352 1310 414 1373 qne
427 1289 611 1355 reseruntur
621 1290 775 1357 indicere

309 1403 367 1480 (5)
390 1422 462 1469 oum
480 1403 594 1475 cornito
617 1423 728 1469 eorum
748 1424 813 1469 non
835 1403 952 1470 debent
966 1405 1028 1480 ire,
1048 1406 1105 1470 sed
1120 1424 1200 1469 unns
1213 1425 1256 1469 ex

226 1514 468 1598 iobbspionibus
488 1514 585 1581 debet
606 1535 680 1583 enm
703 1518 893 1600 precedere,
920 1525 953 1582 et
974 1519 1044 1581 inrr
1059 1518 1128 1581 eins
1148 1525 1256 1582 osten-

229 1626 318 1699 tore.

252 1784 274 1807 .,
311 1738 371 1816 (6)
393 1758 488 1822 ruper
500 1740 707 1824 iobbrgiones
724 1760 854 1817 eornm,
875 1741 930 1826 qni
944 1762 1003 1825 por
1015 1761 1050 1805 se
1066 1751 1196 1825 possunt
1209 1741 1254 1805 ire

223 1850 263 1923 in
275 1851 467 1927 exereitum,
488 1851 615 1917 curialis
627 1872 734 1919 eomes
748 1873 813 1917 non
826 1861 930 1937 potest
944 1854 1148 1920 descendere.

122 2004 125 2009 -
224 2014 253 2037 ,.
311 1962 351 2027 Ut
371 1982 450 2027 uero
470 1962 565 2033 huius
584 1963 737 2029 libertatis
751 1964 938 2030 reiormsoio
951 1964 1163 2029 nullisunieat
1177 1971 1256 2027 tenr-

225 2074 361 2159 pnribus
374 2073 534 2149 reuocari,
555 2075 604 2140 rei
614 2075 730 2139 seriem
743 2075 777 2139 in
791 2084 971 2159 presentem
985 2075 1165 2158 paginulam
1179 2074 1257 2138 ieci·
1279 2154 1283 2161 ἱ
1377 2167 1380 2173 ¹

187 2220 190 2226 ·
229 2202 299 2251 nus
322 2186 483 2262 ndnotnri,
513 2187 711 2269 esndemqne
735 2187 890 2270 dnpptieis
914 2187 1014 2253 nostri
1037 2186 1130 2270 sigilii
1153 2187 1257 2250 muni-

229 2297 314 2362 mine
345 2297 477 2363 fecimus
512 2298 665 2363 roborari.
714 2318 799 2364 enno
833 2298 991 2363 dominice
1027 2297 1255 2361 incarnacionis

229 2408 412 2475 ticcxxn.

551 2798 728 2883 mom
752 2798 795 2884 11.
819 2800 940 2883 nette

230 2957 495 3035 intimes
519 2958 780 3037 SAXONUM
815 2960 1243 3039 TRANSILVANIAE.

644 3103 841 3168 nccxxrv.

494 3259 517 3312 ii
534 3264 677 3313 trensnmto
694 3260 782 3315 Osroii
801 3262 821 3314 Ι.
839 3279 906 3315 snno
923 3262 994 3317 1³17.

224 3588 229 3595 ,
314 3524 350 3587 in
365 3523 491 3587 nomine
504 3532 611 3589 sancte
625 3523 771 3588 trinitatis
786 3530 819 3589 et
833 3524 994 3591 indiuiduo
1009 3523 1146 3587 unitatis.

227 3692 231 3699 .
314 3634 454 3699 Andreas
485 3636 536 3698 dei
569 3635 675 3718 grecis
697 3635 876 3719 Hnngsrie,
907 3634 1080 3707 Dslmecie‚
1113 3632 1259 3706 Croneie,

232 3744 345 3821 Reme,
365 3746 493 3822 Seruio,
514 3745 633 3815 Gelicie
653 3746 905 3829 Lodomerieqne
927 3765 987 3809 rex
1005 3746 1039 3808 in
1061 3751 1260 3825 perpetuum.

316 3856 402 3921 Sient
415 3857 456 3922 ed
469 3859 609 3941 regalem
622 3860 758 3941 pertinet
768 3858 952 3942 dignitatem
963 3857 1173 3940 superiorum
1184 3875 1261 3920 eon·

231 3970 400 4039 emacem
416 3977 561 4052 potenter
575 3970 770 4056 opprimere,
787 3969 836 4035 sie
848 3970 950 4037 eoism
963 3971 1085 4053 regiam
1100 3970 1192 4035 decet
1204 3970 1262 4033 be·

232 4078 417 4165 nignitatem
428 4083 648 4167 oppressiones
656 4084 820 4149 humilium
831 4078 1073 4150 miseridorditer
1082 4082 1260 4156 subtennre,

226 4201 268 4265 st
283 4192 425 4265 fidelium
445 4196 552 4265 metiri
565 4195 766 4282 trunsum,
784 4194 1001 4281 steniouiqoe
1014 4197 1262 4265 mommsen
