2798 4764
224 350 245 423 l
451 370 592 425 troam
613 374 713 423 ιιιτι
733 370 947 422 aaronem
973 352 1029 440 (t).

220 529 305 596 tbice
320 537 431 615 gentes
446 531 579 594 luissent
592 530 818 614 sapientissimi
833 538 865 594 et
878 530 1049 606 mansueti,
1070 531 1124 614 qui
1140 540 1256 598 terram

220 662 286 707 non
306 642 505 716 laborabant,
527 640 646 705 elfere
670 638 792 705 nullum
815 650 981 724 peccatum
1003 650 1072 706 erat
1092 643 1255 708 intereos.

187 733 195 743 ’
219 772 289 819 non·
304 754 388 818 enim
411 752 569 817 habebant
590 753 702 816 domos
723 751 856 816 artiticio
877 761 1021 837 paratae,
1047 754 1104 817 sed
1133 763 1255 820 tantum

219 865 356 931 tentoria
368 865 409 929 de
421 863 581 929 tilameuto
595 871 718 946 perata,
740 882 852 926 carnes
866 872 898 927 et
912 864 1016 946 pisces
1030 871 1063 927 et
1077 862 1125 927 lae
1139 873 1173 928 et
1185 865 1251 930 mel

219 977 460 1049 manducabant,
472 983 505 1039 et
516 975 654 1038 iumenta
665 974 763 1038 multa
773 974 942 1049 habebant,
954 976 1059 1039 uestiti
1072 977 1154 1039 enim
1163 984 1255 1040 erant

221 1090 262 1155 de
287 1088 423 1172 pellibus
442 1087 626 1151 zobolorum
647 1094 678 1150 et
700 1087 833 1149 aliarum
855 1086 1004 1149 ferarum.
1031 1105 1144 1151 aurum
1159 1095 1191 1151 et
1204 1108 1255 1151 ar·

220 1206 350 1285 pentum
373 1207 404 1262 et
426 1217 566 1281 gemmas
586 1196 747 1261 habebant
765 1197 846 1260 sicut
860 1197 993 1280 lapidee,
1017 1198 1092 1280 quia
1105 1197 1137 1261 in
1151 1199 1253 1262 dumi·

220 1311 312 1377 nibus
333 1311 476 1375 eiusdem
501 1318 586 1374 terre
611 1309 863 1374 inueniebantur.
895 1329 958 1371 non
984 1310 1253 1393 concupiscebant

220 1422 342 1497 aliena,
366 1422 442 1506 quia
469 1440 581 1485 omnes
603 1421 718 1484 diuites
739 1428 845 1494 erant,
874 1420 1028 1484 habentes
1050 1421 1197 1485 animalia
1221 1429 1253 1487 et

220 1531 370 1596 nictualia
384 1531 588 1594 sufficienter.
610 1551 674 1594 non
689 1540 780 1594 eraut
794 1531 877 1594 enim
893 1530 1112 1607 fornicatores,
1132 1534 1189 1597 sed
1200 1553 1252 1598 ao-

220 1641 383 1706 lummodo
397 1642 614 1725 unusquisque
629 1662 718 1704 suam
733 1641 869 1706 babebat
883 1661 1027 1705 uxorem.
1047 1651 1158 1727 postea
1173 1664 1252 1708 uero

220 1751 283 1817 iam
303 1751 388 1817 (licta
405 1772 483 1835 gens
505 1751 635 1834 fatigata
654 1751 687 1817 in
710 1751 804 1826 bello,
831 1753 872 1815 ad
894 1760 1011 1816 tautam
1032 1753 1252 1819 crudelitatem

220 1862 381 1949 peruenit,
397 1870 433 1927 nt
445 1863 574 1946 quidam
590 1862 700 1926 dieunt
712 1863 974 1947 historiographi,
989 1866 1075 1948 quod
1089 1866 1252 1930 iracundia

221 1974 308 2039 ducti
322 1975 493 2039 humanam
507 1976 751 2040 manducassent
766 1995 893 2041 carneus
910 1984 942 2041 et
955 1977 1141 2062 sanguinem
1157 1978 1253 2043 bibis·

220 2087 478 2152 senthominum.
509 2095 540 2151 et
553 2089 651 2152 credo
665 2089 752 2172 quod
773 2088 878 2152 adbuc
897 2109 953 2153 eos
975 2091 1173 2172 cognoscetis
1194 2090 1253 2153 du·‘

219 2216 289 2263 ram
300 2206 426 2283 gentem
436 2196 534 2263 fuisse
549 2199 589 2262 de
605 2199 759 2264 fructibus
773 2221 895 2264 eorum.
916 2200 1063 2284 Scythica
1076 2201 1161 2264 enim
1176 2221 1252 2284 pens

221 2328 241 2376 a
255 2310 342 2375 nullo
355 2311 547 2395 imperatore
562 2312 620 2375 tuit
634 2313 815 2396 subiugata,
829 2330 903 2375 nam
914 2312 1041 2375 Darium
1058 2332 1166 2395 regem
1176 2313 1253 2376 Per·

221 2442 329 2490 sarum
344 2443 415 2487 cum
432 2444 546 2509 magna
560 2423 755 2508 turpitudine
770 2423 908 2506 Scythici
922 2422 1068 2488 lecerunt
1081 2423 1206 2508 ingere,
1221 2432 1253 2489 et

220 2535 360 2619 perdidit
378 2535 422 2596 ibi
434 2536 549 2598 Darius
570 2535 730 2618 octoginta
751 2534 848 2597 millia
868 2533 1052 2608 hominum,
1073 2541 1106 2598 et
1119 2535 1164 2598 sic
1179 2554 1252 2598 cum

219 2662 336 2726 magno
350 2644 463 2707 timore
479 2644 560 2726 fugit
573 2644 606 2705 in
620 2644 743 2706 Persas.
767 2644 843 2706 item
858 2642 997 2725 Scythici
1012 2643 1127 2726 Cyrum
1141 2664 1252 2728 regem

219 2755 387 2820 Persarum
403 2773 475 2817 eum
489 2753 639 2818 trecentis
654 2761 686 2816 et
700 2752 827 2836 triginta
841 2751 978 2815 millibus
992 2753 1156 2816 hominum
1168 2755 1253 2817 occi·

220 2867 346 2930 derunt
380 2864 457 2929 item
477 2863 615 2948 Scythici
643 2863 857 2927 Alexandrum
881 2882 1030 2948 maguum
1055 2862 1154 2928 lilium
1178 2866 1252 2930 Phi-

218 2974 297 3060 lippi
323 2975 408 3060 regis
429 2984 463 3040 et
482 2975 592 3060 regine
614 2974 825 3057 Olympiadis,
854 2974 909 3058 qui
931 2975 1029 3039 multa
1051 2996 1150 3060 regua
1171 2997 1252 3060 pug-

218 3087 325 3154 muto
339 3086 400 3151 sibi
413 3088 650 3171 subiugaverat,
670 3087 775 3172 ipsum
790 3085 885 3151 etiam
900 3088 1034 3171 turpiter
1048 3088 1250 3172 rogauerunt.

220 3220 299 3287 gens
320 3200 405 3264 enim
424 3200 566 3285 scythica
579 3201 659 3263 dura
674 3207 742 3264 erat
760 3201 799 3262 ad
821 3201 1042 3264 sustinendum
1057 3220 1185 3265 omnem
1205 3202 1251 3264 la·

219 3314 349 3389 horem,
371 3322 402 3379 et
415 3322 506 3378 erant
519 3332 655 3398 corpore
670 3313 773 3395 magui
789 3312 928 3397 Scythici
949 3322 981 3376 ct
995 3312 1093 3377 lortes
1107 3314 1139 3377 in
1155 3313 1250 3389 bello,

219 3446 293 3493 nam
315 3426 392 3490 nihil
410 3425 598 3491 habuissent
616 3425 650 3488 in
670 3402 811 3500 mundo,¹
827 3425 912 3509 quod
927 3426 1061 3508 perdere
1075 3425 1251 3489 timuissent

218 3556 279 3623 pro
292 3536 377 3601 illata
390 3539 450 3602 sibi
464 3539 589 3602 iniuria.
611 3538 739 3621 quando
760 3536 844 3601 euim
860 3536 997 3620 Scythici
1012 3536 1176 3600 uictoriam
1194 3536 1251 3599 ha-

218 3648 336 3715 hebent
358 3648 435 3710 nihil
456 3650 497 3712 do
519 3650 620 3733 preda
642 3647 808 3722 uolebant,
834 3659 869 3711 ut
887 3648 1032 3712 moderni
1055 3649 1095 3711 de
1117 3648 1249 3730 posteris

218 3760 295 3834 suis,
308 3759 367 3823 sed
380 3760 598 3823 tantummodo
614 3757 741 3823 laudem
756 3759 869 3823 exinde
885 3759 1070 3842 querebant,
1085 3767 1118 3822 et
1130 3759 1249 3842 absque

218 3872 315 3939 llario
336 3879 368 3935 et
385 3871 468 3955 Cyro
490 3880 586 3954 atque
607 3870 805 3945 Alexandro,
831 3870 918 3934 nulla
939 3890 1017 3953 gena
1039 3889 1117 3934 ausa
1137 3867 1197 3934 luit
1215 3869 1277 3971 iu⁸

217 3985 338 4050 mundo
356 3985 389 4048 in
410 3993 528 4048 terram
545 3983 671 4047 illomm
691 3984 819 4048 intrare.
848 3982 993 4067 predicta
1008 4002 1086 4046 vero
1107 3981 1250 4067 scythica

218 4117 297 4185 gens
311 4098 390 4162 dnra
403 4103 471 4161 erat
485 4097 525 4161 ad
538 4096 758 4180 pugnandum,
778 4103 811 4161 at
826 4115 922 4178 super
936 4114 1036 4181 equos
1050 4093 1196 4171 ueloees,
1217 4103 1250 4162 et

218 4208 324 4304 capita
333 4210 368 4278 in
380 4208 481 4301 paleis
496 4210 660 4290 unebsnt,
673 4217 707 4276 ct
719 4227 797 4283 areu
808 4228 846 4276 ac
859 4208 982 4303 sagittis
995 4208 1144 4281 meliores
1157 4216 1252 4287 erent
