2798 4764
204 317 265 389 110
374 336 400 387 s.
415 336 569 389 smrurm
590 336 680 386 mors
701 332 910 384 nacrrronmr
931 336 1022 383 nrm
1044 335 1066 386 r.

287 496 431 559 XXXIV.
473 495 516 558 De
538 496 687 576 maleficis.
731 492 768 556 Ut
791 503 934 556 creatura
956 494 1007 557 dei
1029 495 1069 557 ab
1085 497 1170 558 omni
1194 496 1239 559 le-

205 612 294 676 sione
323 610 528 692 malignorum
559 619 698 682 remota,
731 616 762 669 et
790 627 808 668 a
834 607 919 669 nullo
945 608 1164 671 detrimentum
1190 611 1238 671 sui

205 742 338 806 passura
353 732 493 795 maneat,
515 722 574 784 nisi
590 742 607 782 a
623 722 694 794 deo,
716 740 734 781 a
749 739 811 800 quo
828 726 858 781 el
873 727 1103 801 augmentatur,
1125 741 1239 782 secun-

206 835 281 896 dum
296 834 457 895 decretum
472 840 599 894 senatus
614 830 778 893 statuimus
794 831 899 912 magni
911 830 1095 893 caucionenr
1111 834 1239 895 terroris

206 944 358 1007 ueneficis
374 964 410 1005 ac
426 943 586 1016 maleficis,
609 942 740 1005 utnulla
756 962 891 1024 persona
905 942 1059 1005 maleficio
1074 955 1127 1006 aut
1142 963 1240 1006 uene·

205 1055 278 1119 licio
301 1076 491 1137 quemquam
517 1056 681 1117 hominum
709 1064 829 1117 astato
854 1054 965 1116 mentis
987 1065 1040 1116 aut
1063 1044 1239 1118 interlicere

207 1168 332 1229 audeat.
362 1175 410 1227 ast
434 1166 553 1246 siquis
576 1165 626 1227 uel
650 1186 711 1246 que
736 1172 805 1245 post
829 1166 888 1227 hac
913 1165 974 1227 lroc
997 1168 1240 1247 presumpserit,

206 1278 347 1341 tradatur
368 1277 399 1338 in
420 1296 530 1338 manus
551 1276 705 1338 maleficio
728 1276 800 1350 lesi,
822 1285 877 1339 aut
898 1278 928 1338 in
945 1298 1055 1340 manus
1074 1288 1239 1358 parentum

209 1389 292 1462 eius,
314 1390 487 1451 secundum
513 1388 593 1450 uelle
614 1408 724 1451 eorum
748 1388 992 1451 diiudicandum.
1025 1391 1051 1452 si
1074 1411 1150 1453 uero
1173 1413 1241 1452 sor-

207 1501 315 1583 tilegio
344 1508 466 1562 utentes
491 1501 707 1572 inueniuntur,
736 1501 908 1563 olfaciunt
933 1501 963 1561 in
986 1502 1092 1564 cinere
1114 1511 1167 1564 aut
1192 1504 1240 1564 his

207 1612 377 1684 similibus,
406 1612 445 1672 ab
468 1611 624 1692 episcopis
644 1610 774 1692 llagellis
798 1613 1013 1674 emendentur.

292 1722 422 1783 XXXV.
464 1723 508 1783 Dc
528 1724 683 1785 intrusione
704 1724 868 1784 domorum.
920 1725 1069 1786 Uolumus
1094 1735 1127 1788 ut
1149 1726 1239 1788 firma

208 1855 272 1918 pax
287 1843 318 1897 et
332 1833 518 1916 unanimitas
539 1833 579 1895 sit
600 1835 681 1895 inter
695 1834 829 1896 maiores
848 1843 880 1895 et
894 1835 1043 1908 minores,
1065 1838 1239 1899 secundum

210 1944 404 2028 apostolum:
428 1944 592 2008 unanimes
615 1954 732 2018 estote,
754 1953 786 2006 et
800 1953 915 2007 cetera.
944 1966 1003 2008 nec
1019 1945 1131 2026 aliquis
1146 1946 1240 2008 alium

156 2061 162 2071 '
209 2057 361 2120 inuadere
384 2057 507 2118 audeat.
530 2076 602 2118 nam
625 2056 650 2117 si
664 2054 735 2137 quis
757 2055 905 2117 comitum
926 2065 997 2136 post
1017 2056 1239 2119 diffinicionem

210 2169 303 2232 huius
326 2167 500 2229 communis
519 2166 644 2229 concilii
660 2174 721 2227 tarn
739 2176 908 2228 contumax
924 2167 1075 2239 extiterit,
1098 2177 1131 2229 ut
1145 2168 1240 2229 alium

209 2282 295 2345 domi
317 2288 429 2362 querat
450 2280 488 2341 ad
513 2278 706 2360 perdendum
730 2298 801 2339 eum
821 2285 916 2359 atque
938 2298 995 2338 sua
1017 2278 1186 2358 dissipare,
1214 2279 1239 2341 si

211 2391 356 2454 dominus
379 2390 464 2452 domi
488 2398 547 2461 est,
571 2401 600 2452 et
620 2408 728 2450 secum
752 2387 940 2470 pugnauerit
964 2387 1015 2450 uel
1034 2389 1240 2463 interfecerit,

209 2499 274 2564 luat
288 2501 460 2563 secundum
477 2501 579 2581 legem
595 2500 635 2561 de
651 2499 876 2580 euaginaciune
894 2499 987 2580 gladii
1003 2499 1189 2562 consectam.
1214 2501 1240 2562 si

210 2622 315 2676 aulem
331 2633 436 2674 comes
450 2612 566 2673 ibidem
584 2612 780 2683 occubuerit,
801 2611 868 2672 sine
883 2610 1115 2691 composicione
1132 2613 1239 2673 iaceat.

210 2726 236 2787 si
252 2744 329 2787 uero
344 2725 395 2787 ille
411 2744 473 2785 non
487 2724 719 2804 superuenerit,
736 2723 790 2784 sed
806 2743 880 2786 suos
896 2722 1008 2785 milites
1024 2723 1151 2796 miserit,
1165 2743 1240 2784 cen-

211 2845 276 2899 tum
292 2836 432 2897 iuuencis
448 2844 615 2917 componat
630 2836 836 2896 intrusionem.

295 2949 320 3010 si
342 2968 419 3010 uero
442 2947 529 3009 miles
551 2948 620 3028 quis
638 2945 749 3008 curtim
771 2945 823 3007 nel
839 2946 965 3006 domum
988 2945 1115 3009 alterius
1135 2945 1240 3006 militis

211 3060 378 3131 inuaserit,
400 3060 509 3121 decem
525 3059 666 3121 iuuencis
682 3065 849 3138 componat
863 3056 1069 3118 innasionem.
1090 3059 1115 3118 si
1132 3059 1240 3138 uulga-

211 3173 255 3234 ris
280 3172 407 3254 quidem
434 3172 562 3234 alterius
595 3171 642 3232 sui
673 3169 782 3231 similis
813 3168 1044 3232 mansiunculas
1075 3169 1240 3241 inuaseril,

211 3285 351 3367 quinque
365 3284 508 3346 iuuencis
523 3282 624 3345 soluat
638 3283 861 3345 incursionem.

532 3699 668 3738 rxctlctr
690 3699 777 3738 tun
798 3697 918 3738 volnus.
