2798 4764
482 375 664 425 ruorsrmrr
684 374 723 422 oa
739 372 850 421 cauo.
1116 346 1176 419 ou
1245 390 1249 397 ·

156 538 227 600 dam
250 533 392 608 nomine,
414 540 540 616 portare
555 531 671 593 serrum
686 549 745 612 pro
760 536 858 590 matre
873 548 930 592 sua
945 528 1101 610 precepit,
1123 525 1180 627 qui

155 655 278 731 portato
293 647 377 710 terro
391 644 573 707 iustificatos
588 651 644 705 est.

235 757 280 840 (3)
303 757 423 820 Choma
446 757 485 819 dc
510 755 585 818 uilla
606 754 689 817 Petri
714 753 851 835 impeciit
872 749 1065 816 conuitlauos
1087 773 1180 828 suos,

155 871 283 934 nomine
296 870 407 950 Fugod
428 867 634 949 etEgidium,
665 867 704 927 de
728 866 842 927 damno
865 885 971 926 rerum
993 883 1120 927 suarum
1140 864 1181 929 ad

155 981 388 1044 estimacionem
414 988 483 1042 octo
511 997 703 1050 marcarum,
735 976 838 1038 iudice
863 975 1038 1039 Laurencio
1071 974 1181 1039 curiati

155 1093 268 1156 comite
283 1096 322 1156 de
337 1093 412 1155 uilia
426 1093 576 1153 Terebus.
599 1088 728 1172 predicti
744 1088 812 1161 uiri,
828 1088 936 1171 Fugod
952 1097 983 1152 et
997 1088 1094 1169 Egid,
1108 1109 1182 1171 por-

158 1216 221 1270 mro
236 1207 320 1268 t‘crro
336 1205 488 1266 combusti
502 1211 583 1264 sunt.

241 1315 286 1397 (t)
309 1316 438 1377 Basilius
467 1315 563 1376 abbas
592 1315 631 1377 de
656 1313 756 1375 Curru
786 1313 922 1395 impeciit
947 1314 1099 1395 quosdam
1122 1332 1182 1397 pro

159 1428 252 1499 furto,
273 1426 389 1488 scilicet
409 1424 524 1486 Baztbu
545 1424 584 1486 de
605 1424 711 1497 Peles,
741 1425 813 1487 item
837 1426 1022 1497 Adrianum,
1044 1426 1182 1488 Lauren·

158 1539 257 1611 cium,
271 1539 420 1609 Bubtem,
442 1535 559 1609 Micon,
574 1537 693 1608 Tekze,
710 1537 823 1610 Uduor,
840 1538 1055 1611 Ambrosium,
1076 1537 1184 1601 Bencii

158 1650 197 1711 de
213 1648 343 1721 Uecber,
365 1648 403 1710 de
424 1645 498 1709 uitia
514 1647 635 1718 Cbeke,
657 1647 731 1708 item
754 1647 919 1729 liomndoy
940 1648 979 1709 de
1002 1648 1075 1709 uitta
1090 1648 1183 1712 Ηοη.

158 1762 220 1842 qui,
241 1762 314 1823 dum
334 1759 490 1822 aNicoiao
512 1758 624 1820 comite
646 1757 785 1839 palatino
806 1758 886 1821 iacta
907 1759 1120 1835 discussione,
1142 1759 1182 1824 ad

158 1874 305 1936 iudicium
324 1872 398 1934 ferri
420 1871 583 1934 candentis
604 1869 792 1932 Uaradinum
815 1878 936 1944 essent,
957 1871 989 1932 in
1011 1874 1185 1953 septimana

158 1985 284 2047 domine
305 1983 336 2045 in
357 1992 410 2047 tua
431 1982 663 2054 misericordia,
686 2003 743 2063 per
757 1981 940 2064 pristaldum
962 1984 1087 2046 nomine
1102 1984 1185 2047 cue-

158 2116 272 2178 panum
289 2096 328 2157 de
350 2095 424 2156 uilia
440 2094 547 2156 Ladan
570 2093 680 2156 directi
705 2112 768 2154 non
790 2102 960 2167 uenerunt,
983 2101 1014 2156 et
1028 2093 1186 2175 prenomi-

158 2215 249 2269 natus
271 2205 365 2267 iudex
387 2204 546 2285 rescripsit
569 2205 608 2265 de
630 2204 689 2276 eie,
712 2205 796 2285 qnod
811 2205 1023 2268 scriberentur
1038 2225 1095 2286 pro
1110 2224 1186 2267 con·

160 2317 323 2379 damnatis.

244 2427 294 2505 (5)
317 2424 458 2508 Reynoid
472 2427 511 2488 de
523 2424 595 2488 uilla
607 2426 700 2488 Sucta
713 2426 851 2506 imperiit
862 2428 1011 2491 ioannem
1024 2434 1054 2489 et
1065 2426 1187 2509 Acbya-

161 2557 297 2611 manum,
311 2536 475 2599 Uitalmum
491 2548 520 2598 et
533 2535 698 2598 Ornoitum
714 2537 753 2598 de
768 2537 842 2600 uitta
859 2538 961 2600 Buntii
976 2539 1014 2600 de
1030 2539 1186 2602 occisione

160 2649 209 2712 sui
229 2649 298 2718 titii.
320 2647 476 2710 iudicibus
489 2648 625 2710 Martino
645 2647 754 2710 curiati
775 2647 888 2711 comite
909 2649 949 2712 de
965 2651 1054 2713 Nouo
1073 2660 1186 2727 castro,

160 2768 191 2821 at
206 2758 330 2840 Gipoito
346 2759 508 2820 Teotoneo
527 2759 651 2839 hospite
674 2759 800 2841 regine,
829 2761 984 2841 pristaldis
1007 2761 1066 2824 alio
1087 2764 1186 2844 beyo-

160 2888 253 2931 mano
277 2872 315 2932 de
338 2869 411 2931 uilia
428 2869 548 2942 Buntii,
570 2878 601 2932 et
622 2869 796 2934 Laurencio
817 2872 857 2934 de
880 2872 952 2934 uilia
966 2873 1084 2956 Hensy.
1114 2892 1186 2956 prc-

57 3035 60 3039 .
159 2981 231 3043 dicti
247 2981 405 3043 homines:
421 2981 564 3054 loannes,
579 2981 808 3063 bcbyamanus,
823 2982 970 3046 Uilaimus
985 2992 1017 3046 et
1027 2982 1187 3059 Oruoltut,

159 3101 283 3173 portato
299 3091 383 3153 ferro
398 3091 553 3155 iustificati
569 3101 650 3155 sunt.

240 3200 286 3282 (6)
308 3203 451 3265 Priuatus
474 3204 513 3264 de
536 3202 608 3263 uitia
629 3203 737 3276 luren,
758 3203 898 3285 impeciit
912 3204 1027 3266 Uoram
1049 3204 1089 3266 de
1112 3202 1186 3266 uilia

158 3315 316 3376 Perennek
331 3333 389 3396 pro
405 3314 497 3385 furto,
519 3313 623 3375 iudice
635 3314 732 3375 Tobia
748 3314 854 3375 curiati
870 3315 982 3376 comite
998 3314 1037 3376 de
1053 3313 1185 3390 Zolnuk,

159 3423 309 3506 pristaldo
323 3423 445 3487 Gitiano
468 3423 506 3486 de
530 3422 603 3485 uitta
623 3423 756 3485 Uoznad.
785 3424 834 3486 sur
850 3425 936 3487 Uolm
955 3433 1080 3507 portato
1101 3425 1186 3489 ferro

159 3538 338 3599 combustus
354 3544 410 3599 est.

239 3646 285 3728 (7)
307 3649 415 3710 Uitiani
440 3648 479 3710 de
502 3649 579 3729 Nyr,
608 3647 662 3730 qui
685 3659 756 3710 sunt
780 3652 913 3731 pistores
934 3650 1025 3712 castri
1048 3649 1185 3727 Zolnuk,

157 3760 365 3843 imperiorunt
379 3760 531 3842 quosdam
553 3760 669 3823 liberos
689 3760 834 3824 homines
850 3763 991 3824 eiusdem
1013 3761 1106 3837 oilie,
1126 3761 1189 3826 sci·

156 3872 241 3934 ticet:
270 3873 435 3946 Fecieten,
456 3873 559 3953 Agya,
586 3871 786 3946 Michaelem,
815 3882 847 3937 et
868 3872 945 3936 alios
967 3873 1110 3938 eiusdem
1132 3870 1190 3958 gei

157 3983 253 4054 neris,
274 3983 414 4046 dicentes
436 4001 490 4045 eos
512 3991 663 4046 extorres.
693 3982 739 4044 ttti
756 3993 860 4047 autem
881 3993 1023 4048 econtra
1037 3986 1187 4050 dixerant

157 4115 191 4157 se
211 4091 328 4156 babere
349 4102 464 4158 terram
485 4114 682 4159 communem
703 4115 774 4158 cum
796 4097 1017 4172 castrensibus,
1046 4117 1063 4161 a
1084 4080 1186 4179 prima¹

157 4205 368 4293 occupaciooe
387 4206 437 4271 mi
456 4209 591 4297 generis.
620 4208 724 4275 iudice
742 4208 870 4278 Nicoito
892 4209 1032 4301 putatirm
1056 4208 1190 4279 comto·
