2798 4764
402 921 517 1007 11111
542 923 665 1008 nucls
692 923 933 1008 sclevum

157 1080 421 1159 LfflnltTAs
446 1083 723 1160 flosplwnl
748 1083 1181 1161 meministisne

572 1228 767 1292 Mccnxix.

532 1366 554 1418 E
572 1383 634 1418 mss.
654 1368 807 1420 Comidesii.

591 1507 738 1526 κ*-

237 1613 310 1676 Belo
336 1613 385 1676 dei
412 1613 516 1697 gracia
541 1612 604 1676 dux
629 1613 726 1676 tocius
753 1614 933 1689 Selsuonie,
962 1615 1121 1680 Daimeeie
1149 1625 1181 1682 et

155 1723 295 1799 Croeeie,
307 1725 462 1787 uniuersis
470 1722 585 1787 Christi
598 1724 741 1788 fidelihus
754 1744 883 1808 presens
894 1727 1043 1808 seriptum
1056 1727 1181 1810 inspee-

155 1835 247 1909 turis,
267 1835 400 1900 sulutem
416 1834 448 1896 in
463 1835 601 1897 omnium
617 1836 782 1900 minatore.
810 1836 850 1899 ed
865 1835 1084 1900 uniuersorum
1098 1838 1181 1901 noti·

155 1946 233 2008 eiam
247 1945 358 2008 harum
373 1945 456 2008 serie
468 1945 612 2008 uolumus
627 1947 813 2026 peruenire,
828 1947 913 2029 quod
926 1945 1067 2028 hospites
1079 1946 1181 2011 nostri

154 2057 193 2120 de
221 2078 245 2120 s.
266 2057 442 2129 Ambrosio,
473 2057 513 2118 ad
539 2064 676 2119 nostrum
702 2058 890 2119 aecedentes
915 2059 1129 2137 presenciam,
1161 2078 1182 2137 q

154 2166 244 2230 nohis
263 2165 421 2229 humiliter
436 2167 647 2246 postularunt,
667 2175 702 2229 ut
716 2186 771 2230 eos
786 2167 844 2228 suh
859 2167 1002 2230 libertate
1015 2166 1134 2231 hahere
1149 2177 1182 2233 et

154 2296 345 2340 conseruere
374 2278 586 2359 dignaremur,
612 2296 673 2360 qus
696 2277 832 2360 gaudent
855 2276 996 2359 hospites
1021 2279 1116 2342 nostsi
1139 2277 1180 2345 de

154 2389 299 2452 Uertieze.
320 2408 378 2452 nos
392 2389 499 2470 itaque
513 2386 798 2470 supplicacionihus
814 2406 921 2450 eorum
936 2397 1122 2463 annuentes,
1139 2389 1180 2455 de

153 2500 344 2583 benignitate
358 2508 466 2563 nostru
480 2499 573 2562 utem
589 2497 708 2562 eisdem
722 2498 899 2580 hospitibus
914 2500 1028 2563 nostris
1042 2499 1180 2583 gnus-

155 2612 301 2675 duximns
315 2612 509 2675 faciendam:

235 2723 329 2799 Quod
344 2742 362 2786 e
382 2723 596 2786 iurisdictione
617 2721 739 2786 comitis
757 2723 797 2784 de
813 2721 947 2786 Uentieze
960 2742 1019 2804 pro
1033 2732 1179 2807 tempore

154 2834 333 2910 constituti,
352 2836 414 2898 sint
426 2834 519 2898 liberi
533 2842 566 2898 et
579 2833 710 2908 exemti,
731 2841 765 2897 et
777 2853 999 2918 quemcunque
1013 2834 1052 2899 de
1068 2836 1181 2903 eedem

153 2945 227 3009 uilla
242 2948 448 3010 communiter
461 2947 494 3010 in
507 2946 647 3010 uiilieum
662 2945 779 3030 eligere
799 2946 975 3019 noluerint,
995 2945 1182 3028 preficiendi

155 3065 186 3121 et
199 3058 373 3141 reeipiendi
388 3058 517 3122 tiberem
532 3057 671 3122 hehennt
684 3056 877 3132 fucultatem,
898 3057 941 3120 itu
953 3066 1073 3131 temen,
1094 3059 1181 3139 quoti

154 3168 304 3251 sepedicti
327 3169 479 3251 hospites,
499 3168 628 3251 singuiis
652 3168 752 3243 annis,
771 3169 804 3231 in
826 3169 907 3232 festo
922 3168 1005 3229 hesti
1019 3167 1181 3249 Stephani,

154 3279 281 3341 rseione
304 3280 561 3355 mmturinerum,
591 3297 649 3360 pro
673 3278 789 3361 quihus
813 3285 907 3341 antea
927 3276 1038 3339 decem
1059 3293 1181 3343 metm

155 3409 190 3452 se
210 3389 342 3454 soluisse
364 3393 565 3463 asserebant,
587 3390 713 3471 triginta
728 3396 759 3452 et
773 3397 907 3471 quatuor
922 3405 1042 3449 mareas
1056 3387 1182 3452 soluens

153 3501 245 3564 nohis
258 3502 291 3563 in
305 3503 441 3566 denariis
456 3501 741 3574 heualihus‚dsndo
753 3518 809 3580 pro
820 3497 961 3580 qualibet
970 3516 1076 3561 morea
1089 3497 1182 3579 quin·

155 3632 217 3695 que
233 3632 358 3695 penses.
383 3614 436 3677 tali
450 3612 572 3676 adiectu
587 3611 789 3685 condicione,
810 3610 934 3691 quodsi
949 3608 1104 3689 prefatum
1118 3616 1182 3675 tos-

154 3724 273 3786 minum
291 3725 471 3788 omitterent
492 3722 524 3785 in
545 3721 711 3795 soluendo,
739 3721 772 3782 in
795 3728 905 3784 octena
927 3720 977 3785 die
1000 3719 1182 3797 solucionis,

153 3856 224 3899 eum
240 3836 336 3919 dupio
351 3835 477 3899 soluere
492 3834 689 3898 [euehuntur.

235 3949 271 4010 ln
289 3948 378 4011 euim
398 3947 447 4012 rei
468 3945 652 4010 memorium
669 3953 703 4009 et
715 3952 902 4027 perpetuam
915 3943 1092 4009 tirmitetem
1107 3963 1181 4025 pro·

152 4065 259 4123 sentes
281 4056 481 4132 eontuiimus,
508 4056 641 4140 duplicis
662 4054 755 4140 sigilli
776 4056 875 4120 nostri
893 4056 1065 4121 munimine
1087 4055 1183 4119 roho-

153 4178 247 4234 rstes.
268 4171 374 4234 datum
388 4189 447 4254 per
456 4188 568 4234 manus
578 4168 770 4241 ueneruhiiis
783 4168 881 4252 patris
890 4167 1028 4232 ladislai
1041 4163 1183 4250 episeopi
