2798 4764
376 354 522 406 masona
542 350 650 405 suucrr
669 352 800 417 surucr
818 353 906 405 nucu
927 333 983 423 (Β),
1135 335 1196 405 lli

168 524 215 581 tas
235 514 277 577 ad
291 513 483 579 credendum
505 519 554 575 est
572 511 680 585 tarda,
700 517 746 574 tot
760 509 917 593 tantisque
930 511 1081 576 uirtutum
1095 509 1194 595 signis

168 629 235 711 dies
257 627 360 691 obitus
382 624 431 689 sui
450 623 606 689 tricesima
619 623 831 699 corruscauit‚
852 631 888 687 ut
901 622 1045 687 omnibus
1058 624 1092 687 in
1105 623 1196 708 regia

166 740 261 813 urbe,
283 738 337 802 ubi
357 744 500 800 sanctum
515 756 630 817 corpus
650 736 716 800 eius
736 735 900 799 humatum
914 744 977 810 est,
1000 756 1196 805 commorans

167 851 260 924 tibus,
281 869 346 914 non
367 847 436 911 dies
457 847 591 910 meroris
610 847 667 910 sed
689 847 795 930 gaudii
809 856 904 911 esset.
933 866 1004 908 cum
1019 849 1196 930 necipsuru

169 972 288 1045 patrem
311 982 417 1024 meror
431 961 471 1023 oh
485 968 617 1022 mortem
638 958 694 1023 lilii
716 967 862 1041 angeret,
883 959 939 1023 sed
954 978 1028 1023 eum
1045 960 1085 1021 oh
1104 980 1198 1024 coro·¹

167 1093 238 1136 narn
257 1073 321 1135 uite
341 1081 449 1134 eterne
471 1069 535 1134 tilio
556 1070 768 1136 indubitanter
788 1071 947 1145 collatam,
971 1070 1075 1134 leticia
1099 1071 1197 1152 plena

169 1184 383 1268 perfunderet.

250 1406 295 1491 (8)
316 1408 416 1472 Unum
436 1415 541 1471 autern
565 1408 604 1472 de
626 1406 760 1490 egregiis
782 1406 939 1470 miraculis
955 1408 1042 1490 quod
1056 1416 1196 1490 postmo-

173 1522 246 1586 dum
265 1522 298 1584 in
318 1522 428 1585 diebus
451 1521 567 1584 nostris
586 1540 645 1601 pro
666 1519 849 1583 consessore
869 1541 927 1583 suo
949 1520 1028 1584 deus
1049 1520 1194 1586 reserare

171 1634 393 1715 dignatusest,
415 1641 521 1723 nostre
539 1632 716 1694 narracioni
732 1631 934 1705 assumimus,
956 1650 1147 1714 quamquam
1162 1632 1196 1697 in

169 1744 229 1807 hoc
253 1753 285 1807 et
302 1744 335 1807 in
358 1744 473 1807 ceteris
494 1763 512 1805 a
533 1744 594 1806 deo
617 1743 738 1806 famosa
762 1743 830 1806 sino
851 1742 968 1826 scripto
989 1744 1052 1806 sint
1070 1744 1196 1822 omnin,

171 1855 254 1937 quod
269 1862 301 1918 et
313 1854 370 1917 lilii
384 1856 437 1936 qui
453 1862 623 1918 nascentur
637 1863 669 1917 et
682 1863 865 1936 exsurgent,
886 1854 946 1917 hoc
962 1862 1196 1938 cognoscentet

168 1968 341 2031 narrabunt
360 1966 431 2030 filiis
452 1966 527 2031 suis.
556 1974 624 2030 erat
642 1967 735 2050 igitur
748 1967 796 2030 uir
811 1966 939 2048 quidam
953 1967 1116 2032 Conradus
1136 1987 1196 2033 no·

168 2078 268 2152 mine,
292 2079 440 2160 idemque
456 2077 676 2141 Thewtonicus
696 2079 843 2152 nacione,
868 2079 949 2141 adeo
970 2078 1197 2144 abhominabill

169 2199 350 2274 pecatorum
371 2191 531 2270 pressione
547 2191 734 2264 sarcinatus,
753 2199 901 2273 tantaque
915 2191 1085 2273 ignominia
1100 2195 1196 2256 alteo·

169 2312 234 2378 tus,
255 2310 290 2366 ut
306 2304 395 2385 quasi
417 2303 644 2385 quatriduanus
668 2311 808 2365 mortuus
830 2303 863 2364 in
885 2312 1089 2366 monumento
1112 2311 1198 2368 esset

170 2414 295 2478 fetidus.
324 2414 381 2477 sed
400 2414 549 2495 quoniam
568 2415 637 2495 ipse
657 2413 711 2495 qui
732 2412 884 2475 Lazarum
898 2413 1061 2476 suscitauit
1079 2413 1112 2475 in
1127 2433 1196 2476 cor·

170 2546 247 2608 pore
268 2525 408 2608 quotidie
431 2534 614 2606 peccatores
637 2524 763 2587 suscitat
782 2524 815 2585 in
836 2533 958 2599 mente,
980 2546 1039 2588 nec
1054 2533 1198 2607 peccato-

170 2657 235 2701 rem
256 2636 432 2718 predictum
458 2637 489 2698 in
513 2635 670 2718 profundo
694 2642 893 2716 peccatorum
918 2635 1053 2719 reliquit.
1083 2636 1197 2704 sedat
1298 2643 1299 2646 ’

170 2755 376 2831 cognosceret
400 2750 523 2829 quantis
546 2748 756 2810 circumdatus
785 2756 869 2811 essct
892 2748 1042 2822 miseriis,
1070 2748 1198 2815 occulos

171 2861 283 2923 mentis
299 2860 367 2923 eius
382 2880 439 2940 per
453 2859 725 2941 compunctionem
740 2842 894 2941 apperuit.
921 2858 1078 2940 predictus
1092 2859 1198 2943 itaque

172 2970 334 3035 Conradus
353 2971 394 3045 ad
409 2969 560 3033 uicarium
574 2969 675 3031 sancti
688 2969 788 3044 Petri,
810 2969 864 3052 qui
879 2971 1018 3033 llomaue
1040 2970 1109 3034 sedi
1123 2978 1199 3035 tuno

171 3083 286 3166 prefuit
300 3082 444 3156 ueniens,
465 3081 596 3145 uulnera
610 3080 659 3146 sui
676 3082 833 3145 commissi
848 3082 982 3157 detexit,
997 3089 1029 3145 et
1043 3083 1200 3164 postulata

171 3193 392 3257 satisfactionis
407 3194 614 3267 iniunctione,
630 3193 817 3256 medicinam
831 3193 933 3256 anime
950 3192 1092 3274 expeciit.
1111 3211 1199 3274 papa

173 3325 250 3367 uero
265 3304 471 3387 quantitatem
486 3313 687 3386 peccatorum
707 3303 808 3378 illius,
829 3313 977 3385 tanquam
998 3310 1092 3365 antea
1110 3303 1201 3366 inau-

174 3418 308 3481 ditorum
328 3418 575 3499 obstupescens,
597 3417 827 3480 deliberacione
848 3415 969 3489 habita,
989 3414 1122 3478 uulnera
1141 3432 1200 3495 per

172 3529 342 3593 iniunctam
363 3529 570 3611 penitenciam
592 3549 656 3599 non
678 3528 810 3592 curauit.
838 3547 879 3590 no
898 3535 1005 3590 tamen
1027 3526 1200 3607 desperans

172 3642 352 3716 lluctuaret,
380 3642 512 3704 consilio
536 3650 734 3722 peccatorem
754 3638 959 3703 confirmauit
985 3639 1090 3720 itaque
1110 3639 1200 3705 illuns

172 3751 270 3816 lorica
293 3754 513 3828 circumdedit,
542 3761 574 3816 et
595 3774 665 3817 eam
685 3761 721 3816 ut
745 3751 871 3834 corpori
891 3751 1011 3816 firmius
1032 3750 1200 3828 adhereat,

173 3864 311 3946 quinque
333 3863 476 3928 cathenis
496 3864 625 3939 ferreis,
656 3866 696 3928 ad
721 3865 850 3928 modum
870 3864 1010 3947 quinque
1035 3863 1200 3946 plagarum

173 3975 287 4040 Christi
302 3975 537 4051 circumcinxit,
558 3985 737 4059 certamque
752 3975 951 4041 consessione
971 3975 1055 4038 illius
1068 3975 1202 4057 inscrip-

171 4096 236 4152 tam
249 4096 281 4153 ct
295 4108 370 4152 cera
383 4088 609 4152 circumdatam
629 4087 821 4171 proprioque
840 4087 956 4152 annulo
970 4084 1136 4169 sigillatam
1154 4082 1202 4155 illd

171 4201 322 4287 porrexit,
343 4207 377 4271 st
387 4199 507 4269 addidit
520 4219 654 4267 monens
669 4207 703 4269 et
716 4182 905 4278 macram,
921 4203 1079 4286 quatenus
1092 4191 1200 4267 omia
