2798 4764
216 326 277 398 111
319 342 407 396 m
420 344 867 395 innenmmmmmorrrs
880 344 1015 392 nonno.
1052 327 1143 394 18511.

299 503 356 580 (2)
377 502 455 567 item
469 503 495 567 si
509 500 656 565 uenerint
669 502 701 563 in
716 501 849 564 nauibus
864 521 934 562 cnm
950 501 1013 563 suis
1032 502 1245 565 mercimoniis

217 613 334 678 debent
347 622 530 695 computare
545 622 576 686 ot
590 613 735 695 redigere
754 614 794 676 ad
810 613 1013 695 quantitatem
1029 633 1193 687 curruum,
1215 623 1248 677 et

218 726 258 788 de
269 723 408 807 quolibet
418 743 510 786 curru
521 723 675 787 tributarii
689 725 806 786 debent
816 724 932 786 hebere
944 732 1078 806 quotuor
1089 725 1246 799 denarios,

217 841 365 899 otoomes
380 835 469 897 duos.
498 836 555 897 sed
569 835 596 898 si
611 835 756 916 superius
770 835 801 896 in
816 838 888 897 neni
907 837 947 897 de
962 856 1058 900 onere
1080 837 1248 899 cuiuslibet

217 966 328 1011 currus
342 954 414 1010 octo
428 947 573 1009 denarios
589 946 768 1021 tributariis,
790 956 821 1010 ct
836 947 915 1009 dnos
931 948 1046 1010 comiti.

299 1057 362 1133 (3)
383 1058 460 1121 item
482 1059 509 1120 si
529 1058 678 1121 teotonici
700 1059 800 1120 boues
821 1059 986 1139 snpperins
1008 1058 1181 1133 deferrent,
1207 1061 1246 1123 de

218 1168 360 1250 quolibet
380 1169 462 1232 boue
482 1170 560 1233 dnos
576 1170 722 1233 denarios
745 1147 895 1232 etcomiti
915 1190 1012 1232 unum
1027 1172 1191 1234 denarium
1206 1173 1247 1234 de

218 1274 343 1344 dnobus
358 1281 459 1344 bobus
474 1283 727 1346 Teotonicorum.

300 1391 361 1467 (i)
381 1392 459 1455 Item
475 1395 514 1456 de
530 1393 673 1456 curribus
684 1391 879 1475 Ungarorum
895 1393 1048 1455 tributarii
1059 1394 1138 1457 dnos
1151 1395 1248 1457 denn-

218 1502 285 1567 rios
298 1510 331 1567 et
344 1523 449 1568 comes
464 1505 504 1568 dc
518 1505 641 1568 dnobus
656 1503 799 1567 curribus
814 1522 911 1565 unum
926 1504 1099 1568 denarium.

303 1618 360 1692 (5)
381 1617 457 1678 Item
472 1616 512 1679 de
530 1617 630 1678 bobus
647 1617 840 1698 Ungnrorum
862 1617 1008 1697 superius
1023 1617 1250 1688 detereneium.

220 1745 319 1790 unum
339 1726 504 1790 denarium
526 1727 566 1789 de
589 1726 712 1789 dnobus
730 1726 848 1799 bobus,
873 1735 905 1789 et
927 1726 966 1789 de
992 1737 1127 1808 quotuor
1147 1729 1249 1791 bobus

220 1855 328 1902 eomes
342 1858 438 1901 unum
454 1817 629 1901 denarium.

220 1995 224 2001 -
304 1951 368 2024 (6)
388 1950 466 2012 Item
480 1951 520 2012 de
535 1970 628 2013 curru
644 1949 744 2014 meliis
758 1951 912 2015 tributarii
926 1951 1041 2015 debent
1060 1952 1177 2015 hebere
1191 1953 1251 2016 tria

221 2063 377 2145 pondere,
399 2083 505 2127 comes
521 2083 615 2126 unum
632 2063 765 2146 pondus

303 2177 358 2251 (7)
382 2176 459 2238 item
477 2175 516 2239 de
533 2175 672 2258 qualibet
686 2176 803 2238 tuneita
819 2174 883 2237 nini
899 2175 1052 2238 tributarii
1067 2186 1137 2238 octo
1153 2177 1251 2241 dene·

221 2287 296 2362 rios,
317 2296 348 2351 et
362 2286 467 2350 comiti
482 2287 561 2351 duos
576 2286 733 2351 denarios.

304 2401 362 2475 (8)
383 2401 462 2464 item
484 2401 523 2464 de
544 2420 636 2464 curru
660 2400 771 2463 salium
786 2400 981 2484 Ungarorum
1005 2401 1084 2464 duos
1106 2402 1197 2475 soles,
1219 2410 1250 2466 et

221 2513 382 2577 dimidium
399 2534 469 2576 cnm
484 2514 636 2595 porcione
650 2533 755 2576 comes
769 2493 949 2576 lauriensis.

305 2628 364 2702 (o)
383 2626 462 2689 item
482 2625 522 2691 de
545 2633 671 2690 eentum
693 2626 806 2688 marcis
828 2625 946 2707 piperis
964 2624 1117 2688 tributarii
1134 2628 1252 2688 debent

220 2735 338 2798 habere
353 2756 447 2798 unam
462 2755 599 2798 mercam
615 2737 741 2817 piperis,
764 2737 848 2800 etde
865 2746 989 2800 centum
1006 2739 1157 2820 cyrotecis
1173 2739 1249 2800 dnos

222 2857 395 2930 cyrotecas,
417 2848 506 2910 etsie
521 2848 560 2909 de
575 2848 642 2909 otiis
660 2849 788 2910 minutis
802 2848 1024 2911 mercimoniis.

305 2960 384 3034 (10)
406 2960 483 3021 item
502 2959 542 3021 de
563 2979 655 3021 curro
670 2958 829 3040 hospitum
852 2959 1016 3022 latinorum
1037 2981 1132 3022 unum
1155 2961 1250 3023 terto-

223 3090 305 3135 nem.

304 3187 383 3261 (11)
402 3185 480 3249 item
502 3185 533 3246 in
554 3185 682 3267 Fizegtu
704 3184 745 3248 de
766 3203 858 3248 curru
881 3186 1129 3250 theotonicorum
1151 3208 1250 3269 qnan-

224 3307 416 3381 tnmcnnque
430 3298 535 3361 oneris
549 3297 686 3360 habente
701 3318 798 3360 unum
814 3299 986 3362 denarium.
1002 3300 1042 3361 de
1053 3301 1180 3383 retiqnis
1194 3321 1251 3362 on-

225 3420 287 3476 tem
304 3410 524 3483 mercimoniis,
546 3408 645 3471 bobus
660 3409 778 3471 scilicet
792 3419 823 3471 et
837 3409 904 3471 otiis
923 3409 1000 3472 nihii
1015 3412 1090 3474 dere
1105 3418 1252 3474 tenentur

223 3522 256 3585 in
271 3524 407 3605 Fizegtu.

307 3636 387 3709 (12)
407 3634 487 3696 Item
498 3634 530 3696 in
540 3632 649 3696 Oboda
660 3634 700 3696 de
712 3633 835 3697 duobus
847 3633 990 3697 curribus
997 3634 1250 3707 't'eotonicorum‚

225 3752 360 3826 qrrntuor
374 3744 520 3807 denarios
541 3743 665 3808 eolnent
686 3744 873 3818 tributariis,
893 3745 968 3808 item
989 3746 1028 3807 de
1050 3745 1172 3806 duobos
1194 3746 1252 3805 ho·

223 3854 283 3918 hus
297 3875 395 3917 unum
411 3854 584 3916 denarium.

307 3968 385 4043 (13)
405 3968 483 4031 Item
497 3968 619 4050 pedites
635 3967 797 4032 Teotonici
817 3965 894 4030 nitrit
909 3966 1091 4050 percoluere
1106 3976 1253 4032 tenentur

307 4192 395 4257 Unde
409 4191 550 4259 fidelitati
565 4201 669 4256 nestre
685 4193 822 4257 districte
838 4192 1045 4277 precipiendo
1058 4194 1253 4271 mandamus.
