2798 4764
523 360 596 413 vira
615 362 641 413 s.
656 367 792 416 samana
814 345 892 439 (bo).
1159 355 1221 429 m

193 534 264 578 cum
287 516 328 578 ad
349 536 421 579 eum
437 520 637 595 accessisset,
658 525 788 586 retraxit
808 526 1015 591 eukaristiam
1029 530 1116 594 lesus
1131 530 1221 596 Chri-

191 637 276 703 atus,
299 630 383 692 unde
403 630 471 712 ipse
485 630 580 694 bodie
595 635 756 697 consessio
771 637 902 699 martirii
922 639 1020 702 nostri
1035 641 1219 722 priuabitnr.

274 848 343 932 (20)
366 854 521 916 Posthac
544 856 655 919 beatus
680 857 861 923 Gerhardus
886 862 1058 924 ammonuit
1079 881 1154 937 eos,
1184 870 1220 928 nt

192 962 418 1026 confiterentur
431 965 614 1028 alterutrum
636 977 765 1048 peccata
778 989 851 1043 sua,
873 979 905 1032 et
919 972 1024 1032 audita
1039 972 1134 1034 missa
1148 992 1220 1037 ora·

191 1077 274 1138 oioui
288 1077 517 1151 incumbentes,
539 1087 571 1139 et
583 1079 661 1140 certi
675 1080 714 1141 de
729 1100 785 1161 spe
799 1081 999 1143 beatitudinis
1014 1092 1121 1145 eterne
1136 1103 1220 1148 mar·-

190 1187 309 1249 tirium'
326 1186 554 1268 adipiscentes,
586 1187 725 1251 letificati
752 1210 862 1253 omnes
891 1193 1218 1269 communicauerunt,

192 1300 307 1362 deinde
330 1308 537 1380 perrexerunt
551 1319 662 1363 uersus
676 1311 801 1381 portum
815 1304 960 1366 Danubii.
989 1305 1098 1368 beatus
1113 1312 1218 1369 autem

192 1408 373 1472 Gerbardus
394 1429 466 1470 cum
486 1419 569 1472 esset
583 1411 688 1473 breuis
704 1420 839 1487 statura,
861 1435 1033 1497 omnesque
1049 1417 1132 1478 uires
1146 1435 1218 1481 suas

189 1519 223 1580 in
238 1520 370 1583 seruicia
385 1521 436 1582 dei
450 1520 590 1583 funditus
606 1525 867 1605 consumpsisset,
888 1545 997 1589 currus
1011 1526 1217 1592 subnectione

187 1631 342 1694 utebatur.
364 1651 435 1692 oum
450 1641 555 1694 autem
572 1634 612 1695 ad
627 1645 752 1715 portum
764 1637 836 1698 Pest
850 1637 1020 1711 uenissent,
1035 1658 1109 1701 ecce
1125 1638 1218 1721 quin·
1323 1669 1333 1689 ·

192 1762 253 1823 que
280 1743 338 1804 uiri
365 1742 450 1822 impii
467 1743 544 1805 l'atn
568 1753 600 1806 et
624 1747 791 1827 complices
816 1747 882 1810 eius
908 1749 1093 1812 demonibus
1117 1749 1217 1831 pleni,

190 1853 301 1936 quibus
325 1873 359 1915 se
383 1854 467 1933 ipsos
494 1855 733 1931 dedicauerunt,
755 1859 912 1921 irruerunt
936 1860 967 1922 in
993 1861 1160 1943 episcopos
1185 1867 1217 1924 et

188 1965 290 2026 socios
315 1984 442 2037 eorum,
475 1973 506 2026 et
529 1985 584 2027 eos
610 1965 764 2047 lapidibus
790 1970 972 2034 obruerunt.
1001 1971 1113 2035 beatus
1138 1990 1215 2051 uero

189 2074 369 2167 Gerhardus
390 2096 446 2138 eos
467 2096 548 2156 qnos
565 2077 763 2158 lapidabant,
785 2078 998 2143 indesinenter
1012 2083 1100 2162 signo
1115 2083 1216 2147 crucia

188 2187 391 2269 insigniebat,
407 2208 494 2250 more
510 2189 761 2268 prothomartiris
776 2191 941 2272 Stephani,
957 2192 1074 2273 primus
1088 2192 1121 2255 in
1134 2194 1216 2255 Pan·

189 2301 285 2361 uonia
313 2299 440 2372 martir,
471 2300 582 2381 positis
616 2300 647 2361 in
679 2309 761 2364 terra
786 2302 935 2383 genibus,
967 2302 1113 2364 clamauit
1137 2322 1215 2367 uoco

189 2431 300 2493 magna
320 2412 445 2474 dicens:
468 2412 594 2474 domine
615 2413 686 2474 lesu
709 2412 852 2485 Christe,
874 2433 913 2474 ne
934 2421 1053 2475 statuas
1073 2414 1133 2477 illis
1154 2413 1215 2477 hoc

188 2531 369 2603 peccatum,
400 2524 474 2605 quia
498 2523 641 2585 nesciunt
664 2524 752 2605 quod
776 2523 904 2585 iaciunt.
938 2532 969 2585 at
993 2522 1036 2585 illi
1060 2523 1120 2585 hoc
1145 2525 1215 2589 uiso

188 2634 285 2695 multo
306 2634 405 2715 magis
424 2633 602 2707 seuiebant,
625 2642 656 2696 et
678 2635 829 2716 impetum
853 2634 997 2697 iecerunt
1018 2635 1050 2696 in
1066 2656 1155 2711 eum,
1182 2643 1217 2703 et

187 2752 370 2806 auerterunt
383 2763 507 2806 currum
524 2744 593 2805 eius
607 2745 638 2804 iu
654 2747 755 2826 ripam
769 2746 919 2819 Danubii,
940 2746 1046 2830 ibique
1060 2747 1214 2813 abstracto

188 2872 227 2916 eo
241 2855 280 2918 de
295 2874 391 2918 curru
406 2855 484 2929 eius,
498 2855 530 2914 in
545 2855 615 2936 biga
631 2855 768 2934 positum
783 2856 821 2917 de
837 2864 944 2919 moute
954 2856 1127 2919 Kreenield
1140 2856 1215 2921 suh-

187 2965 356 3040 miserunt,
371 2975 403 3028 et
417 2967 490 3028 dum
505 2966 609 3029 adhuc
625 2967 807 3048 palpitaret,
829 2968 861 3029 in
876 2977 1005 3050 pectore
1019 2969 1129 3032 lancea
1143 2989 1216 3051 por·

187 3097 313 3152 cussus,
335 3098 371 3141 ao
392 3079 506 3140 deinde
526 3098 622 3158 super
642 3099 740 3140 unum
761 3079 899 3160 lapidem
921 3079 1024 3162 ipsum
1044 3081 1214 3155 trabentes,

188 3191 405 3252 contriuerunt
414 3190 577 3251 cerebrum
590 3189 668 3250 eius.
689 3190 797 3271 sicque
812 3188 967 3270 gloriosus
980 3192 1088 3252 martir
1099 3189 1215 3261 Christi

188 3320 227 3361 ex
242 3301 401 3383 erumpnis
421 3300 515 3362 huius
536 3301 645 3362 mundi
669 3300 708 3362 ad
722 3310 862 3362 eternam
876 3299 1100 3362 beatitudiuem
1114 3309 1215 3363 trans

189 3411 332 3491 migrauit
349 3413 382 3474 in
400 3433 482 3476 anno
498 3411 617 3474 domini
632 3412 798 3474 millesimo
813 3411 1055 3492 quadragesimo
1070 3410 1216 3492 septimo·

187 3520 409 3604 Danubiusque
424 3542 550 3603 semper
565 3522 780 3594 redundabat,
798 3529 829 3582 et
844 3521 884 3584 da
898 3521 1002 3602 lapide
1017 3521 1050 3581 in
1064 3540 1127 3603 quo
1140 3539 1217 3584 con·

185 3633 292 3695 tritum
312 3643 360 3699 est
381 3643 474 3715 caput
494 3636 593 3696 sancti
608 3633 776 3706 Gerhardi,
799 3652 891 3695 nemo
912 3634 1011 3714 potuit
1030 3632 1216 3715 sanguinem
1324 3686 1326 3691 .

187 3745 307 3808 diluere
322 3766 379 3828 per
393 3757 513 3827 septem
529 3765 646 3819 anuos,
669 3745 769 3807 donec
785 3743 1022 3826 recolligeretur
1036 3764 1054 3807 a
1068 3743 1216 3807 sacerdo·

184 3856 268 3918 tibus
288 3857 367 3937 lapis
382 3876 453 3918 cum
468 3856 629 3938 sanguiue.
658 3876 772 3937 corpus
794 3863 899 3918 autem
913 3856 1011 3918 sancti
1028 3855 1086 3917 uiri
1101 3854 1216 3921 eodem

185 3968 237 4029 die
250 3969 368 4031 ibidem
381 3968 477 4032 iacuit
490 3969 543 4030 ubi
558 3969 767 4032 martirizatus
782 3976 841 4031 est.
860 3968 941 4031 Budi
951 3988 1078 4049 quoque
1094 3968 1217 4049 episco-

185 4098 244 4158 pus
265 4078 423 4160 lapidibus
438 4080 567 4141 obrutus
582 4078 703 4141 transiit
717 4079 758 4140 ad
774 4078 922 4162 gloriam,
943 4079 1095 4142 bistridus
1110 4087 1216 4155 autern

185 4191 353 4275 episcopus
368 4189 552 4276 aduncatus
567 4198 615 4254 est
629 4190 670 4255 ad
683 4199 834 4268 mortem,
854 4190 910 4283 qui
923 4189 1023 4255 tercio
1035 4189 1087 4255 die
1101 4187 1216 4273 migra·
