2798 4764
219 304 281 379 Μ
329 318 632 379 murrumncorr
644 320 718 374 nau
731 320 759 373 s.
775 319 928 375 eamean
940 320 1032 375 meu
1052 300 1131 395 (til

217 482 394 570 predictum
417 502 526 566 regem
545 480 726 547 Lndirlenm
748 488 781 545 ot
801 480 932 547 irenem
951 482 1021 547 eine
1043 481 1244 547 Salomonem

218 598 323 683 panis
344 605 412 660 orta
432 594 552 659 aedicio
574 594 699 669 lucrat,
716 594 757 657 ob
777 614 873 678 qnam
896 593 1044 659 Salomon
1065 603 1189 678 ceptus,
1211 595 1245 657 in

218 727 346 773 caruem
360 707 534 771 tenebatur.
556 724 628 768 cum
643 724 720 789 ergo
735 725 791 787 pro
807 705 965 770 elenando
979 725 1113 789 corpore
1127 706 1245 770 frustra

217 827 418 893 conarentur,
437 818 574 902 quedam
587 817 724 892 inclusa,
744 817 830 882 iuxta
846 816 1012 883 eccleciam
1025 819 1124 881 sancti
1137 818 1247 882 Saloa-

217 931 295 995 tcrie
313 930 347 992 in
360 930 471 992 Buknn
485 928 618 1002 sumlui,
646 927 774 991 nomine
787 929 926 1003 llaritas,
955 929 1044 992 cuiue
1058 931 1123 993 uite
1137 948 1247 1012 perce·

215 1040 313 1106 labris
327 1049 401 1104 tunc
414 1040 565 1122 temporie
581 1040 687 1122 opinio
701 1039 872 1115 ferebatur,
897 1039 1098 1104 reuelacione
1115 1041 1175 1105 eibi
1195 1060 1247 1104 ce·

215 1151 291 1219 lltne
305 1153 407 1226 lacta,
427 1152 495 1236 regi
516 1150 693 1225 mandauit,
718 1169 775 1214 eoa
793 1151 951 1214 incassum
972 1150 1045 1227 niti,
1065 1170 1130 1215 non
1151 1170 1245 1234 poene

216 1265 319 1331 uncti
331 1264 414 1347 regis
428 1263 591 1328 tranalerri
607 1263 751 1346 pignora,
773 1262 876 1326 donec
886 1262 1046 1327 Salomoni
1061 1283 1080 1327 a
1094 1262 1246 1330 carcerali

218 1375 362 1439 absoluto
377 1375 536 1449 custodia,
557 1373 658 1439 libera
676 1373 877 1457 indulgencia
898 1375 1093 1457 preberetur.
1118 1374 1171 1440 illo
1189 1375 1247 1439 ita·

218 1506 281 1571 qne
299 1504 318 1549 e
339 1503 469 1549 earcere
489 1485 660 1567 producto,
682 1492 714 1548 ct
731 1484 877 1549 triduano
898 1485 1011 1550 iterato
1024 1487 1153 1561 ieiunio,
1174 1506 1246 1551 cum

217 1597 261 1661 ad
274 1595 509 1661 transferendae
523 1593 671 1679 reliquias
685 1614 790 1659 caerae
805 1596 902 1659 tercia
915 1596 967 1659 «lie
982 1604 1111 1660 uentum
1125 1596 1246 1671 inlucet,

217 1706 298 1790 lapis
317 1707 430 1790 ingene
451 1707 669 1789 superpositus
689 1707 796 1771 tumbe
814 1714 901 1770 tanta
920 1705 1087 1771 uelocitate
1104 1703 1245 1771 sublatur

218 1827 284 1896 etl,
303 1837 341 1882 ao
360 1818 388 1883 ei
407 1817 505 1882 nichil
523 1827 595 1882 ante
616 1818 767 1901 ponderis
780 1818 953 1883 habuisset.
979 1818 1138 1901 completo
1152 1819 1246 1902 igitur

216 1932 316 1998 tercie
331 1930 394 1995 (lici
406 1930 524 1996 ieiunio
539 1937 572 1995 et
584 1930 788 2013 uespertinali
802 1930 917 2006 officio,
937 1931 1058 1996 cunctis
1069 1930 1175 1996 dinine
1190 1931 1248 1993 mi·

218 2043 390 2111 eeraoionis
403 2042 574 2119 beneficia,
588 2043 744 2127 perbeati
758 2043 817 2106 uiri
832 2043 977 2107 meritum
992 2044 1247 2135 prestolantibus,

218 2155 324 2220 annito
347 2154 473 2237 plebem
496 2173 586 2218 anam
610 2153 734 2218 Christe
757 2154 923 2230 minitante,
952 2155 1176 2220 miraculorum
1198 2155 1248 2217 in-

217 2268 318 2353 eignia
338 2287 396 2351 per
410 2266 646 2350 amplitudinem
669 2266 781 2330 domna
802 2275 910 2330 sancte
931 2266 1106 2331 funduntur
1126 2266 1248 2340 celitur,

217 2400 354 2463 qnorum
373 2378 534 2463 pluralitas
556 2397 653 2463 quum
672 2379 740 2462 iper
758 2386 852 2442 noete
872 2397 1039 2442 numerum
1053 2385 1248 2452 excesserat,

216 2490 529 2574 illudevangelicum
551 2490 603 2553 hic
623 2490 700 2553 libet
720 2489 942 2563 introducere,
962 2488 1049 2571 qnod
1064 2488 1172 2552 mundi
1186 2488 1249 2551 eal·

218 2610 310 2667 nalor
322 2603 455 2666 lohanni
473 2623 532 2685 per
549 2604 683 2667 nuncios
704 2603 891 2678 sciscitanti,
912 2621 953 2666 an
967 2602 1034 2685 ipae
1048 2603 1089 2666 ait
1102 2603 1157 2686 qui
1171 2621 1248 2667 uen-

217 2718 308 2781 torus
323 2723 387 2789 eat,
408 2733 465 2795 per
479 2733 667 2796 reaponaum
680 2714 901 2777 mandauerat:
923 2713 989 2777 ceci
1004 2714 1129 2789 uident,
1142 2711 1247 2778 claudi

219 2825 398 2902 ambulant,
418 2826 507 2891 turdi
521 2825 666 2900 andiunt,
688 2826 805 2908 leprosi
819 2826 1018 2901 mundantur,
1032 2824 1134 2890 manci
1149 2824 1249 2888 corri-

220 2946 345 3023 ganam,
372 2937 524 3021 paralitici
550 2946 710 3001 curantur.
741 2957 875 3021 quorum
899 2945 1005 3002 temen
1027 2938 1149 3021 aliqua,
1174 2936 1248 3021 qnia

220 3056 332 3115 nnncta
345 3070 409 3114 nen
423 3068 602 3134 possumne,
623 3049 822 3114 innotescere
836 3050 1016 3134 satagimus.

304 3272 377 3355 (23)
407 3270 535 3337 lunonis
562 3271 689 3354 qnidam
715 3272 861 3338 omniline
887 3273 1037 3337 membria
1064 3272 1249 3350 diaaolcnm,

221 3388 312 3453 annia
333 3386 402 3451 llll.
420 3384 576 3468 paralisim
599 3404 726 3468 passus,
752 3402 903 3450 manuum
928 3392 961 3448 et
983 3384 1100 3468 pedum
1125 3385 1251 3449 urebat

222 3498 346 3573 officio,
367 3498 421 3581 qui
443 3505 608 3581 parentum
626 3496 805 3561 adiumento
820 3505 930 3561 uectus
944 3494 1035 3570 illuc,
1054 3502 1182 3577 recepta
1201 3502 1249 3556 to·

222 3609 289 3673 einr
309 3609 454 3690 corporis
466 3609 632 3692 sospitate,
653 3609 815 3692 signorum
835 3607 911 3671 lecit
929 3607 1075 3680 inicium,
1094 3613 1191 3686 atque
1208 3602 1248 3665 ad

222 3718 320 3783 altare
338 3719 416 3783 hant
434 3721 572 3802 segniter
589 3740 737 3796 current,
757 3719 898 3783 omnium
913 3716 1036 3781 cluso
1057 3713 1167 3777 herlae
1185 3714 1249 3777 cla·

221 3828 397 3903 marcium,
418 3831 631 3911 augmentarit
650 3831 809 3914 gaudium.
837 3827 917 3892 alicu
930 3843 1058 3911 qnoque
1079 3843 1158 3907 puer
1176 3845 1250 3908 sep·

221 3940 341 4015 tennia,
362 3959 381 4003 a
401 3938 566 4005 natiuitate
585 3941 752 4006 contractio
770 3937 893 4012 nemin,
914 3937 1047 4020 genibus
1060 3942 1093 3999 et
1105 3935 1250 4001 manibus

221 4051 383 4137 mulnet,
412 4069 508 4134 qoem
533 4059 681 4134 paronam
702 4052 766 4116 fide
789 4048 890 4136 pleni,
919 4048 1002 4113 beati
1026 4047 1086 4112 uiri
1110 4048 1250 4133 aulragio

223 4164 442 4244 wolercntea,
464 4162 524 4249 inei
536 4162 698 4250 proatrati,
717 4163 806 4231 iaxta
816 4159 999 4249 monimum
1011 4179 1121 4228 aenum
1135 4179 1251 4246 noeoe-
