<?xml version="1.0" encoding="UTF-8"?>
<!DOCTYPE html PUBLIC "-//W3C//DTD XHTML 1.0 Transitional//EN"
    "http://www.w3.org/TR/xhtml1/DTD/xhtml1-transitional.dtd">
<html xmlns="http://www.w3.org/1999/xhtml" xml:lang="en" lang="en">
 <head>
  <title>
</title>
<meta http-equiv="Content-Type" content="text/html;charset=utf-8" />
  <meta name='ocr-system' content='tesseract 3.04.00' />
  <meta name='ocr-capabilities' content='ocr_page ocr_carea ocr_par ocr_line ocrx_word'/>
</head>
<body>
  <div class='ocr_page' id='page_1' title='image "./rerumhungaricar00endlgoog/rerumhungaricar00endlgoog_0635.png"; bbox 0 0 2798 4764; ppageno 0'>
   <div class='ocr_carea' id='block_1_1' title="bbox 177 323 1212 395">
    <p class='ocr_par' dir='ltr' id='par_1_1' title="bbox 177 323 1212 395">
     <span class='ocr_line' id='line_1_1' title="bbox 177 323 1212 395; baseline 0.002 -3"><span class='ocrx_word' id='word_1_1' title='bbox 177 323 238 393; x_wconf 75' lang='lat'><strong>626</strong></span> <span class='ocrx_word' id='word_1_2' title='bbox 278 326 408 395; x_wconf 69' lang='lat' dir='ltr'><strong>ribalta</strong></span> <span class='ocrx_word' id='word_1_3' title='bbox 421 348 467 395; x_wconf 93' lang='grc' dir='ltr'><strong>ιιι.</strong></span> <span class='ocrx_word' id='word_1_4' title='bbox 485 344 576 395; x_wconf 76' lang='lat' dir='ltr'><strong>necis</strong></span> <span class='ocrx_word' id='word_1_5' title='bbox 590 325 739 395; x_wconf 72' lang='lat' dir='ltr'><strong>orsenius</strong></span> <span class='ocrx_word' id='word_1_6' title='bbox 754 343 908 395; x_wconf 79' lang='lat' dir='ltr'><strong>nosrtrmr</strong></span> <span class='ocrx_word' id='word_1_7' title='bbox 923 344 964 394; x_wconf 76' lang='lat' dir='ltr'><strong>os</strong></span> <span class='ocrx_word' id='word_1_8' title='bbox 978 342 1086 394; x_wconf 72' lang='lat' dir='ltr'><strong>msere.</strong></span> <span class='ocrx_word' id='word_1_9' title='bbox 1113 326 1212 395; x_wconf 64' lang='lat' dir='ltr'><strong>test.-</strong></span> 
     </span>
    </p>
   </div>
   <div class='ocr_carea' id='block_1_2' title="bbox 148 503 1218 2374">
    <p class='ocr_par' dir='ltr' id='par_1_2' title="bbox 148 503 1214 1481">
     <span class='ocr_line' id='line_1_2' title="bbox 261 503 1214 586; baseline 0.003 -22"><span class='ocrx_word' id='word_1_10' title='bbox 261 504 341 578; x_wconf 88' lang='grc'>(15)</span> <span class='ocrx_word' id='word_1_11' title='bbox 363 503 395 566; x_wconf 91' lang='lat' dir='ltr'><strong>Si</strong></span> <span class='ocrx_word' id='word_1_12' title='bbox 409 505 462 586; x_wconf 87' lang='lat' dir='ltr'><strong>qui</strong></span> <span class='ocrx_word' id='word_1_13' title='bbox 484 512 588 567; x_wconf 90' lang='lat' dir='ltr'><strong>autem</strong></span> <span class='ocrx_word' id='word_1_14' title='bbox 607 504 639 566; x_wconf 93' lang='lat' dir='ltr'><strong>in</strong></span> <span class='ocrx_word' id='word_1_15' title='bbox 659 505 769 567; x_wconf 88' lang='lat' dir='ltr'><strong>eadem</strong></span> <span class='ocrx_word' id='word_1_16' title='bbox 786 503 909 566; x_wconf 88' lang='lat' dir='ltr'><strong>ciuitate</strong></span> <span class='ocrx_word' id='word_1_17' title='bbox 932 503 1074 566; x_wconf 89' lang='lat' dir='ltr'><strong>residere</strong></span> <span class='ocrx_word' id='word_1_18' title='bbox 1095 503 1214 567; x_wconf 88' lang='lat' dir='ltr'><strong>uolue-</strong></span> 
     </span>
     <span class='ocr_line' id='line_1_3' title="bbox 177 615 1212 698; baseline 0.001 -21"><span class='ocrx_word' id='word_1_19' title='bbox 177 615 254 688; x_wconf 90' lang='lat' dir='ltr'><strong>rint,</strong></span> <span class='ocrx_word' id='word_1_20' title='bbox 274 616 372 678; x_wconf 89' lang='lat' dir='ltr'><strong>autin</strong></span> <span class='ocrx_word' id='word_1_21' title='bbox 386 615 542 678; x_wconf 84' lang='lat' dir='ltr'>suburbiis</span> <span class='ocrx_word' id='word_1_22' title='bbox 558 617 692 680; x_wconf 90' lang='lat' dir='ltr'><strong>ciuitatis</strong></span> <span class='ocrx_word' id='word_1_23' title='bbox 708 627 929 698; x_wconf 88' lang='lat' dir='ltr'><strong>permaneant,</strong></span> <span class='ocrx_word' id='word_1_24' title='bbox 952 624 984 678; x_wconf 90' lang='lat' dir='ltr'><strong>et</strong></span> <span class='ocrx_word' id='word_1_25' title='bbox 997 617 1142 678; x_wconf 81' lang='lat' dir='ltr'><strong>fruantur</strong></span> <span class='ocrx_word' id='word_1_26' title='bbox 1153 637 1212 679; x_wconf 87' lang='lat' dir='ltr'><strong>ea-</strong></span> 
     </span>
     <span class='ocr_line' id='line_1_4' title="bbox 148 727 1211 809; baseline 0.001 -20"><span class='ocrx_word' id='word_1_27' title='bbox 148 751 152 762; x_wconf 91' lang='lat'><strong>·</strong></span> <span class='ocrx_word' id='word_1_28' title='bbox 178 727 248 789; x_wconf 89' lang='lat' dir='ltr'><strong>dem</strong></span> <span class='ocrx_word' id='word_1_29' title='bbox 271 727 430 801; x_wconf 90' lang='lat' dir='ltr'><strong>libertate,</strong></span> <span class='ocrx_word' id='word_1_30' title='bbox 453 729 537 809; x_wconf 90' lang='lat' dir='ltr'><strong>quali</strong></span> <span class='ocrx_word' id='word_1_31' title='bbox 557 728 642 791; x_wconf 89' lang='lat' dir='ltr'><strong>ciues</strong></span> <span class='ocrx_word' id='word_1_32' title='bbox 663 730 702 791; x_wconf 89' lang='lat' dir='ltr'><strong>de</strong></span> <span class='ocrx_word' id='word_1_33' title='bbox 719 729 829 791; x_wconf 87' lang='lat' dir='ltr'><strong>eadem</strong></span> <span class='ocrx_word' id='word_1_34' title='bbox 846 729 969 791; x_wconf 89' lang='lat' dir='ltr'><strong>ciuitate</strong></span> <span class='ocrx_word' id='word_1_35' title='bbox 993 728 1211 809; x_wconf 82' lang='lat' dir='ltr'><strong>pertruuntur.</strong></span> 
     </span>
     <span class='ocr_line' id='line_1_5' title="bbox 177 839 1211 922; baseline 0 -20"><span class='ocrx_word' id='word_1_36' title='bbox 177 839 234 902; x_wconf 88' lang='lat' dir='ltr'><strong>sed</strong></span> <span class='ocrx_word' id='word_1_37' title='bbox 255 840 349 922; x_wconf 93' lang='lat' dir='ltr'><strong>siqui</strong></span> <span class='ocrx_word' id='word_1_38' title='bbox 370 840 403 900; x_wconf 93' lang='lat' dir='ltr'><strong>in</strong></span> <span class='ocrx_word' id='word_1_39' title='bbox 418 841 529 903; x_wconf 89' lang='lat' dir='ltr'><strong>eadem</strong></span> <span class='ocrx_word' id='word_1_40' title='bbox 545 839 671 902; x_wconf 85' lang='lat' dir='ltr'><strong>ciuitate</strong></span> <span class='ocrx_word' id='word_1_41' title='bbox 688 841 874 914; x_wconf 77' lang='lat' dir='ltr'><strong>residentes,</strong></span> <span class='ocrx_word' id='word_1_42' title='bbox 894 840 927 901; x_wconf 92' lang='lat' dir='ltr'><strong>in</strong></span> <span class='ocrx_word' id='word_1_43' title='bbox 947 841 1148 920; x_wconf 76' lang='lat' dir='ltr'><strong>pertinenciis</strong></span> <span class='ocrx_word' id='word_1_44' title='bbox 1164 841 1211 902; x_wconf 92' lang='lat' dir='ltr'><strong>ci-</strong></span> 
     </span>
     <span class='ocr_line' id='line_1_6' title="bbox 180 951 1210 1034; baseline 0.003 -22"><span class='ocrx_word' id='word_1_45' title='bbox 180 951 282 1014; x_wconf 89' lang='lat' dir='ltr'><strong>uitatis</strong></span> <span class='ocrx_word' id='word_1_46' title='bbox 303 952 391 1013; x_wconf 89' lang='lat' dir='ltr'><strong>sede</strong></span> <span class='ocrx_word' id='word_1_47' title='bbox 411 952 554 1013; x_wconf 91' lang='lat' dir='ltr'><strong>libertate</strong></span> <span class='ocrx_word' id='word_1_48' title='bbox 570 951 684 1014; x_wconf 90' lang='lat' dir='ltr'><strong>ciuium</strong></span> <span class='ocrx_word' id='word_1_49' title='bbox 707 960 885 1013; x_wconf 91' lang='lat' dir='ltr'><strong>nostrornm</strong></span> <span class='ocrx_word' id='word_1_50' title='bbox 907 951 1117 1033; x_wconf 88' lang='lat' dir='ltr'><strong>predictorum</strong></span> <span class='ocrx_word' id='word_1_51' title='bbox 1134 973 1210 1034; x_wconf 92' lang='lat' dir='ltr'><strong>pre-</strong></span> 
     </span>
     <span class='ocr_line' id='line_1_7' title="bbox 178 1061 1210 1125; baseline 0 0"><span class='ocrx_word' id='word_1_52' title='bbox 178 1069 264 1125; x_wconf 85' lang='lat' dir='ltr'><strong>textu</strong></span> <span class='ocrx_word' id='word_1_53' title='bbox 283 1063 410 1124; x_wconf 91' lang='lat' dir='ltr'><strong>seruicii</strong></span> <span class='ocrx_word' id='word_1_54' title='bbox 431 1062 483 1124; x_wconf 90' lang='lat' dir='ltr'><strong>uel</strong></span> <span class='ocrx_word' id='word_1_55' title='bbox 505 1063 676 1125; x_wconf 87' lang='lat' dir='ltr'><strong>occasionis</strong></span> <span class='ocrx_word' id='word_1_56' title='bbox 699 1062 824 1124; x_wconf 89' lang='lat' dir='ltr'><strong>alterius</strong></span> <span class='ocrx_word' id='word_1_57' title='bbox 847 1061 977 1123; x_wconf 89' lang='lat' dir='ltr'><strong>alicuius</strong></span> <span class='ocrx_word' id='word_1_58' title='bbox 994 1063 1132 1125; x_wconf 83' lang='lat' dir='ltr'><strong>eximere</strong></span> <span class='ocrx_word' id='word_1_59' title='bbox 1155 1063 1210 1125; x_wconf 93' lang='lat' dir='ltr'><strong>uel</strong></span> 
     </span>
     <span class='ocr_line' id='line_1_8' title="bbox 178 1173 1210 1255; baseline 0.002 -21"><span class='ocrx_word' id='word_1_60' title='bbox 178 1173 339 1239; x_wconf 89' lang='lat' dir='ltr'><strong>retrahere</strong></span> <span class='ocrx_word' id='word_1_61' title='bbox 362 1174 531 1247; x_wconf 90' lang='lat' dir='ltr'><strong>noluerint,</strong></span> <span class='ocrx_word' id='word_1_62' title='bbox 553 1173 648 1235; x_wconf 83' lang='lat' dir='ltr'><strong>index</strong></span> <span class='ocrx_word' id='word_1_63' title='bbox 670 1181 701 1236; x_wconf 90' lang='lat' dir='ltr'><strong>et</strong></span> <span class='ocrx_word' id='word_1_64' title='bbox 721 1174 812 1236; x_wconf 89' lang='lat' dir='ltr'><strong>iurati</strong></span> <span class='ocrx_word' id='word_1_65' title='bbox 835 1193 871 1235; x_wconf 88' lang='lat' dir='ltr'><strong>ac</strong></span> <span class='ocrx_word' id='word_1_66' title='bbox 893 1174 978 1235; x_wconf 90' lang='lat' dir='ltr'><strong>ciues</strong></span> <span class='ocrx_word' id='word_1_67' title='bbox 1001 1175 1085 1255; x_wconf 88' lang='lat' dir='ltr'><strong>ipsos</strong></span> <span class='ocrx_word' id='word_1_68' title='bbox 1101 1176 1210 1237; x_wconf 84' lang='lat' dir='ltr'><strong>exclu-</strong></span> 
     </span>
     <span class='ocr_line' id='line_1_9' title="bbox 180 1285 1209 1368; baseline 0.003 -21"><span class='ocrx_word' id='word_1_69' title='bbox 180 1285 274 1348; x_wconf 88' lang='lat' dir='ltr'><strong>dendi</strong></span> <span class='ocrx_word' id='word_1_70' title='bbox 296 1287 432 1349; x_wconf 79' lang='lat' dir='ltr'><strong>habeant</strong></span> <span class='ocrx_word' id='word_1_71' title='bbox 454 1286 649 1360; x_wconf 75' lang='lat' dir='ltr'><strong>facultatem,</strong></span> <span class='ocrx_word' id='word_1_72' title='bbox 670 1296 777 1368; x_wconf 90' lang='lat' dir='ltr'><strong>preter</strong></span> <span class='ocrx_word' id='word_1_73' title='bbox 792 1286 961 1349; x_wconf 89' lang='lat' dir='ltr'><strong>canonicos</strong></span> <span class='ocrx_word' id='word_1_74' title='bbox 981 1296 1011 1348; x_wconf 87' lang='lat' dir='ltr'><strong>ct</strong></span> <span class='ocrx_word' id='word_1_75' title='bbox 1025 1288 1209 1350; x_wconf 83' lang='lat' dir='ltr'><strong>sacerdotes</strong></span> 
     </span>
     <span class='ocr_line' id='line_1_10' title="bbox 179 1394 628 1481; baseline 0.004 -22"><span class='ocrx_word' id='word_1_76' title='bbox 179 1398 210 1460; x_wconf 93' lang='lat' dir='ltr'><strong>in</strong></span> <span class='ocrx_word' id='word_1_77' title='bbox 224 1398 292 1481; x_wconf 88' lang='lat' dir='ltr'><strong>ipsa</strong></span> <span class='ocrx_word' id='word_1_78' title='bbox 304 1394 432 1461; x_wconf 55' lang='lat' dir='ltr'><strong>&#39;ciuitate</strong></span> <span class='ocrx_word' id='word_1_79' title='bbox 448 1399 628 1461; x_wconf 86' lang='lat' dir='ltr'><strong>existentes.</strong></span> 
     </span>
    </p>

    <p class='ocr_par' dir='ltr' id='par_1_3' title="bbox 178 1509 1218 2374">
     <span class='ocr_line' id='line_1_11' title="bbox 262 1509 1211 1594; baseline 0.002 -22"><span class='ocrx_word' id='word_1_80' title='bbox 262 1512 344 1586; x_wconf 87' lang='lat'>(16)</span> <span class='ocrx_word' id='word_1_81' title='bbox 366 1513 443 1574; x_wconf 90' lang='lat' dir='ltr'><strong>ltem</strong></span> <span class='ocrx_word' id='word_1_82' title='bbox 458 1512 631 1594; x_wconf 86' lang='lat' dir='ltr'><strong>piscatores</strong></span> <span class='ocrx_word' id='word_1_83' title='bbox 647 1511 781 1573; x_wconf 88' lang='lat' dir='ltr'><strong>eandem</strong></span> <span class='ocrx_word' id='word_1_84' title='bbox 795 1511 931 1573; x_wconf 87' lang='lat' dir='ltr'><strong>habeant</strong></span> <span class='ocrx_word' id='word_1_85' title='bbox 944 1509 1129 1584; x_wconf 90' lang='lat' dir='ltr'><strong>libertatem,</strong></span> <span class='ocrx_word' id='word_1_86' title='bbox 1145 1531 1211 1593; x_wconf 89' lang='lat' dir='ltr'><strong>qua</strong></span> 
     </span>
     <span class='ocr_line' id='line_1_12' title="bbox 181 1622 1211 1705; baseline 0.002 -21"><span class='ocrx_word' id='word_1_87' title='bbox 181 1631 212 1686; x_wconf 88' lang='lat' dir='ltr'><strong>et</strong></span> <span class='ocrx_word' id='word_1_88' title='bbox 225 1622 368 1704; x_wconf 89' lang='lat' dir='ltr'><strong>primitus</strong></span> <span class='ocrx_word' id='word_1_89' title='bbox 391 1633 463 1685; x_wconf 88' lang='lat' dir='ltr'><strong>sunt</strong></span> <span class='ocrx_word' id='word_1_90' title='bbox 480 1623 595 1705; x_wconf 86' lang='lat' dir='ltr'><strong>ganisi,</strong></span> <span class='ocrx_word' id='word_1_91' title='bbox 616 1623 659 1684; x_wconf 90' lang='lat' dir='ltr'><strong>ita</strong></span> <span class='ocrx_word' id='word_1_92' title='bbox 680 1622 845 1696; x_wconf 89' lang='lat' dir='ltr'><strong>uidelicet,</strong></span> <span class='ocrx_word' id='word_1_93' title='bbox 867 1624 952 1705; x_wconf 90' lang='lat' dir='ltr'><strong>quod</strong></span> <span class='ocrx_word' id='word_1_94' title='bbox 968 1623 1006 1684; x_wconf 91' lang='lat' dir='ltr'><strong>de</strong></span> <span class='ocrx_word' id='word_1_95' title='bbox 1022 1623 1117 1704; x_wconf 90' lang='lat' dir='ltr'><strong>captis</strong></span> <span class='ocrx_word' id='word_1_96' title='bbox 1134 1643 1211 1686; x_wconf 91' lang='lat' dir='ltr'><strong>nso-</strong></span> 
     </span>
     <span class='ocr_line' id='line_1_13' title="bbox 179 1732 1211 1814; baseline 0.001 -20"><span class='ocrx_word' id='word_1_97' title='bbox 179 1734 271 1795; x_wconf 93' lang='lat' dir='ltr'><strong>nibus</strong></span> <span class='ocrx_word' id='word_1_98' title='bbox 287 1742 317 1795; x_wconf 90' lang='lat' dir='ltr'><strong>et</strong></span> <span class='ocrx_word' id='word_1_99' title='bbox 333 1733 467 1813; x_wconf 92' lang='lat' dir='ltr'><strong>piscibus</strong></span> <span class='ocrx_word' id='word_1_100' title='bbox 487 1735 544 1795; x_wconf 92' lang='lat' dir='ltr'><strong>suh</strong></span> <span class='ocrx_word' id='word_1_101' title='bbox 560 1733 656 1814; x_wconf 87' lang='lat' dir='ltr'><strong>glacie</strong></span> <span class='ocrx_word' id='word_1_102' title='bbox 673 1732 919 1814; x_wconf 84' lang='lat' dir='ltr'><strong>comprehensis,</strong></span> <span class='ocrx_word' id='word_1_103' title='bbox 942 1742 972 1795; x_wconf 90' lang='lat' dir='ltr'><strong>et</strong></span> <span class='ocrx_word' id='word_1_104' title='bbox 987 1732 1053 1795; x_wconf 88' lang='lat' dir='ltr'><strong>aliis</strong></span> <span class='ocrx_word' id='word_1_105' title='bbox 1071 1734 1211 1814; x_wconf 88' lang='lat' dir='ltr'><strong>piscibus</strong></span> 
     </span>
     <span class='ocr_line' id='line_1_14' title="bbox 180 1840 1214 1926; baseline 0.001 -21"><span class='ocrx_word' id='word_1_106' title='bbox 180 1843 278 1924; x_wconf 89' lang='lat' dir='ltr'><strong>captis</strong></span> <span class='ocrx_word' id='word_1_107' title='bbox 292 1844 325 1904; x_wconf 93' lang='lat' dir='ltr'><strong>in</strong></span> <span class='ocrx_word' id='word_1_108' title='bbox 340 1844 396 1905; x_wconf 93' lang='lat' dir='ltr'><strong>reti</strong></span> <span class='ocrx_word' id='word_1_109' title='bbox 413 1844 498 1926; x_wconf 87' lang='lat' dir='ltr'><strong>quod</strong></span> <span class='ocrx_word' id='word_1_110' title='bbox 515 1840 711 1923; x_wconf 87' lang='lat' dir='ltr'><strong>protenditur</strong></span> <span class='ocrx_word' id='word_1_111' title='bbox 725 1842 756 1904; x_wconf 92' lang='lat' dir='ltr'><strong>in</strong></span> <span class='ocrx_word' id='word_1_112' title='bbox 773 1844 979 1924; x_wconf 83' lang='lat' dir='ltr'><strong>protundum,</strong></span> <span class='ocrx_word' id='word_1_113' title='bbox 995 1845 1122 1908; x_wconf 86' lang='lat' dir='ltr'><strong>terciam</strong></span> <span class='ocrx_word' id='word_1_114' title='bbox 1136 1865 1214 1925; x_wconf 90' lang='lat' dir='ltr'><strong>par·</strong></span> 
     </span>
     <span class='ocr_line' id='line_1_15' title="bbox 180 1954 1215 2036; baseline 0 -19"><span class='ocrx_word' id='word_1_115' title='bbox 180 1962 242 2017; x_wconf 85' lang='lat' dir='ltr'><strong>tem</strong></span> <span class='ocrx_word' id='word_1_116' title='bbox 258 1954 361 2015; x_wconf 88' lang='lat' dir='ltr'><strong>comiti</strong></span> <span class='ocrx_word' id='word_1_117' title='bbox 374 1955 558 2016; x_wconf 85' lang='lat' dir='ltr'><strong>Posoniensi</strong></span> <span class='ocrx_word' id='word_1_118' title='bbox 572 1954 756 2035; x_wconf 89' lang='lat' dir='ltr'><strong>persoluant</strong></span> <span class='ocrx_word' id='word_1_119' title='bbox 771 1955 943 2036; x_wconf 87' lang='lat' dir='ltr'><strong>piscatores</strong></span> <span class='ocrx_word' id='word_1_120' title='bbox 959 1957 988 2017; x_wconf 94' lang='lat' dir='ltr'><strong>in</strong></span> <span class='ocrx_word' id='word_1_121' title='bbox 1005 1958 1115 2018; x_wconf 90' lang='lat' dir='ltr'><strong>eadem</strong></span> <span class='ocrx_word' id='word_1_122' title='bbox 1132 1957 1215 2018; x_wconf 91' lang='lat' dir='ltr'><strong>ciui-</strong></span> 
     </span>
     <span class='ocr_line' id='line_1_16' title="bbox 178 2064 1217 2150; baseline 0.001 -22"><span class='ocrx_word' id='word_1_123' title='bbox 178 2073 241 2129; x_wconf 89' lang='lat' dir='ltr'><strong>tate</strong></span> <span class='ocrx_word' id='word_1_124' title='bbox 257 2064 428 2129; x_wconf 89' lang='lat' dir='ltr'><strong>eonstituti.</strong></span> <span class='ocrx_word' id='word_1_125' title='bbox 449 2065 651 2128; x_wconf 85' lang='lat' dir='ltr'><strong>nihilominus</strong></span> <span class='ocrx_word' id='word_1_126' title='bbox 666 2066 761 2129; x_wconf 91' lang='lat' dir='ltr'><strong>iidem</strong></span> <span class='ocrx_word' id='word_1_127' title='bbox 778 2066 949 2146; x_wconf 90' lang='lat' dir='ltr'><strong>piscatores</strong></span> <span class='ocrx_word' id='word_1_128' title='bbox 965 2066 1079 2150; x_wconf 84' lang='lat' dir='ltr'><strong>singuli</strong></span> <span class='ocrx_word' id='word_1_129' title='bbox 1095 2077 1128 2129; x_wconf 87' lang='lat' dir='ltr'><strong>et</strong></span> <span class='ocrx_word' id='word_1_130' title='bbox 1141 2069 1217 2130; x_wconf 93' lang='lat' dir='ltr'><strong>nni-</strong></span> 
     </span>
     <span class='ocr_line' id='line_1_17' title="bbox 180 2178 1218 2246; baseline 0.004 -5"><span class='ocrx_word' id='word_1_131' title='bbox 180 2178 264 2241; x_wconf 90' lang='lat' dir='ltr'><strong>nersi</strong></span> <span class='ocrx_word' id='word_1_132' title='bbox 286 2198 357 2241; x_wconf 91' lang='lat' dir='ltr'><strong>cum</strong></span> <span class='ocrx_word' id='word_1_133' title='bbox 380 2178 499 2241; x_wconf 90' lang='lat' dir='ltr'><strong>ciuibus</strong></span> <span class='ocrx_word' id='word_1_134' title='bbox 521 2178 766 2240; x_wconf 85' lang='lat' dir='ltr'><strong>Posoniensibns</strong></span> <span class='ocrx_word' id='word_1_135' title='bbox 792 2179 824 2240; x_wconf 93' lang='lat' dir='ltr'><strong>in</strong></span> <span class='ocrx_word' id='word_1_136' title='bbox 849 2178 916 2242; x_wconf 90' lang='lat' dir='ltr'><strong>aliis</strong></span> <span class='ocrx_word' id='word_1_137' title='bbox 939 2180 1156 2242; x_wconf 90' lang='lat' dir='ltr'><strong>exactionibus</strong></span> <span class='ocrx_word' id='word_1_138' title='bbox 1180 2188 1218 2246; x_wconf 85' lang='lat' dir='ltr'><strong>et</strong></span> 
     </span>
     <span class='ocr_line' id='line_1_18' title="bbox 178 2290 649 2374; baseline -0.006 -20"><span class='ocrx_word' id='word_1_139' title='bbox 178 2290 373 2355; x_wconf 87' lang='lat' dir='ltr'><strong>libertatibus</strong></span> <span class='ocrx_word' id='word_1_140' title='bbox 396 2290 649 2374; x_wconf 86' lang='lat' dir='ltr'><strong>congaudebunt.</strong></span> 
     </span>
    </p>
   </div>
   <div class='ocr_carea' id='block_1_3' title="bbox 179 2400 1219 2597">
    <p class='ocr_par' dir='ltr' id='par_1_4' title="bbox 179 2400 1219 2597">
     <span class='ocr_line' id='line_1_19' title="bbox 264 2400 1218 2487; baseline 0.007 -25"><span class='ocrx_word' id='word_1_141' title='bbox 264 2404 344 2477; x_wconf 90' lang='grc'>(17)</span> <span class='ocrx_word' id='word_1_142' title='bbox 367 2400 442 2465; x_wconf 88' lang='lat' dir='ltr'><strong>item</strong></span> <span class='ocrx_word' id='word_1_143' title='bbox 459 2422 516 2464; x_wconf 90' lang='lat' dir='ltr'><strong>nec</strong></span> <span class='ocrx_word' id='word_1_144' title='bbox 533 2422 589 2482; x_wconf 89' lang='lat' dir='ltr'><strong>per</strong></span> <span class='ocrx_word' id='word_1_145' title='bbox 600 2421 667 2475; x_wconf 92' lang='lat' dir='ltr'><strong>nos,</strong></span> <span class='ocrx_word' id='word_1_146' title='bbox 681 2423 740 2466; x_wconf 89' lang='lat' dir='ltr'><strong>nec</strong></span> <span class='ocrx_word' id='word_1_147' title='bbox 755 2424 812 2485; x_wconf 90' lang='lat' dir='ltr'><strong>per</strong></span> <span class='ocrx_word' id='word_1_148' title='bbox 822 2404 957 2465; x_wconf 85' lang='lat' dir='ltr'><strong>barones</strong></span> <span class='ocrx_word' id='word_1_149' title='bbox 972 2411 1095 2465; x_wconf 91' lang='lat' dir='ltr'><strong>nostros</strong></span> <span class='ocrx_word' id='word_1_150' title='bbox 1111 2424 1218 2487; x_wconf 89' lang='lat' dir='ltr'><strong>super</strong></span> 
     </span>
     <span class='ocr_line' id='line_1_20' title="bbox 179 2512 1219 2597; baseline 0.004 -21"><span class='ocrx_word' id='word_1_151' title='bbox 179 2512 264 2596; x_wconf 90' lang='lat' dir='ltr'><strong>ipsos</strong></span> <span class='ocrx_word' id='word_1_152' title='bbox 280 2515 419 2595; x_wconf 90' lang='lat' dir='ltr'><strong>hospites</strong></span> <span class='ocrx_word' id='word_1_153' title='bbox 442 2524 564 2577; x_wconf 89' lang='lat' dir='ltr'><strong>nostros</strong></span> <span class='ocrx_word' id='word_1_154' title='bbox 580 2515 619 2577; x_wconf 89' lang='lat' dir='ltr'><strong>de</strong></span> <span class='ocrx_word' id='word_1_155' title='bbox 634 2515 781 2588; x_wconf 88' lang='lat' dir='ltr'><strong>Posonio,</strong></span> <span class='ocrx_word' id='word_1_156' title='bbox 803 2536 861 2578; x_wconf 93' lang='lat' dir='ltr'><strong>nec</strong></span> <span class='ocrx_word' id='word_1_157' title='bbox 876 2536 972 2596; x_wconf 89' lang='lat' dir='ltr'><strong>super</strong></span> <span class='ocrx_word' id='word_1_158' title='bbox 987 2517 1027 2577; x_wconf 91' lang='lat' dir='ltr'><strong>ad</strong></span> <span class='ocrx_word' id='word_1_159' title='bbox 1042 2536 1096 2577; x_wconf 92' lang='lat' dir='ltr'><strong>eos</strong></span> <span class='ocrx_word' id='word_1_160' title='bbox 1114 2518 1219 2597; x_wconf 92' lang='lat' dir='ltr'><strong>perti·</strong></span> 
     </span>
    </p>
   </div>
   <div class='ocr_carea' id='block_1_4' title="bbox 174 2627 1221 4162">
    <p class='ocr_par' dir='ltr' id='par_1_5' title="bbox 180 2627 936 2690">
     <span class='ocr_line' id='line_1_21' title="bbox 180 2627 936 2690; baseline 0 -2"><span class='ocrx_word' id='word_1_161' title='bbox 180 2638 290 2690; x_wconf 89' lang='lat' dir='ltr'><strong>nentes</strong></span> <span class='ocrx_word' id='word_1_162' title='bbox 306 2628 491 2689; x_wconf 80' lang='lat' dir='ltr'><strong>descensum</strong></span> <span class='ocrx_word' id='word_1_163' title='bbox 513 2627 657 2690; x_wconf 90' lang='lat' dir='ltr'><strong>uolumus</strong></span> <span class='ocrx_word' id='word_1_164' title='bbox 672 2628 738 2690; x_wconf 90' lang='lat' dir='ltr'><strong>lieri</strong></span> <span class='ocrx_word' id='word_1_165' title='bbox 754 2628 936 2690; x_wconf 90' lang='lat' dir='ltr'><strong>uiolentum.</strong></span> 
     </span>
    </p>

    <p class='ocr_par' dir='ltr' id='par_1_6' title="bbox 180 2737 1221 3021">
     <span class='ocr_line' id='line_1_22' title="bbox 263 2737 1220 2820; baseline 0.008 -22"><span class='ocrx_word' id='word_1_166' title='bbox 263 2737 342 2812; x_wconf 83' lang='lat'>(18)</span> <span class='ocrx_word' id='word_1_167' title='bbox 364 2739 440 2799; x_wconf 92' lang='lat' dir='ltr'><strong>ltem</strong></span> <span class='ocrx_word' id='word_1_168' title='bbox 463 2738 608 2800; x_wconf 86' lang='lat' dir='ltr'><strong>uolumus</strong></span> <span class='ocrx_word' id='word_1_169' title='bbox 625 2740 710 2820; x_wconf 90' lang='lat' dir='ltr'><strong>quod</strong></span> <span class='ocrx_word' id='word_1_170' title='bbox 725 2739 818 2801; x_wconf 91' lang='lat' dir='ltr'><strong>iidem</strong></span> <span class='ocrx_word' id='word_1_171' title='bbox 841 2739 980 2819; x_wconf 90' lang='lat' dir='ltr'><strong>hospites</strong></span> <span class='ocrx_word' id='word_1_172' title='bbox 1002 2740 1099 2802; x_wconf 83' lang='lat' dir='ltr'><strong>nostri</strong></span> <span class='ocrx_word' id='word_1_173' title='bbox 1123 2748 1155 2803; x_wconf 91' lang='lat' dir='ltr'><strong>et</strong></span> <span class='ocrx_word' id='word_1_174' title='bbox 1174 2744 1220 2806; x_wconf 91' lang='lat' dir='ltr'><strong>ad</strong></span> 
     </span>
     <span class='ocr_line' id='line_1_23' title="bbox 180 2849 1221 2930; baseline 0.005 -20"><span class='ocrx_word' id='word_1_175' title='bbox 180 2868 235 2910; x_wconf 89' lang='lat' dir='ltr'><strong>eos</strong></span> <span class='ocrx_word' id='word_1_176' title='bbox 260 2849 454 2929; x_wconf 90' lang='lat' dir='ltr'><strong>pertinentes</strong></span> <span class='ocrx_word' id='word_1_177' title='bbox 479 2849 595 2911; x_wconf 90' lang='lat' dir='ltr'><strong>iudicio</strong></span> <span class='ocrx_word' id='word_1_178' title='bbox 619 2849 806 2930; x_wconf 90' lang='lat' dir='ltr'><strong>palatinatns</strong></span> <span class='ocrx_word' id='word_1_179' title='bbox 831 2849 862 2911; x_wconf 94' lang='lat' dir='ltr'><strong>in</strong></span> <span class='ocrx_word' id='word_1_180' title='bbox 889 2850 972 2911; x_wconf 94' lang='lat' dir='ltr'><strong>nullo</strong></span> <span class='ocrx_word' id='word_1_181' title='bbox 997 2859 1097 2911; x_wconf 87' lang='lat' dir='ltr'><strong>astare</strong></span> <span class='ocrx_word' id='word_1_182' title='bbox 1123 2860 1221 2916; x_wconf 90' lang='lat' dir='ltr'><strong>tene-</strong></span> 
     </span>
     <span class='ocr_line' id='line_1_24' title="bbox 181 2968 282 3021; baseline 0 0"><span class='ocrx_word' id='word_1_183' title='bbox 181 2968 282 3021; x_wconf 89' lang='lat' dir='ltr'><strong>antur.</strong></span> 
     </span>
    </p>

    <p class='ocr_par' dir='ltr' id='par_1_7' title="bbox 174 3072 1221 3487">
     <span class='ocr_line' id='line_1_25' title="bbox 263 3072 1220 3157; baseline 0.007 -25"><span class='ocrx_word' id='word_1_184' title='bbox 263 3074 344 3146; x_wconf 84' lang='grc'>(19)</span> <span class='ocrx_word' id='word_1_185' title='bbox 367 3072 443 3133; x_wconf 90' lang='lat' dir='ltr'><strong>ltem</strong></span> <span class='ocrx_word' id='word_1_186' title='bbox 459 3072 671 3134; x_wconf 87' lang='lat' dir='ltr'><strong>concessimus</strong></span> <span class='ocrx_word' id='word_1_187' title='bbox 688 3075 772 3156; x_wconf 88' lang='lat' dir='ltr'><strong>quod</strong></span> <span class='ocrx_word' id='word_1_188' title='bbox 794 3094 902 3136; x_wconf 87' lang='lat' dir='ltr'><strong>omnes</strong></span> <span class='ocrx_word' id='word_1_189' title='bbox 926 3083 1117 3138; x_wconf 86' lang='lat' dir='ltr'><strong>mercatores</strong></span> <span class='ocrx_word' id='word_1_190' title='bbox 1135 3097 1220 3157; x_wconf 90' lang='lat' dir='ltr'><strong>pan-</strong></span> 
     </span>
     <span class='ocr_line' id='line_1_26' title="bbox 181 3183 1220 3266; baseline 0.005 -21"><span class='ocrx_word' id='word_1_191' title='bbox 181 3204 308 3257; x_wconf 88' lang='lat' dir='ltr'><strong>norum,</strong></span> <span class='ocrx_word' id='word_1_192' title='bbox 330 3184 442 3257; x_wconf 88' lang='lat' dir='ltr'><strong>boum,</strong></span> <span class='ocrx_word' id='word_1_193' title='bbox 463 3183 613 3265; x_wconf 86' lang='lat' dir='ltr'><strong>piscium,</strong></span> <span class='ocrx_word' id='word_1_194' title='bbox 636 3186 675 3246; x_wconf 89' lang='lat' dir='ltr'><strong>de</strong></span> <span class='ocrx_word' id='word_1_195' title='bbox 691 3185 930 3266; x_wconf 84' lang='lat' dir='ltr'><strong>quibuscunque</strong></span> <span class='ocrx_word' id='word_1_196' title='bbox 945 3185 1048 3265; x_wconf 84' lang='lat' dir='ltr'><strong>regnis</strong></span> <span class='ocrx_word' id='word_1_197' title='bbox 1065 3184 1117 3247; x_wconf 90' lang='lat' dir='ltr'><strong>uel</strong></span> <span class='ocrx_word' id='word_1_198' title='bbox 1134 3186 1220 3250; x_wconf 87' lang='lat' dir='ltr'><strong>locis</strong></span> 
     </span>
     <span class='ocr_line' id='line_1_27' title="bbox 180 3294 1221 3376; baseline 0.004 -19"><span class='ocrx_word' id='word_1_199' title='bbox 180 3296 334 3376; x_wconf 83' lang='lat' dir='ltr'><strong>adipsum</strong></span> <span class='ocrx_word' id='word_1_200' title='bbox 353 3294 509 3358; x_wconf 85' lang='lat' dir='ltr'><strong>ciuitatem</strong></span> <span class='ocrx_word' id='word_1_201' title='bbox 526 3294 700 3369; x_wconf 67' lang='lat' dir='ltr'><strong>uenientes</strong></span> <span class='ocrx_word' id='word_1_202' title='bbox 721 3295 913 3357; x_wconf 89' lang='lat' dir='ltr'><strong>descendant</strong></span> <span class='ocrx_word' id='word_1_203' title='bbox 928 3295 958 3355; x_wconf 92' lang='lat' dir='ltr'><strong>in</strong></span> <span class='ocrx_word' id='word_1_204' title='bbox 975 3296 1105 3368; x_wconf 91' lang='lat' dir='ltr'><strong>eadem,</strong></span> <span class='ocrx_word' id='word_1_205' title='bbox 1128 3318 1221 3361; x_wconf 89' lang='lat' dir='ltr'><strong>mer·</strong></span> 
     </span>
     <span class='ocr_line' id='line_1_28' title="bbox 174 3405 1082 3487; baseline 0.001 -21"><span class='ocrx_word' id='word_1_206' title='bbox 174 3406 313 3467; x_wconf 85' lang='lat' dir='ltr'><strong>cimonia</strong></span> <span class='ocrx_word' id='word_1_207' title='bbox 334 3427 390 3468; x_wconf 89' lang='lat' dir='ltr'><strong>sna</strong></span> <span class='ocrx_word' id='word_1_208' title='bbox 406 3405 502 3468; x_wconf 91' lang='lat' dir='ltr'><strong>libere</strong></span> <span class='ocrx_word' id='word_1_209' title='bbox 518 3414 550 3467; x_wconf 89' lang='lat' dir='ltr'><strong>et</strong></span> <span class='ocrx_word' id='word_1_210' title='bbox 564 3426 676 3467; x_wconf 88' lang='lat' dir='ltr'><strong>secure</strong></span> <span class='ocrx_word' id='word_1_211' title='bbox 692 3406 868 3466; x_wconf 91' lang='lat' dir='ltr'><strong>uendicioni</strong></span> <span class='ocrx_word' id='word_1_212' title='bbox 885 3406 1082 3487; x_wconf 83' lang='lat' dir='ltr'><strong>exponendo.</strong></span> 
     </span>
    </p>

    <p class='ocr_par' dir='ltr' id='par_1_8' title="bbox 179 3516 1220 4162">
     <span class='ocr_line' id='line_1_29' title="bbox 261 3516 1219 3598; baseline 0.005 -20"><span class='ocrx_word' id='word_1_213' title='bbox 261 3519 300 3579; x_wconf 86' lang='lat' dir='ltr'><strong>Et</strong></span> <span class='ocrx_word' id='word_1_214' title='bbox 314 3517 372 3580; x_wconf 88' lang='lat' dir='ltr'><strong>hec</strong></span> <span class='ocrx_word' id='word_1_215' title='bbox 382 3516 485 3578; x_wconf 91' lang='lat' dir='ltr'><strong>omnia</strong></span> <span class='ocrx_word' id='word_1_216' title='bbox 498 3527 626 3598; x_wconf 89' lang='lat' dir='ltr'><strong>propter</strong></span> <span class='ocrx_word' id='word_1_217' title='bbox 638 3524 836 3596; x_wconf 89' lang='lat' dir='ltr'><strong>augmentum</strong></span> <span class='ocrx_word' id='word_1_218' title='bbox 852 3516 1012 3597; x_wconf 87' lang='lat' dir='ltr'><strong>hospitum</strong></span> <span class='ocrx_word' id='word_1_219' title='bbox 1029 3526 1219 3584; x_wconf 87' lang='lat' dir='ltr'><strong>nostrorum</strong></span> 
     </span>
     <span class='ocr_line' id='line_1_30' title="bbox 180 3627 1219 3711; baseline 0.007 -22"><span class='ocrx_word' id='word_1_220' title='bbox 180 3629 400 3710; x_wconf 89' lang='lat' dir='ltr'><strong>predictorum,</strong></span> <span class='ocrx_word' id='word_1_221' title='bbox 413 3638 443 3691; x_wconf 95' lang='lat' dir='ltr'><strong>et</strong></span> <span class='ocrx_word' id='word_1_222' title='bbox 453 3627 661 3689; x_wconf 88' lang='lat' dir='ltr'><strong>municionem</strong></span> <span class='ocrx_word' id='word_1_223' title='bbox 676 3627 771 3709; x_wconf 89' lang='lat' dir='ltr'><strong>ipsius</strong></span> <span class='ocrx_word' id='word_1_224' title='bbox 784 3628 916 3692; x_wconf 86' lang='lat' dir='ltr'><strong>ciuitatis</strong></span> <span class='ocrx_word' id='word_1_225' title='bbox 929 3639 1044 3701; x_wconf 90' lang='lat' dir='ltr'><strong>nostre,</strong></span> <span class='ocrx_word' id='word_1_226' title='bbox 1055 3629 1094 3691; x_wconf 88' lang='lat' dir='ltr'><strong>de</strong></span> <span class='ocrx_word' id='word_1_227' title='bbox 1104 3634 1219 3711; x_wconf 78' lang='lat' dir='ltr'><strong>gracia</strong></span> 
     </span>
     <span class='ocr_line' id='line_1_31' title="bbox 180 3739 1220 3822; baseline 0.006 -20"><span class='ocrx_word' id='word_1_228' title='bbox 180 3741 392 3802; x_wconf 84' lang='lat' dir='ltr'><strong>concessimus</strong></span> <span class='ocrx_word' id='word_1_229' title='bbox 414 3739 551 3822; x_wconf 84' lang='lat' dir='ltr'><strong>speciali.</strong></span> <span class='ocrx_word' id='word_1_230' title='bbox 579 3741 610 3801; x_wconf 92' lang='lat' dir='ltr'><strong>in</strong></span> <span class='ocrx_word' id='word_1_231' title='bbox 626 3740 713 3802; x_wconf 87' lang='lat' dir='ltr'><strong>euius</strong></span> <span class='ocrx_word' id='word_1_232' title='bbox 736 3741 778 3801; x_wconf 89' lang='lat' dir='ltr'><strong>rei</strong></span> <span class='ocrx_word' id='word_1_233' title='bbox 803 3741 984 3802; x_wconf 89' lang='lat' dir='ltr'><strong>memoriam</strong></span> <span class='ocrx_word' id='word_1_234' title='bbox 1007 3752 1220 3821; x_wconf 88' lang='lat' dir='ltr'><strong>perpetuam·</strong></span> 
     </span>
     <span class='ocr_line' id='line_1_32' title="bbox 180 3851 1219 3938; baseline 0.012 -27"><span class='ocrx_word' id='word_1_235' title='bbox 180 3871 242 3932; x_wconf 90' lang='lat' dir='ltr'><strong>que</strong></span> <span class='ocrx_word' id='word_1_236' title='bbox 254 3851 429 3913; x_wconf 86' lang='lat' dir='ltr'><strong>firmitatem</strong></span> <span class='ocrx_word' id='word_1_237' title='bbox 440 3862 604 3933; x_wconf 89' lang='lat' dir='ltr'><strong>presentes</strong></span> <span class='ocrx_word' id='word_1_238' title='bbox 616 3854 827 3916; x_wconf 88' lang='lat' dir='ltr'><strong>concessimus</strong></span> <span class='ocrx_word' id='word_1_239' title='bbox 839 3854 953 3927; x_wconf 89' lang='lat' dir='ltr'><strong>literas,</strong></span> <span class='ocrx_word' id='word_1_240' title='bbox 969 3854 1102 3936; x_wconf 87' lang='lat' dir='ltr'><strong>duplicis</strong></span> <span class='ocrx_word' id='word_1_241' title='bbox 1117 3857 1219 3938; x_wconf 83' lang='lat' dir='ltr'><strong>sigilli</strong></span> 
     </span>
     <span class='ocr_line' id='line_1_33' title="bbox 179 3962 1219 4047; baseline 0.008 -22"><span class='ocrx_word' id='word_1_242' title='bbox 179 3962 276 4025; x_wconf 93' lang='lat' dir='ltr'><strong>nostri</strong></span> <span class='ocrx_word' id='word_1_243' title='bbox 296 3963 466 4027; x_wconf 91' lang='lat' dir='ltr'><strong>munimine</strong></span> <span class='ocrx_word' id='word_1_244' title='bbox 487 3967 659 4028; x_wconf 86' lang='lat' dir='ltr'><strong>roboratas.</strong></span> <span class='ocrx_word' id='word_1_245' title='bbox 688 3967 793 4028; x_wconf 88' lang='lat' dir='ltr'><strong>datum</strong></span> <span class='ocrx_word' id='word_1_246' title='bbox 809 3987 866 4047; x_wconf 90' lang='lat' dir='ltr'><strong>per</strong></span> <span class='ocrx_word' id='word_1_247' title='bbox 880 3987 990 4028; x_wconf 91' lang='lat' dir='ltr'><strong>manos</strong></span> <span class='ocrx_word' id='word_1_248' title='bbox 1006 3967 1132 4029; x_wconf 87' lang='lat' dir='ltr'><strong>discreti</strong></span> <span class='ocrx_word' id='word_1_249' title='bbox 1152 3971 1219 4035; x_wconf 89' lang='lat' dir='ltr'><strong>uiri</strong></span> 
     </span>
     <span class='ocr_line' id='line_1_34' title="bbox 179 4075 1217 4162; baseline 0.009 -21"><span class='ocrx_word' id='word_1_250' title='bbox 179 4075 319 4160; x_wconf 86' lang='lat' dir='ltr'><strong>magistri</strong></span> <span class='ocrx_word' id='word_1_251' title='bbox 334 4077 493 4142; x_wconf 90' lang='lat' dir='ltr'><strong>Theodori</strong></span> <span class='ocrx_word' id='word_1_252' title='bbox 515 4078 667 4162; x_wconf 89' lang='lat' dir='ltr'><strong>prepositi</strong></span> <span class='ocrx_word' id='word_1_253' title='bbox 688 4078 820 4143; x_wconf 88' lang='lat' dir='ltr'><strong>ecclesie</strong></span> <span class='ocrx_word' id='word_1_254' title='bbox 834 4078 989 4154; x_wconf 78' lang='lat' dir='ltr'><strong>hibensis,</strong></span> <span class='ocrx_word' id='word_1_255' title='bbox 1010 4078 1081 4142; x_wconf 91' lang='lat' dir='ltr'><strong>aule</strong></span> <span class='ocrx_word' id='word_1_256' title='bbox 1098 4091 1217 4150; x_wconf 87' lang='lat' dir='ltr'><strong>nostre</strong></span> 
     </span>
    </p>
   </div>
   <div class='ocr_carea' id='block_1_5' title="bbox 0 0 1407 4764">
    <p class='ocr_par' dir='ltr' id='par_1_9' title="bbox 0 0 1407 4764">
     <span class='ocr_line' id='line_1_35' title="bbox 0 0 1407 4764; baseline 0 0"><span class='ocrx_word' id='word_1_257' title='bbox 0 0 1407 4764; x_wconf 95' lang='lat' dir='ltr'><strong> </strong></span> 
     </span>
    </p>
   </div>
  </div>
 </body>
</html>
