2798 4764
504 348 688 399 uocemue
712 349 754 394 mr
774 349 887 395 ruso.
1145 329 1207 393 715

183 505 286 567 Poura
294 505 382 576 daret
392 502 516 584 pretato
525 502 726 574 sotoriunnm
736 519 873 564 mercam
885 509 917 564 et
927 500 1097 574 dimidiam,
1107 500 1206 564 idem-

182 636 244 698 que
259 615 353 678 indici
366 614 562 678 satisfaceret
575 632 611 675 nc
625 613 788 694 pristaldo.

263 725 350 808 (nsi)
370 727 496 807 Neuecy
507 727 547 788 de
558 726 633 787 uilla
644 726 719 787 Sum
734 723 1093 806 impeciitconusslauum
1104 743 1206 797 soum,

181 839 301 902 scilicet
316 836 446 900 Uolotcu
466 838 505 899 de
526 836 622 898 lor-to.
652 837 808 899 iudicibus
822 836 936 898 llocud
956 843 987 898 et
1000 836 1140 899 lohanca
1161 837 1208 898 bi·

181 951 256 1024 loto,
276 949 427 1031 pristaldo
443 949 590 1030 llorogus
605 947 669 1010 lilio
684 949 778 1011 Sodo.
800 950 926 1030 Neneoy
940 949 1047 1030 itaque
1062 955 1093 1010 et
1103 947 1208 1009 lloro·

182 1080 242 1143 gos
259 1061 387 1129 luerunt
408 1060 553 1122 Uaradini
574 1080 631 1140 per
651 1068 747 1121 totam
767 1060 973 1140 septimanam
995 1058 1120 1120 exaudi.
1137 1059 1208 1124 ,Uo-

181 1170 267 1234 lutou
281 1190 359 1233 uero
374 1170 462 1233 uenit
475 1171 506 1232 in
522 1170 573 1231 die
588 1170 715 1233 ueneris
730 1171 884 1233 incudem
898 1170 1083 1251 septimana,
1098 1168 1207 1232 dicens

185 1283 270 1365 quod
284 1283 315 1344 in
331 1281 475 1364 sequenti
488 1283 662 1362 septimana
677 1290 761 1343 esset
775 1281 927 1343 terminus
941 1281 1052 1360 ipsios.

267 1392 356 1469 (298)
379 1391 490 1455 llelinn
513 1392 552 1453 ce
567 1390 641 1452 uilla
655 1391 822 1453 lleseueurl
841 1391 979 1472 impeciit
993 1392 1129 1465 nudam,
1150 1393 1208 1453 Pe-

183 1511 283 1577 trum,
305 1502 446 1575 llerrdec,
467 1503 637 1574 ltorozlou,
659 1483 795 1567 Poucam
811 1511 843 1566 et
855 1503 986 1565 Bustam
1005 1504 1045 1565 de
1059 1503 1133 1566 uilla
1148 1503 1210 1565 llo·

184 1613 253 1676 sian
267 1613 377 1695 predio
393 1614 544 1687 Simonis,
567 1613 640 1677 item
656 1615 789 1676 Pousum
809 1614 848 1675 cle
863 1612 938 1674 uilla
955 1615 1077 1675 Numen
1096 1614 1209 1696 predio

183 1725 294 1798 Selius,
315 1726 355 1789 de
376 1728 509 1807 pecunie
531 1725 685 1788 uiolenter
707 1727 826 1799 ablata,
847 1725 1004 1787 iudicibus
1017 1725 1140 1808 lleyma
1155 1746 1209 1789 co-

182 1838 256 1900 mite
275 1857 294 1899 a
307 1858 381 1920 rege
397 1840 470 1901 dato
491 1845 523 1900 et
538 1836 727 1910 Alexandro,
748 1835 907 1917 pristaldis
921 1836 1022 1899 Minos
1036 1845 1069 1900 et
1081 1839 1209 1900 Dazlou.

181 1947 327 2011 Uaradiui
349 1956 454 2011 eutem
476 1948 545 2011 talis
565 1948 648 2009 inter
670 1967 725 2010 eos
747 1947 831 2009 sacta
850 1955 899 2010 est
918 1949 1102 2021 conuancio,
1122 1950 1208 2029 quod

180 2057 314 2123 Keliauo
338 2058 450 2120 clarent
470 2057 643 2121 ocluersnrii
668 2059 716 2119 sui
739 2058 878 2140 quinque
900 2078 1040 2131 marcas,
1061 2067 1093 2121 et
1114 2060 1208 2122 iudici

181 2168 266 2233 idem
286 2168 517 2241 satisfacerent,
540 2168 690 2250 pristaldo
714 2178 818 2232 autem
842 2169 933 2232 lleim
957 2169 1079 2233 comitis
1098 2170 1209 2232 Kelian

182 2285 354 2343 teneretur.

266 2388 352 2470 (299)
374 2391 396 2452 F
399 2410 491 2454 orcos
504 2392 651 2474 iouhagio
666 2393 832 2455 Laurencii
852 2393 892 2456 ‹le
913 2392 987 2455 uilla
1007 2393 1090 2474 Cups
1111 2392 1211 2475 impe-

185 2501 240 2564 ciit
258 2501 469 2566 conuillauum
500 2523 591 2566 suum
612 2505 747 2566 Pousam
768 2504 946 2568 libertinum
967 2505 1108 2567 eiusdem
1130 2505 1211 2566 lau-

184 2613 295 2686 rencii,
316 2614 357 2677 de
370 2615 584 2677 combustione
599 2615 710 2677 domus
725 2623 758 2678 et
774 2615 890 2676 damno
910 2614 1003 2675 trium
1022 2633 1213 2689 marcarum,

186 2721 291 2786 iiidice
311 2724 430 2804 prelato
449 2725 635 2800 Lauronem,
664 2725 815 2806 pristaldo
834 2725 987 2807 Gregorio
1010 2726 1049 2788 de
1072 2725 1214 2808 predicta

186 2832 271 2896 uilla.
292 2835 395 2897 l'ousa
408 2845 532 2916 portato
546 2835 630 2899 ferro
643 2836 827 2900 iustificatos
841 2847 898 2900 est.

240 3003 241 3007 ,
270 2944 360 3027 (300)
382 2947 564 3012 Castrenses
579 2950 619 3013 de
631 2947 767 3012 Cerasna
783 2950 822 3012 de
838 2949 912 3013 uilla
923 2951 1003 3024 Bau,
1024 2951 1214 3013 scilicetlla·

189 3078 291 3140 mang,
312 3061 399 3133 llulr,
421 3062 536 3123 Nosala
552 3069 583 3123 et
598 3080 707 3124 omnes
722 3060 773 3125 alii
789 3062 828 3123 de
844 3062 956 3123 cadem
970 3061 1061 3134 uilla,
1084 3062 1213 3124 condiu-

185 3177 279 3231 unnte
302 3189 357 3231 eos
372 3172 494 3251 'lumps
515 3172 715 3243 centurione,
745 3180 779 3231 ut
799 3169 968 3250 pristaldos
989 3172 1136 3243 astrinxit,
1156 3171 1215 3230 im·

186 3278 351 3357 pecierunt
371 3282 544 3359 quendam,
572 3280 694 3342 scilicet
714 3281 805 3341 lecur
829 3279 928 3341 lilium
950 3281 1074 3352 liedes,
1104 3278 1157 3340 Sol
1183 3287 1216 3342 et

189 3389 321 3450 noucun
340 3389 421 3450 lilios
435 3389 560 3461 Socim,
580 3392 693 3472 Sytecy
707 3389 805 3451 tilium
821 3390 952 3464 Bahuci,
973 3390 1113 3453 dicentes
1128 3390 1213 3473 qnod

187 3499 333 3562 concines
356 3507 462 3562 esseut
476 3520 596 3562 eorum.
622 3500 666 3564 illi
680 3509 785 3564 autem
801 3502 948 3565 dixerunt
962 3521 996 3564 se
1012 3521 1084 3583 esse
1098 3502 1213 3565 liberos

187 3618 218 3674 et
240 3631 357 3692 genere
375 3611 547 3685 liutherus,
569 3621 600 3675 et
620 3612 820 3676 adduxerunt
839 3612 1040 3676 defensorem
1062 3610 1214 3677 libertatis

186 3741 242 3785 sue
265 3723 392 3785 nomine
408 3721 535 3785 Chedur
555 3743 673 3805 genere
694 3724 875 3786 ltuthenum
895 3724 1115 3806 ioubsgionem
1137 3707 1218 3787 carl

186 3835 285 3907 nahe,
306 3836 362 3916 qui
384 3835 492 3898 dicens
512 3834 584 3898 illos
604 3846 756 3919 cognatos
777 3855 851 3898 suos
866 3855 954 3909 esse,
974 3835 1075 3900 tenuit
1087 3835 1215 3899 liberta-

186 3952 251 4010 tem
268 3965 396 4021 eorum,
416 3946 519 4011 iudice
535 3949 625 4030 Tupa
647 3947 757 4011 curiati
779 3949 893 4011 comite
916 3948 956 4011 de
976 3947 1128 4021 Cerosna,
1151 3948 1214 4029 pri-

187 4056 290 4123 staldo
305 4059 414 4124 Dones
434 4061 475 4123 de
495 4061 571 4123 uilla
583 4061 699 4143 Bogus
726 4060 855 4124 Chedur
872 4061 976 4143 itaque
992 4070 1114 4144 porteto
1128 4058 1215 4123 terro

186 4169 370 4236 russeum
384 4181 449 4248 est,
468 4172 614 4256 probauit
627 4172 699 4237 illos
713 4170 829 4238 llberos
842 4192 925 4239 esso.
