2798 4764
230 313 276 388 lh
446 337 585 395 aroma
604 340 703 388 ansra
723 339 936 389 amoenorum
962 316 1037 408 (ld).

316 608 380 692 (bb)
406 612 449 673 Dc
467 622 555 694 portu
572 612 686 693 Moqcr.
729 611 908 676 Transactis
927 613 1115 695 quibusdam
1136 608 1258 686 dicbus,

234 723 299 787 dux
307 724 411 805 hrpad
425 732 575 787 etomnes
589 725 639 787 sui
651 724 810 807 primates,
826 726 985 788 communi
994 724 1126 788 consilio
1142 731 1175 787 at
1188 723 1258 806 pari

235 854 400 908 consensu,
417 855 454 898 ac
469 836 567 899 libera
581 835 743 898 uoluntate
758 836 958 918 egredientes
973 836 1013 898 da
1028 835 1141 910 insula,
1155 844 1259 899 castra

233 947 342 1010 metali
362 953 435 1009 sunt
456 947 537 1009 ultra
558 948 721 1021 Surcusar,
748 967 848 1028 usque
869 949 910 1011 ad
931 949 1062 1012 fluuium
1084 948 1199 1010 liaeus.
1227 953 1260 1008 et

234 1059 310 1122 dum
330 1057 484 1122 uidissent
504 1059 590 1141 quod
610 1059 749 1140 undique
770 1060 828 1122 tuti
851 1067 970 1135 essent,
999 1080 1058 1123 nec
1078 1059 1189 1142 aliquis
1212 1059 1259 1123 eis

235 1170 388 1234 obsistere
405 1172 543 1245 ualeret,
569 1172 759 1236 transierunt
780 1172 973 1246 Danubium,
1002 1179 1034 1236 el
1054 1181 1180 1253 portum
1204 1172 1259 1235 ubi

235 1284 400 1347 transitum
414 1284 557 1348 fecerunt
570 1292 696 1366 portum
709 1285 819 1366 Moger
834 1285 1093 1359 nominauerunt,
1118 1304 1157 1349 co
1172 1284 1258 1366 quod

235 1405 356 1478 septem
371 1397 559 1480 principales
574 1418 727 1480 persone,
748 1399 802 1479 qui
817 1397 1012 1480 Hetumoger
1026 1397 1100 1460 dicti
1113 1408 1203 1470 sunt,
1216 1395 1259 1459 ibi

236 1510 413 1573 Danubium
428 1512 756 1593 transnauigauerunt.
778 1511 907 1573 transito
918 1510 1060 1574 Danubio
1076 1517 1179 1573 castra
1192 1529 1259 1572 me·

235 1623 292 1688 tali
305 1629 378 1684 sunl
390 1622 475 1684 iuxta
488 1623 681 1694 Danubium,
703 1642 803 1703 usque
819 1623 859 1685 ad
873 1642 971 1703 aquas
982 1622 1098 1685 calidas
1113 1622 1258 1703 superio-

236 1755 297 1798 res.
327 1742 359 1796 et
378 1732 440 1795 hoc
461 1734 567 1797 audito
589 1754 698 1797 omnes
718 1733 866 1807 Romani,
894 1754 951 1814 per
965 1742 1080 1796 terram
1095 1733 1257 1797 Pannonia

235 1846 427 1919 habitantes,
449 1845 542 1908 uitam
567 1845 641 1928 iuga
660 1854 879 1909 seruauerunt.
910 1847 1051 1909 secundo
1076 1856 1180 1909 autem
1206 1846 1257 1913 die

235 1959 299 2021 dux
315 1957 420 2040 Arpad
442 1966 474 2020 et
488 1978 597 2021 omnes
612 1959 660 2021 sui
675 1958 841 2040 primates,
863 1980 935 2022 cum
950 1959 1095 2022 omnihus
1109 1958 1258 2022 militibus

234 2069 413 2152 Hungarie,
434 2070 631 2132 intrauerunt
649 2071 681 2132 in
703 2071 861 2134 ciuitatem
876 2070 979 2133 Albile
1001 2071 1102 2153 regis,
1124 2079 1155 2133 et
1169 2071 1259 2133 uide·

234 2190 308 2245 runt
330 2182 435 2245 omnia
458 2183 578 2265 palacia
601 2183 731 2266 regalia,
752 2183 889 2265 quedam
913 2183 1072 2247 destructa
1094 2203 1193 2265 usque
1217 2182 1257 2245 ad

234 2293 488 2369 fundamentum,
501 2296 636 2377 quedam
650 2316 728 2370 non,
743 2304 775 2359 et
789 2295 1022 2358 admirabantur
1033 2296 1114 2358 ultra
1127 2296 1258 2358 modum

235 2409 339 2473 omnia
361 2406 413 2469 illa
437 2407 561 2470 edificia
585 2406 725 2489 lapidea,
747 2416 779 2472 et
799 2406 873 2472 iacti
894 2415 968 2471 sunt
988 2406 1042 2470 leti
1064 2406 1257 2488 ultraquam

235 2521 297 2582 dici
318 2527 439 2600 potest,
460 2539 499 2581 eo
521 2520 608 2601 quod
629 2539 742 2601 capere
764 2527 949 2602 meruerunt
962 2519 1030 2582 sine
1050 2517 1133 2581 bello
1148 2518 1257 2581 ciuita-

233 2639 297 2694 tem
311 2630 415 2693 hthile
437 2631 536 2711 regis,
558 2650 598 2692 ex
611 2631 699 2693 cuius
714 2632 865 2714 progenie
881 2632 945 2693 dux
958 2631 1064 2711 Arpad
1084 2629 1259 2693 descende-

234 2750 292 2804 rat.
315 2750 346 2804 et
360 2740 569 2823 epulabantur
583 2741 723 2823 quotidie
738 2762 808 2805 cum
823 2744 938 2824 gaudio
953 2763 1077 2824 magno,
1091 2744 1122 2805 in
1134 2742 1256 2826 palacio

152 2898 155 2905 ι
234 2851 336 2916 htlrile
351 2853 444 2934 regis,
464 2851 695 2916 conlateraliter
708 2853 860 2927 sedendo,
882 2864 913 2917 et
927 2874 1037 2917 omnes
1054 2853 1257 2937 symphonias

235 2975 330 3048 alque
348 2966 457 3029 dulces
471 2985 566 3028 sonos
581 2965 781 3047 cythararum
803 2974 836 3028 ct
855 2965 1043 3040 fistularum,
1064 2987 1135 3029 cum
1157 2967 1258 3030 omni-

235 3080 295 3141 bus
310 3078 452 3141 caulibus
467 3077 692 3151 ioculatorum,
713 3078 871 3142 habebant
891 3088 963 3143 ante
978 3101 1023 3143 se.
1044 3079 1179 3153 fercula,
1199 3100 1257 3161 po·

235 3190 306 3256 cula
319 3191 525 3272 portabantur
540 3190 611 3253 duci
625 3200 657 3253 et
670 3190 828 3254 nobilibus
840 3192 873 3253 iu
888 3192 971 3256 uasis
986 3192 1101 3265 aureis,
1115 3192 1258 3255 seruien-

233 3305 318 3369 tibus
339 3310 371 3365 et
388 3303 512 3365 rusticis
531 3302 563 3365 in
584 3302 668 3365 uasis
683 3304 854 3385 argenteis,
875 3304 949 3385 quia
963 3305 1069 3367 omnia
1082 3305 1165 3367 bona
1179 3302 1257 3366 alio·

234 3434 305 3479 rum
315 3434 484 3498 regnorum
496 3414 790 3478 circumiaceucium
805 3416 937 3479 dederat
947 3417 1025 3479 deus
1035 3416 1069 3479 in
1079 3436 1191 3479 manus
1202 3434 1257 3478 eo·

235 3547 325 3601 rum,
345 3534 378 3590 et
389 3528 539 3591 uiuebant
553 3527 639 3609 larga
653 3546 690 3590 ac
704 3526 883 3609 splendide,
904 3549 977 3592 cum
991 3529 1135 3592 omnibus
1149 3526 1258 3610 hospi·

235 3638 316 3700 tibus
332 3639 421 3700 adse
436 3638 644 3702 uenientibus.
675 3647 706 3702 et
719 3638 894 3719 hospitibus
914 3658 1021 3702 secum
1037 3638 1259 3702 commoranti·

234 3749 293 3814 bus
316 3749 379 3812 dux
400 3749 505 3830 hrpad
527 3758 627 3814 terras
648 3757 680 3812 et
703 3751 919 3832 possessiones
941 3770 1070 3830 magnas
1092 3750 1202 3824 dabat,
1227 3758 1259 3813 et

234 3861 296 3926 hoc
310 3862 417 3926 audito
430 3860 519 3924 multi
532 3860 692 3943 hospitum
707 3861 907 3926 contuebant
920 3862 960 3925 ad
975 3881 1058 3936 cum,
1078 3868 1109 3924 et
1122 3869 1257 3923 ouantes

235 3975 440 4038 morabantur
453 3993 525 4037 cunr
540 3993 589 4037 eo.
615 3981 689 4036 tunc
704 3975 768 4038 dux
781 3975 887 4057 hrpad
907 3984 940 4039 et
960 3975 1023 4048 sui,
1043 3981 1173 4057 propter
1187 3973 1258 4038 leti·

234 4086 315 4150 ciam
329 4093 569 4167 permanserunt
582 4086 614 4147 in
628 4084 754 4149 ciuitate
769 4086 870 4151 acuile
885 4087 968 4168 ragis
983 4105 1040 4168 per
1053 4085 1164 4166 uiginti
1176 4085 1256 4160 dies,

233 4207 269 4269 ct
289 4217 400 4265 omnes
421 4195 535 4265 ullas
555 4196 716 4283 hungarie
739 4204 811 4265 aab
834 4197 1033 4287 presenciam
1055 4196 1162 4276 ducis,
1183 4196 1250 4265 tore
