2798 4764
132 361 410 412 transmarimis
425 364 624 408 ronanasrcn
639 365 678 408 ne
694 362 900 407 aeroanauno
911 350 972 406 etc.
987 342 1076 407 tear.
1098 342 1158 406 bd?

216 519 273 592 (3)
296 518 372 578 ltem
390 516 550 587 faciemus,
569 515 652 596 qnod
668 515 771 586 bidei,
794 514 957 576 Sarraceni
973 536 1029 576 seu
1043 515 1159 576 lsmaii·

131 631 203 703 lite,
226 631 264 691 de
286 636 391 690 cetero
414 629 504 688 certis
524 627 619 708 signis
640 627 868 708 distinguantur
891 634 921 687 et
942 627 1159 688 discernantur

133 764 151 804 a
166 742 359 804 Christianis.

216 854 275 929 (l)
298 855 372 915 ltern
396 874 457 913 nim
482 853 696 933 permittemus
722 853 850 923 ludeos‚
874 854 1063 913 Sarracenos
1091 852 1158 914 siue

133 965 303 1027 lsmadlitas
326 964 477 1045 mancipia
494 962 662 1023 christiana
679 982 798 1034 cratere,
821 961 870 1022 nel
887 962 1002 1023 habere
1019 982 1159 1044 quocun-

135 1078 314 1160 quemodo.

215 1191 273 1261 (5)
296 1189 333 1248 Et
359 1188 566 1267 promittimus
592 1208 648 1268 per
674 1206 730 1247 nos
757 1197 786 1248 et
811 1206 1009 1248 successores
1036 1196 1158 1248 nostros

135 1300 323 1360 constituere
345 1298 475 1380 singuiis
491 1300 579 1360 anrris
600 1307 629 1360 et
645 1299 718 1359 dare
736 1297 921 1370 Palatinum,
945 1297 993 1359 uel
1009 1298 1102 1358 alium
1119 1299 1158 1360 de

135 1408 373 1491 iobhagionibus
394 1410 522 1481 nostris,
549 1429 643 1489 quem
666 1409 872 1482 noluerimus,
894 1410 966 1471 fidei
990 1410 1159 1472 christiane

133 1520 317 1593 zelatorum,
348 1541 442 1603 qoem
468 1520 617 1581 iaciemus
644 1520 763 1592 iurare,
792 1521 876 1602 quod
902 1522 1080 1582 mandatum
1103 1540 1159 1582 no·

134 1641 230 1693 strum
255 1632 430 1692 secundnm
463 1632 520 1692 ista
550 1629 684 1692 lideliter
708 1632 890 1712 adimplebit
909 1632 948 1692 ad
971 1631 1159 1712 peticionem

136 1743 291 1824 episcopi,
314 1742 345 1802 in
367 1743 454 1804 cuius
475 1743 591 1803 diecesi
612 1754 699 1814 sunt,
722 1743 773 1803 uel
795 1753 886 1804 erunt
903 1743 1006 1814 ludei,
1029 1742 1158 1823 pagani,

136 1857 186 1916 nel
201 1849 355 1916 lsrna’idile
369 1864 401 1915 ut
413 1855 604 1915 Christianos
622 1855 787 1916 extrahant
802 1875 819 1915 a
835 1856 972 1915 dominio
988 1865 1018 1917 et
1033 1855 1160 1916 cohabi-

137 1966 256 2028 tacione
282 1968 542 2026 Sarracenorum:
566 1975 613 2038 et,
638 1967 664 2026 si
689 1966 741 2046 qui
768 1968 885 2027 inuenti
910 1967 1026 2028 luerint
1051 1976 1159 2029 contra

136 2077 193 2138 hec
209 2077 376 2138 Christiani
393 2077 606 2137 cohabitantes
621 2077 814 2149 Sarracenis,
836 2078 883 2137 uel
896 2078 1058 2139 Sarraceni
1073 2098 1161 2137 man-

135 2189 214 2270 cipia
239 2187 406 2250 christiana
431 2189 594 2261 habentes,
625 2190 698 2250 item
725 2189 890 2250 Christiani
916 2192 1159 2252 Sarracenorum

136 2298 186 2360 uel
210 2300 372 2361 Sarraceni
394 2300 640 2361 Christianorum
668 2301 952 2382 quomodocunque
978 2302 1160 2365 mulieribus

136 2411 271 2491 copulati
286 2411 353 2472 siue
370 2412 407 2473 ab
423 2412 527 2492 specie
543 2413 747 2485 matrimonii,
769 2412 835 2473 siue
851 2413 912 2473 alio
927 2414 1038 2486 modo,
1061 2415 1161 2476 bono·

136 2544 204 2585 rum
223 2526 360 2584 omnium
377 2524 593 2606 puhlicacione
610 2534 669 2586 tam
683 2525 859 2597 Christiani,
881 2546 974 2607 quam
987 2527 1087 2599 ludei,
1109 2527 1161 2589 uel

136 2637 249 2718 pagani
264 2637 442 2708 multentur,
466 2646 497 2698 et
511 2636 712 2698 nihilominus
726 2640 756 2698 in
772 2640 954 2700 seruitutem
968 2638 1161 2702 Christiano·

135 2767 203 2807 rum
219 2768 273 2828 per
288 2768 394 2828 regem
411 2756 564 2829 perpetuo
581 2749 781 2829 deputentur.

217 2862 275 2932 (u)
298 2860 374 2920 ltem
391 2860 533 2920 uolumus
549 2870 580 2922 et
595 2861 797 2923 concedimus
814 2862 898 2943 quod
914 2862 1046 2924 ecclesie
1061 2862 1160 2924 libere

135 2980 260 3051 portent
275 2970 355 3031 sales
370 2991 443 3031 snos
459 2972 498 3032 ad
516 2972 662 3034 ecclesias
678 2975 772 3054 ipsas,
796 2984 825 3037 et
843 2976 884 3035 ibi
900 2976 957 3037 sub
972 2974 1073 3056 sigillo
1089 2973 1160 3036 sali·

136 3084 310 3155 uariorum,
333 3092 364 3144 et
380 3084 489 3165 prelati
508 3084 589 3145 illius
606 3084 756 3158 ecclesie,
777 3087 809 3146 in
824 3106 885 3168 qua
900 3086 1161 3167 salesdeponun·

136 3203 184 3255 tur
198 3196 251 3275 qni
270 3216 327 3275 pro
343 3206 482 3275 tempore
499 3196 629 3269 luerint,
652 3198 860 3278 deponantur,
883 3198 1079 3278 depositique
1094 3218 1161 3258 scr·

137 3314 250 3366 nentur
266 3327 363 3388 usqne
386 3307 425 3368 ad
448 3316 573 3368 octenas
594 3329 618 3368 s.
631 3309 779 3388 Stephani
803 3309 902 3389 regis,
925 3317 956 3368 et
970 3318 1041 3368 tnnc
1056 3305 1160 3368 abillo

137 3416 187 3477 die
204 3438 301 3497 usque
316 3420 355 3479 ad
371 3420 564 3480 natiuitatem
581 3421 613 3478 B.
627 3421 658 3479 l'.
671 3421 767 3480 llarie
782 3420 923 3481 soluatur
938 3420 982 3481 eis
998 3428 1161 3500 argentum

139 3551 194 3610 pro
213 3529 343 3602 salibus,
367 3552 445 3612 qum
462 3540 533 3592 tunc
549 3530 680 3592 ecclesie
704 3532 869 3593 habuerint
890 3553 985 3612 penes
1000 3552 1033 3593 se
1049 3551 1162 3592 secun-

138 3642 210 3702 dum
227 3642 460 3703 estiuracioncm
475 3642 604 3703 inferius
620 3643 807 3705 adnotatam.

219 3756 275 3826 (7)
296 3755 335 3816 Et
349 3755 374 3816 si
390 3754 420 3814 in
435 3754 486 3814 illo
503 3762 643 3835 tempore
664 3755 723 3836 ipsi
745 3755 882 3816 salinarii
902 3755 985 3836 ipsos
1000 3757 1081 3818 sales
1099 3776 1162 3818 non

137 3875 278 3927 emerent
299 3875 331 3927 et
350 3865 490 3928 ecclesiis
513 3873 691 3946 argentum,
713 3867 887 3928 secundnm
909 3867 1023 3928 dictam
1039 3868 1164 3930 estima-

138 3979 259 4039 cionem
282 3999 343 4039 non
365 3978 543 4051 soluerent,
573 4000 611 4040 ex
635 3988 707 4041 tunc
727 3980 811 4041 omni
833 3989 972 4061 tempore
995 3981 1075 4042 sales
1093 3980 1163 4044 illos

137 4093 168 4153 in
185 4094 347 4174 proprium
370 4113 459 4155 usum
481 4094 611 4156 ecclesie
632 4094 841 4175 percipientes
855 4095 995 4158 uendant
1007 4096 1092 4156 iuxta
1106 4113 1163 4156 sue

139 4205 299 4275 arbitrium
323 4204 509 4287 uoluntatis,
541 4214 573 4271 at
592 4225 685 4272 omne
706 4206 843 4284 luorum,
870 4208 957 4295 qnod
976 4207 1163 4277 deberemus
