2798 4764
504 349 686 404 uosrrauu
712 348 753 395 er
781 347 892 395 rann.
1148 325 1210 392 eta

181 512 284 569 rasset
306 523 398 576 eum,
431 512 463 567 et
485 501 630 584 gladium:
646 521 743 584 snper
762 502 865 584 ipsum
887 500 1099 581 euaginnsset.
1127 518 1209 580 quos

179 615 307 681 lonchin
329 613 463 676 uicarins
484 615 580 676 index
592 613 729 677 Ladisiai
749 612 871 675 comitis
885 621 1072 675 uenatorum
1088 611 1210 673 bubali·

181 745 292 789 norum
307 725 495 796 discuciens,
517 729 573 804 per
587 723 771 805 pristatdnm
786 724 912 785 nomine
922 722 1114 802 Stephanum
1128 721 1212 813 misit

181 834 386 907 Uaradinnm,
409 834 461 895 ubi
477 834 578 896 taliter
592 834 744 915 pacificati
759 843 847 905 sunt,
870 832 955 913 quod
968 830 1082 893 Uoinra
1096 832 1212 895 dimisit

180 948 273 1010 Petro
296 954 394 1009 totum
412 945 562 1026 quicquid
577 944 774 1023 requirebat,
794 953 826 1005 et
839 944 924 1003 idem
937 942 1005 1022 ipse
1019 942 1105 1004 dabit
1118 942 1210 1003 Petro

179 1078 278 1133 unum
299 1056 466 1118 fertonem.
493 1055 604 1116 Petrus
624 1063 729 1118 autern
751 1053 945 1116 satisfaceret
970 1052 1073 1114 iudice
1095 1061 1126 1114 et
1149 1053 1214 1134 pri·

180 1167 292 1240 staldo,
313 1174 345 1229 et
359 1166 450 1228 ambo
465 1185 590 1246 semper
605 1173 712 1226 essent
722 1165 757 1227 in
773 1185 861 1245 pace.

264 1278 363 1352 (291)
384 1275 490 1348 Misce,
511 1276 654 1347 loannes,
675 1276 774 1338 Buctn
795 1286 827 1338 et
844 1277 979 1337 rtbruanr
1003 1275 1058 1337 titii
1078 1275 1212 1336 Bneanis

183 1390 223 1453 de
238 1390 356 1450 Boiano
380 1387 587 1469 impetierunt
602 1388 750 1449 loannem
765 1387 863 1449 filium
878 1387 968 1470 Opoy
984 1388 1024 1450 de
1039 1388 1157 1468 uanay,
1178 1395 1212 1449 et

182 1500 401 1563 Bichorienses
423 1499 467 1560 da
477 1497 539 1559 alio
555 1497 689 1570 Boiano,
711 1497 830 1560 scilicet
845 1498 997 1560 Chemem
1018 1508 1050 1560 et
1064 1499 1212 1570 Ternem,

183 1619 215 1674 ct
227 1629 339 1673 omnes
353 1619 529 1672 castrenses
544 1610 583 1671 de
598 1610 711 1671 eudem
725 1609 817 1681 nilla,
831 1610 972 1672 diceutes
988 1610 1073 1692 quod
1088 1609 1209 1671 uuttnm

167 1721 337 1819 'haherent
358 1721 550 1782 consortium
574 1740 645 1782 curn
668 1719 714 1780 eis
734 1720 774 1780 de
797 1720 985 1782 arundineto
1007 1730 1039 1782 et
1056 1721 1165 1783 insutis
1180 1725 1211 1780 et

183 1830 346 1914 patudtnus
365 1840 396 1894 et
417 1831 492 1892 iocis
515 1830 711 1912 piscncionis.
743 1829 785 1891 ilii
806 1839 935 1892 econtra
953 1831 1102 1893 dixerunt
1122 1852 1158 1893 se
1178 1833 1209 1894 iu

182 1944 326 2005 omnibus
342 1941 488 2023 predictis
503 1942 611 2003 usibus
626 1961 666 2003 ex
678 1960 761 2022 equo
773 1961 843 2003 esse
855 1952 1029 2005 consortes.
1046 1943 1145 2025 Gyula
1156 1943 1212 2024 iqi-

181 2063 233 2116 tnr
249 2053 403 2134 palatinus
417 2072 524 2115 comes
539 2053 714 2115 discuciens
730 2073 795 2126 eos,
816 2074 873 2134 per
889 2052 1070 2134 pristaldnm
1084 2057 1215 2118 nominc·

183 2164 287 2245 (iyurc
306 2162 404 2224 fitium
418 2164 527 2243 niopsa
546 2164 585 2224 de
600 2163 675 2224 uitia
688 2163 808 2226 lieidos
831 2165 914 2226 misit
930 2166 970 2226 nd
986 2185 1119 2228 examen
1133 2166 1227 2228 ferri·

184 2273 345 2335 candentis
357 2273 554 2345 Uaradinnur,
566 2274 618 2334 ubi
630 2273 732 2336 taliter
742 2285 972 2349 conuenerunt,
982 2277 1068 2359 quod
1080 2277 1213 2340 ioannes

184 2395 216 2447 et
229 2383 448 2447 Bichorienscs
469 2384 509 2446 de
523 2384 642 2444 Boiano
657 2384 803 2466 equitem
817 2385 972 2448 haberent
986 2386 1210 2466 proprietatem

185 2501 217 2556 et
236 2495 428 2556 consortium
451 2493 599 2575 generate
621 2494 661 2556 de
680 2495 882 2567 arundineto,
904 2495 935 2555 in
957 2495 1161 2557 arundinibus
1180 2504 1213 2557 et

184 2605 262 2668 locis
276 2605 505 2687 piscncionom,
526 2624 597 2667 cum
611 2605 683 2667 titiis
702 2608 851 2669 Bnctonis
865 2607 905 2668 de
920 2607 982 2667 aiio
997 2607 1126 2669 Boiano.
1155 2608 1213 2670 sed

185 2717 225 2779 de
239 2715 349 2778 insulis
365 2724 485 2779 tantum
500 2718 582 2788 dne,
602 2716 723 2779 scilicet
736 2691 837 2779 insuia
852 2716 961 2800 Mysiis
977 2726 1009 2779 et
1022 2718 1045 2778 F
1047 2716 1131 2791 ecel,
1149 2737 1212 2800 que

184 2826 333 2893 uidelicet
346 2828 377 2888 in
393 2827 536 2890 interiori
551 2835 639 2908 parte
653 2836 726 2890 snut
739 2828 916 2891 arundineti
931 2827 1063 2909 predicti
1077 2830 1214 2903 loannis,

134 2996 140 3012 ,
185 2949 269 3001 esset
289 2946 320 3000 et
333 2938 585 3002 Bichorieusiurn
608 2938 668 3001 atie
688 2959 767 3001 uero
788 2938 907 3012 insule,
927 2959 991 3021 qne
1013 2940 1044 3000 in
1065 2939 1213 3003 exteriori

185 3059 275 3132 parte
290 3049 469 3113 arundineti
482 3059 569 3123 sunt,
591 3049 663 3111 filiis
677 3050 825 3112 Bnctonis
841 3051 1019 3120 attinerent,
1038 3050 1070 3109 in
1085 3051 1213 3130 premit-

185 3162 286 3225 tendis
301 3170 406 3223 autem
420 3163 577 3223 extraneis
592 3161 631 3222 ed
647 3160 882 3240 percipiendum
903 3159 1042 3239 aliquem
1060 3178 1150 3220 nsum
1172 3159 1212 3221 de

185 3272 372 3332 arundineto
386 3270 432 3332 sic
447 3289 613 3330 commune
628 3271 677 3330 ios
690 3278 723 3330 et
737 3269 851 3349 equaie
864 3268 1034 3340 haberent,
1055 3278 1088 3330 ut
1103 3276 1214 3331 neutra

185 3380 396 3461 predictarum
417 3377 563 3440 uiltarnm
584 3377 688 3458 piures
710 3379 750 3441 de
774 3377 842 3441 aliis
857 3379 951 3452 uitiis,
971 3380 1040 3441 sine
1055 3399 1213 3441 consensu

184 3490 319 3570 relique,
341 3490 380 3550 ad
403 3488 591 3550 sumendum
611 3488 729 3570 aliquid
748 3490 789 3552 de
809 3489 998 3553 arundineto
1012 3491 1213 3571 permittendi

183 3605 231 3669 ius
246 3604 391 3667 haberet.
415 3605 455 3664 de
467 3602 540 3664 uitta
551 3611 655 3666 nutem
670 3603 740 3666 talis
755 3603 838 3668 iacta
849 3612 899 3666 est
908 3604 1115 3692 composicio,
1125 3606 1211 3685 quod

183 3736 372 3799 quecunque
388 3715 439 3778 uia
454 3715 673 3778 arundinetum
688 3726 773 3779 esset
785 3715 920 3777 filiorum
932 3714 1089 3787 Bnctonis,
1107 3714 1211 3777 eidem

182 3829 307 3892 Ioannis
329 3846 456 3910 quoque
479 3836 512 3891 et
532 3827 718 3891 conuillanis
738 3827 807 3892 eins
823 3827 1033 3890 Bichoriensis
1053 3827 1122 3889 sinc
1136 3847 1213 3890 con·

184 3937 371 4001 tradictione
387 3949 558 4002 teneretur.

266 4051 362 4124 (unt)
384 4051 488 4112 Uarou
509 4051 550 4113 de
566 4051 641 4113 uilla
653 4051 722 4113 Bnd
739 4051 878 4132 imperiit
892 4052 1103 4115 conriiitanum
1117 4070 1210 4112 suum

184 4161 365 4225 Emericnm
381 4183 445 4245 >pro
467 4181 530 4227 una
551 4183 658 4226 marca
677 4173 709 4228 ct
732 4162 875 4240 dimidia,
896 4164 1000 4227 iudice
1021 4162 1211 4226 Lenstachio

99 4254 105 4268 '
921 4263 962 4326 id
