2798 4764
485 972 687 1058 uantum
712 972 897 1058 luston

252 1191 412 1282 VITA
458 1193 509 1280 S.
543 1193 871 1282 STEPHANI
915 1190 1122 1281 REGIS.

174 1400 199 1453 B
214 1399 304 1454 codice
320 1400 513 1455 membranaceo
529 1401 620 1453 saculi
633 1402 694 1454 xtt.
711 1401 773 1453 olim
788 1403 1013 1468 ltraaootartaao,
1037 1417 1105 1456 nnuc
1121 1397 1206 1455 mussi

553 1495 697 1560 bongarioi
714 1495 828 1548 Pestani.

606 1643 772 1661 -σ-ἁ

174 1754 326 1838 Domino
353 1789 411 1834 suo
436 1768 631 1834 Colomanno
653 1770 720 1854 regi
748 1768 1019 1853 precelentissimo
1038 1770 1204 1835 Hartuicua

174 1890 341 1975 episcopus
356 1883 495 1948 officinm
515 1885 675 1967 spirituale
689 1906 748 1969 per
762 1884 1010 1949 misericordiam
1026 1886 1078 1949 dei
1093 1904 1204 1949 consc-

175 2010 276 2076 cutus,
300 2005 370 2082 post
384 1998 473 2061 istius
488 1998 552 2061 uite
568 1999 750 2071 terminum,
765 1996 841 2060 lelix
854 1996 931 2060 illud
946 2018 1026 2080 euge
1039 1998 1205 2081 sempiter-

174 2132 260 2174 num.

256 2222 440 2303 incepturus
456 2238 552 2301 opus,
573 2219 698 2282 domine
721 2219 780 2293 mi,
800 2240 857 2283 rex
877 2218 1000 2282 inclitel
1025 2219 1111 2302 quod
1126 2216 1203 2283 mibl

173 2343 281 2399 uestro
297 2334 395 2417 regali
413 2341 575 2416 precepto,
597 2332 637 2394 de
651 2332 715 2395 uita
729 2331 813 2394 beati
827 2332 912 2414 regis
926 2330 1076 2414 Stephani
1091 2338 1204 2413 poten·

174 2447 293 2510 cialiter
306 2444 517 2518 iniuncxistis,
539 2443 593 2506 diu
613 2443 765 2507 rebellem
786 2442 936 2526 ingenioli
956 2443 1017 2507 mei
1034 2462 1203 2527 perpessus

173 2578 244 2623 sum
265 2557 440 2631 insciolam,
461 2557 502 2619 ob
523 2553 584 2618 boc
606 2554 771 2637 presertim
795 2555 881 2637 qnod
895 2555 1075 2621 Priscianus
1095 2554 1204 2623 auctor

174 2669 250 2733 artis
265 2667 464 2753 grammatice
478 2664 658 2730 medullitus
673 2665 749 2728 mibi
763 2672 857 2730 notus
872 2666 956 2742 olim,
972 2666 1066 2751 longe
1082 2669 1203 2753 digres-

174 2800 238 2853 sos,
259 2779 370 2843 taciem
385 2796 474 2841 suam
487 2777 576 2860 quasi
588 2777 721 2860 caligine
734 2778 870 2861 quadam
882 2779 1113 2854 circumfluam,
1126 2778 1204 2871 mrbi

175 2890 335 2973 decrepito
354 2889 416 2952 iam
437 2887 513 2953 lacit
533 2887 796 2951 obscurissimam.
821 2898 1040 2955 uerumtamen
1057 2898 1147 2976 parte
1162 2870 1204 2956 ex

175 3003 250 3078 alia,
272 3003 347 3066 dum
368 3009 474 3066 uestro
495 2994 661 3083 dignitatils
680 3000 810 3065 intuitus
831 3005 1064 3079 reuercnciam,
1084 2998 1205 3069 incerta

175 3133 326 3199 grauarer
346 3112 572 3185 meditacione,
599 3112 727 3176 tandem
752 3114 894 3177 omnium
916 3114 1069 3177 uirtutum
1092 3113 1148 3177 lux
1172 3123 1205 3180 et

175 3247 300 3311 gemma
320 3225 513 3289 dubietatem
527 3224 619 3288 anxie
634 3223 747 3287 mentis
763 3224 878 3288 deuicit
892 3224 1088 3289 obediencia.
1115 3226 1204 3289 cuins

175 3337 250 3402 lorti
263 3337 410 3420 presidio,
431 3334 733 3399 delicereuolcnsin
745 3355 805 3409 me,
826 3335 911 3398 uires
921 3334 1090 3399 inchoandi
1100 3332 1206 3418 operis

175 3450 294 3533 recepit
313 3449 438 3513 fiducia.
458 3449 515 3511 sed
537 3447 686 3530 quoniam
705 3465 782 3528 sepe
805 3444 994 3509 fiducialiter
1008 3453 1076 3511 acta
1090 3466 1142 3511 res
1156 3447 1206 3511 ln·

174 3560 259 3623 uidie
273 3558 413 3624 fomitem
428 3568 575 3642 generet,
595 3577 710 3643 precor
724 3557 857 3641 genibus
871 3556 961 3619 llexis
975 3565 1080 3620 uestro
1095 3557 1205 3623 trium·

175 3670 276 3755 pbalis
290 3670 480 3735 excellencie
497 3670 735 3744 sublimitatem,
756 3676 790 3733 ut
808 3668 952 3732 monibus
965 3668 1081 3752 regalis
1095 3668 1205 3734 delen-

174 3783 272 3847 sionis
290 3781 352 3847 boc
372 3782 548 3866 suscipiatis
568 3781 770 3866 opusculum,
791 3800 832 3846 ne
845 3778 928 3845 male
941 3781 1126 3846 sonnacium
1146 3800 1206 3866 po-

172 3894 252 3959 sicio
276 3894 463 3970 dictionum,
498 3894 550 3959 uel
573 3892 698 3958 conlusi
724 3892 843 3957 ordinis
867 3892 1039 3957 enormitas
1062 3899 1205 3957 uestrum

174 4027 246 4073 cum
265 4007 409 4093 legeritis
431 4006 569 4073 ottendat
593 4006 731 4073 oculum.
758 4008 809 4072 cui
830 4007 858 4071 si
878 4005 1011 4071 forsitan
1025 4003 1142 4090 aliqrrid
1155 4006 1206 4071 in·

174 4119 304 4206 dmum
326 4120 501 4187 occurrerit
524 4118 765 4195 offendiculum,
796 4116 879 4183 malo
903 4118 1046 4184 codicem
1065 4125 1101 4183 ut
1122 4114 1205 4201 ignis
