2798 4764
489 356 674 405 πωπω
697 356 739 403 na
760 354 872 403 sm
1131 334 1195 403 fl

167 511 251 576 lerro
265 507 449 573 iustificatos
464 517 521 581 est
535 508 639 572 iudice
654 507 750 572 Paulo
765 506 874 571 curiali
887 506 1000 572 comite
1014 507 1055 572 de
1068 505 1196 580 melas,

166 619 316 705 pristaldo
331 619 504 682 laurencio
524 621 563 682 de
579 619 704 682 Bichor.

248 728 336 812 (stt)
364 729 546 792 Ualerianus
572 738 698 802 cantor,
728 728 1008 803 michaelensem,
1036 660 1196 793 (ὶοηῑᾶᾗ

167 843 322 916 decanus,
344 838 471 903 loechin
487 847 520 902 et
545 839 649 901 lleust
670 838 911 902 archidiaconus
925 839 1138 913 Uaradienais,
1164 843 1199 902 et

167 971 277 1015 omnes
300 950 369 1024 alii,
396 949 552 1013 uniuersis
574 949 687 1030 quibus
713 949 802 1013 litere
827 957 990 1033 presentes
1009 948 1200 1013 exhinman

167 1065 300 1127 salutem
315 1063 346 1125 in
361 1061 499 1125 domino.
523 1061 609 1123 uenit
623 1061 664 1123 ad
678 1080 736 1122 nos
751 1060 785 1122 in
799 1060 972 1142 septimana
986 1061 1115 1142 Exurge
1129 1057 1200 1142 qai·

169 1176 240 1238 dam
268 1171 446 1255 pristaldos,
474 1181 508 1236 ut
531 1173 598 1252 ipse
620 1172 697 1234 dixit
719 1174 758 1236 de
780 1192 832 1246 se,
858 1172 985 1235 nomine
1002 1168 1140 1253 Bolosoy
1158 1169 1200 1235 de

170 1284 245 1346 uilla
268 1284 414 1357 Bobona,
446 1301 517 1344 cum
543 1282 730 1364 quibusdam
758 1282 880 1345 uillanis
906 1283 945 1345 de
966 1282 1038 1355 llm,
1068 1279 1199 1347 scilieet:

171 1397 271 1456 Roma
284 1395 379 1484 Syos,
400 1394 513 1455 Sumoz
532 1401 564 1455 ct
579 1391 729 1466 Olodaro,
749 1398 781 1455 et
795 1392 972 1474 dicitquod
989 1390 1130 1453 uniuersi
1141 1389 1203 1463 ait-

171 1505 236 1569 lani
251 1507 290 1569 de
308 1506 388 1568 Hora
402 1514 434 1567 ct
449 1505 489 1568 de
502 1504 609 1568 Erdeti
623 1514 655 1567 et
669 1505 709 1567 de
720 1504 818 1567 Zetho
832 1512 865 1568 et
878 1504 918 1566 de
928 1502 1002 1567 Bala
1016 1509 1050 1565 et
1062 1503 1102 1565 de
1114 1501 1202 1578 Quor

172 1616 256 1679 etde
272 1616 356 1679 Zska
379 1623 410 1677 et
424 1615 464 1677 ds
478 1616 591 1687 Barca,
612 1614 873 1677 coadiuuantibus
893 1614 970 1678 noui
984 1613 1077 1678 castri
1090 1612 1203 1681 toaba-

172 1728 327 1810 gionibus,
353 1726 471 1790 seilicet
493 1727 627 1789 lordano
647 1726 788 1808 prefecto
811 1726 904 1789 castri
924 1734 956 1790 et
976 1726 1080 1788 Poson
1101 1707 1204 1788 areld-

172 1859 311 1922 precone
334 1839 546 1922 impeciissent
571 1830 807 1920 prenominatos
832 1844 980 1921 quattuor
1003 1836 1137 1900 uillanos
1160 1833 1203 1901 de

171 1953 245 2027 llsu,
267 1960 299 2014 et
320 1952 404 2015 idem
419 1951 646 2024 Laurcncium,
668 1949 826 2032 Cyubam,
847 1948 967 2011 Forlsos
983 1956 1015 2011 et
1029 1949 1215 2032 Somotan,

173 2064 258 2146 quod
282 2072 388 2126 essent
408 2063 536 2143 quidem
557 2063 761 2144 ioubagiones
783 2061 841 2124 sed
860 2061 900 2123 de
920 2060 1134 2124 castrensibus
1147 2076 1205 2125 ex·

175 2174 287 2256 empti,
307 2173 350 2235 illi
366 2182 471 2235 antem
486 2173 630 2236 dixenrnt
648 2171 806 2237 naturales
821 2171 1026 2253 ioubagiones
1042 2190 1132 2246 esse,
1150 2170 1206 2254 qai

175 2284 423 2346 scilieetForeos
445 2283 585 2364 principe
604 2284 772 2358 exercitus,
792 2285 903 2357 Soma,
925 2281 1059 2354 Uidead,
1079 2283 1207 2356 Ioanne,

176 2395 279 2469 Zolos,
306 2394 482 2468 Leustsclr,
509 2395 625 2458 Iacobo
641 2395 880 2478 archiprecone.
908 2414 987 2477 quos
1002 2391 1208 2458 michaeles·

176 2507 260 2569 rialis
279 2526 384 2568 comes
406 2507 445 2568 de
467 2505 574 2569 lleues
597 2526 636 2569 ex
656 2496 808 2589 precepto
830 2507 948 2571 domiui
968 2506 1016 2568 sui
1037 2504 1208 2573 Alexandri

178 2618 300 2682 comitis
323 2618 362 2680 de
388 2638 472 2681 nouo
499 2625 619 2690 castro,
646 2628 681 2680 ut
706 2617 874 2698 pristaldos
900 2618 993 2691 dixit,
1021 2616 1209 2692 discuciens,

180 2727 263 2791 misit
278 2727 475 2791 Uaradinum.
508 2728 558 2790 ubi
574 2729 734 2809 predictus
749 2727 926 2808 pristaldos,
946 2736 978 2793 et
993 2728 1077 2792 idem
1091 2729 1208 2802 Rom,

180 2839 275 2921 Spes,
290 2835 405 2901 Sumoz'
418 2847 450 2902 et
463 2838 590 2912 Olodar,
606 2838 778 2921 etquidem
793 2838 940 2924 ioubagio
955 2841 1064 2914 castri,
1083 2840 1211 2904 nomine

180 2951 351 3033 Georgius,
371 2951 486 3013 missus
501 2958 535 3013 ut
547 2952 615 3030 ipse
632 2952 709 3015 dixit
730 2952 878 3017 aForcos
900 2953 1039 3035 principe
1055 2952 1211 3016 exercitus

180 3070 213 3126 et
233 3062 465 3125 coadiutoribus
486 3062 562 3136 suis,
583 3063 710 3126 luerunt
731 3064 762 3125 in
784 3063 931 3136 termino,
951 3064 1069 3126 scilicet
1088 3062 1211 3127 hebdo-

182 3175 273 3236 mada
293 3174 429 3256 Exurge.
459 3175 631 3236 aduersarii
652 3193 730 3235 uero
745 3192 855 3235 eorum
876 3192 940 3233 non
959 3178 1210 3252 comparuerunt,

182 3294 213 3349 et
234 3285 431 3366 supradictus
452 3284 621 3365 pristaldos
641 3284 742 3356 ains,
756 3285 843 3366 quod
865 3282 961 3344 index
980 3283 1131 3364 prelatus,
1149 3283 1212 3347 sei·

181 3395 255 3458 licet
276 3394 424 3469 mensal,
455 3415 513 3477 pro
536 3394 679 3457 conuicta
705 3402 737 3457 et
758 3394 967 3457 condemnata
992 3401 1080 3475 parte
1100 3392 1212 3458 habeti

183 3507 363 3572 mandasset
380 3528 450 3570 eam
470 3515 592 3587 partem
613 3526 674 3588 que
699 3524 755 3569 nos
776 3506 910 3569 ueniret.
938 3507 995 3569 sed
1009 3506 1070 3568 hoc
1084 3522 1213 3571 nosm-
1263 3586 1266 3592 Ι

183 3617 309 3680 scimus.

266 3729 353 3814 (175)
368 3732 506 3793 Thomas
517 3732 557 3794 de
567 3730 642 3794 uilla
651 3730 735 3794 Uislu
747 3730 885 3813 impeciit
896 3729 1109 3793 conuillanum
1119 3748 1213 3796 suum

184 3845 312 3907 nominc
322 3842 403 3906 ldert
417 3844 456 3905 de
472 3842 566 3915 furto,
586 3842 741 3905 iudicibus
752 3841 914 3906 Louclriad
928 3842 1026 3905 biloto
1041 3841 1213 3926 etldenger

185 3961 218 4016 et
230 3953 298 4017 Mer
312 3953 461 4037 prefectis
476 3951 567 4026 uillc,
589 3952 745 4035 pristaldis
759 3953 831 4017 Dirs
845 3961 877 4017 et
890 3952 1004 4016 Sronl).
1029 3952 1111 4017 liert
1122 3953 1213 4017 iasd-

184 4061 296 4128 ficatus
310 4071 359 4127 est
372 4071 497 4144 portato
512 4062 608 4125 lerro.

270 4169 358 4258 (176)
378 4174 492 4240 Paulus
507 4176 547 4240 de
563 4175 638 4240 uilla
652 4175 757 4241 Kahas
776 4174 859 4242 filim
875 4176 959 4242 Petri
978 4174 1118 4259 impeeiit
1129 4173 1212 4242 Psa-
