2798 4764
307 350 488 401 eunucu
509 353 665 401 eccum
686 352 915 403 :summm
951 336 1046 403 diii.
1138 334 1200 405 idi

250 505 298 590 (2)
318 507 488 575 statuimus
502 511 604 573 ocium
617 508 749 574 miniter
761 517 798 574 ut
811 507 948 593 popuiue
962 510 1111 587 eccleeie,
1129 510 1200 577 etue

167 621 209 685 cit
221 620 382 703 episcopi,
402 620 471 685 siue
486 621 526 684 sit
539 621 680 704 capituti,
701 621 735 684 in
748 621 865 685 noiiine
879 621 950 685 foro
968 622 1120 687 tributum
1136 620 1201 687 roi-

166 748 244 796 uere
254 738 394 814 cogatur.
413 751 473 795 nec
482 731 582 795 eciem
597 732 749 796 tributarii
764 732 818 796 uei
827 732 967 796 culinarii
977 732 1073 815 regie,
1086 750 1201 801 ceuceu
1223 792 1226 799 .

166 843 344 907 exercende
360 862 418 906 sue
431 842 681 925 negooiecionis,
703 853 813 908 contro
829 843 969 926 epiceopi
984 842 1199 923 uoluntatem,

166 954 219 1018 uei
238 954 420 1019 officialium
443 974 572 1019 suorum
595 957 636 1018 od
657 955 786 1038 aliquod
807 954 910 1018 sorum
936 954 1077 1038 episcopi
1108 974 1199 1022 ucce-

166 1066 241 1130 dere
267 1074 464 1149 presumunt,
496 1075 527 1130 et
550 1067 577 1130 ri
597 1066 719 1130 inuenti
742 1066 874 1142 suerint,
909 1067 993 1150 copti
1016 1067 1197 1133 incarcere

165 1178 372 1261 quodraginta
396 1178 508 1241 diebus
537 1177 755 1253 detineantur,
785 1198 896 1242 omnes
919 1198 972 1244 ree
997 1198 1086 1256 suec,
1116 1198 1195 1265 quur

164 1296 239 1354 tunc
253 1309 328 1373 erge
344 1310 378 1353 ee
395 1290 532 1365 hubent,
554 1291 742 1354 emittentes.

246 1399 294 1483 (3)
315 1402 401 1465 lctnd
420 1402 589 1484 specialius
604 1402 783 1465 adiiciendo
803 1403 978 1478 ctutuimue,
998 1403 1101 1487 quod,
1122 1402 1198 1471 ticet

164 1532 325 1595 nunquam
346 1523 474 1577 monete
495 1513 610 1595 regulis
630 1512 663 1575 in
683 1532 783 1596 regno
803 1515 948 1589 bonetus,
969 1515 1038 1579 ciue
1054 1516 1196 1591 ducetm,

164 1624 258 1689 fuerit
271 1626 311 1688 ub
325 1624 430 1709 utiquo
445 1646 521 1708 rege
536 1625 642 1701 fectu,⁸
657 1634 764 1689 tumen
784 1644 804 1689 u
823 1628 1061 1691 successoribus
1074 1628 1191 1695 nootr'u
1316 1678 1320 1683 .

163 1734 278 1801 rideri
299 1737 474 1819 contingat,
504 1738 591 1820 quod
611 1757 675 1801 non
697 1736 872 1813 credimus,
902 1739 1040 1821 popuiuc
1059 1739 1193 1805 coclerio

163 1855 225 1911 tum
241 1848 398 1931 episcopi,
421 1868 515 1931 qnam
536 1847 661 1932 cupituii
682 1850 888 1914 mercimonio
912 1870 969 1914 rue
989 1851 1126 1916 emendo
1139 1850 1195 1918 uel

163 1959 332 2022 uendendo
358 1961 434 2022 dure
457 1980 521 2023 nou
545 1961 750 2042 compellatur
774 1981 833 2044 pro
858 1963 980 2026 eudem.
1010 1982 1069 2026 nec
1092 1964 1193 2028 eciem

161 2071 326 2148 monetarii
347 2072 387 2134 ud
409 2071 536 2154 uiiquod
558 2073 661 2136 iorum
682 2074 842 2156 episcopi,
876 2093 989 2137 censeo
1012 2076 1192 2141 exercende

162 2192 286 2247 monete
312 2185 462 2248 accedere
486 2184 591 2266 aliquo
619 2186 712 2247 modo
738 2193 929 2266 presumunt.
961 2195 994 2249 et
1017 2187 1045 2249 ei
1068 2186 1192 2251 inuenit

161 2294 279 2360 fuerint
300 2317 358 2380 per
378 2297 444 2360 XL.
466 2298 535 2361 dier
550 2297 632 2380 copti
655 2299 695 2361 ub
709 2296 897 2363 officialibus
914 2298 1054 2381 episcopi
1074 2299 1108 2361 in
1122 2316 1193 2362 car·

161 2425 234 2471 cere
255 2408 464 2482 detineantur,
486 2428 596 2472 omnes
617 2429 670 2473 ree
690 2428 780 2483 suec,
802 2428 882 2492 ques
901 2416 977 2472 tunc
996 2428 1071 2492 erge
1086 2429 1120 2474 oe
1133 2408 1193 2475 hu·

160 2519 302 2594 iruerint,
324 2521 507 2584 emittendo.

243 2628 289 2714 (i)
311 2632 377 2694 Hoc
391 2633 487 2716 igitur
501 2633 605 2695 omnin
619 2631 779 2716 predicte,
800 2651 820 2696 o
835 2631 925 2696 nobie
944 2638 977 2697 et
989 2652 1009 2697 u
1022 2634 1193 2717 prodece-

163 2745 285 2809 corihus
305 2746 417 2808 nostris
438 2753 569 2820 statuto,
591 2766 652 2829 que
674 2747 712 2809 ub
732 2746 778 2810 eie
799 2751 832 2810 et
851 2746 976 2809 anobis
989 2765 1091 2829 usqne
1106 2764 1192 2813 nunc

163 2862 236 2921 eunt
251 2856 429 2930 obseruate,
443 2856 488 2919 cic
502 2856 634 2921 tirmiter
647 2857 680 2920 in
696 2864 885 2941 perpetuom
899 2877 919 2922 o
935 2857 1007 2922 titiis
1022 2866 1055 2922 et
1065 2858 1193 2923 heredi-

163 2967 223 3031 bus
236 2968 352 3032 nostris
366 2969 513 3033 uolumus
528 2971 708 3045 obseruari,
727 2979 763 3033 ut
780 2971 815 3033 in
834 2969 921 3034 nullo
935 2971 1090 3034 excedere
1103 2970 1194 3035 uido'-
1286 2982 1289 2987 '

163 3088 256 3143 untur
277 3083 471 3164 occeptundo
492 3082 612 3165 aliquid
633 3093 744 3148 contro
765 3083 834 3148 iure
854 3083 998 3165 predicte
1011 3102 1073 3165 que
1093 3089 1193 3147 tun-u

163 3192 265 3267 nobie,
295 3210 389 3276 quum
415 3212 433 3256 u
455 3193 552 3257 fratre
578 3203 704 3269 noetro,
736 3194 837 3257 felicis
862 3194 1096 3259 recordacionis
1115 3212 1193 3277 rego

162 3306 312 3381 ilenrico,
344 3326 439 3389 quum
463 3305 564 3370 coium
593 3326 611 3369 u
636 3306 803 3370 iundutore
827 3306 969 3389 predicto
991 3305 1191 3369 sanctissimo

163 3438 239 3502 rege
262 3418 427 3491 Ledioiuo,
456 3416 510 3480 uei
529 3417 628 3482 eciem
649 3418 689 3480 ao
708 3415 777 3480 eliis
797 3416 941 3499 regibus,
968 3416 1038 3479 ciue
1058 3413 1193 3481 oudone

161 3540 234 3595 eunt
248 3530 362 3595 coiiute
379 3539 411 3594 et
427 3548 588 3593 concessu.

243 3640 289 3724 (5)
310 3643 364 3718 Et,
385 3641 411 3706 oi
426 3640 538 3724 uliquis
558 3642 660 3705 benur
680 3641 749 3706 siue
769 3640 834 3704 dux
854 3640 975 3724 uliquid
989 3646 1100 3705 contro
1118 3658 1193 3725 pre-

162 3755 243 3819 dicte
263 3756 335 3820 inre
357 3762 510 3819 attentare
531 3755 754 3838 presumserit,
775 3754 862 3835 quod
874 3770 948 3817 non
970 3752 1192 3830 credimumd

161 3867 257 3932 fuerit
271 3869 311 3932 de
325 3867 427 3951 reguli
441 3867 610 3951 progenie,
631 3874 764 3952 paterno
777 3865 999 3930 meledictione
1014 3866 1194 3951 incompre-

159 3978 323 4045 hensibilis
342 3979 559 4045 amaritudinis
579 3980 817 4064 inperpetuum
835 3979 1045 4062 percucietur,
1065 3988 1097 4046 et
1109 3996 1192 4047 nuu-

161 4112 256 4180 quum
269 4092 311 4158 ed
325 4111 488 4169 coronam,
508 4111 602 4179 quum
617 4090 809 4158 hereditario
821 4092 892 4159 iure
909 4091 1029 4159 hebere
1043 4091 1191 4168 debota

158 4203 469 4299 perditionum,
486 4205 626 4277 ucdtoto
640 4213 784 4299 tempore
804 4205 871 4279 u’tc
887 4204 1008 4277 mouit
1023 4204 1192 4299 me
