<?xml version="1.0" encoding="UTF-8"?>
<!DOCTYPE html PUBLIC "-//W3C//DTD XHTML 1.0 Transitional//EN"
    "http://www.w3.org/TR/xhtml1/DTD/xhtml1-transitional.dtd">
<html xmlns="http://www.w3.org/1999/xhtml" xml:lang="en" lang="en">
 <head>
  <title>
</title>
<meta http-equiv="Content-Type" content="text/html;charset=utf-8" />
  <meta name='ocr-system' content='tesseract 3.04.00' />
  <meta name='ocr-capabilities' content='ocr_page ocr_carea ocr_par ocr_line ocrx_word'/>
</head>
<body>
  <div class='ocr_page' id='page_1' title='image "./rerumhungaricar00endlgoog/rerumhungaricar00endlgoog_0103.png"; bbox 0 0 2798 4764; ppageno 0'>
   <div class='ocr_carea' id='block_1_1' title="bbox 230 296 1076 402">
    <p class='ocr_par' dir='ltr' id='par_1_1' title="bbox 230 296 1076 402">
     <span class='ocr_line' id='line_1_1' title="bbox 230 296 1076 402; baseline -0.007 -9"><span class='ocrx_word' id='word_1_1' title='bbox 230 296 272 393; x_wconf 75' lang='lat' dir='ltr'>td</span> <span class='ocrx_word' id='word_1_2' title='bbox 402 316 522 393; x_wconf 72' lang='lat' dir='ltr'>soom</span> <span class='ocrx_word' id='word_1_3' title='bbox 542 346 583 391; x_wconf 83' lang='lat' dir='ltr'>ns</span> <span class='ocrx_word' id='word_1_4' title='bbox 604 342 687 391; x_wconf 77' lang='lat' dir='ltr'>uras</span> <span class='ocrx_word' id='word_1_5' title='bbox 708 339 807 390; x_wconf 78' lang='lat' dir='ltr'>ossas</span> <span class='ocrx_word' id='word_1_6' title='bbox 826 338 994 391; x_wconf 79' lang='lat' dir='ltr'>nmsonou</span> <span class='ocrx_word' id='word_1_7' title='bbox 1014 322 1076 402; x_wconf 78' lang='lat'><strong>(2).</strong></span> 
     </span>
    </p>
   </div>
   <div class='ocr_carea' id='block_1_2' title="bbox 159 495 1259 4264">
    <p class='ocr_par' dir='ltr' id='par_1_2' title="bbox 159 495 1259 4264">
     <span class='ocr_line' id='line_1_2' title="bbox 232 495 1251 582; baseline -0.006 -19"><span class='ocrx_word' id='word_1_8' title='bbox 232 500 272 563; x_wconf 86' lang='lat' dir='ltr'>ab</span> <span class='ocrx_word' id='word_1_9' title='bbox 291 500 432 565; x_wconf 78' lang='lat' dir='ltr'>hostibus</span> <span class='ocrx_word' id='word_1_10' title='bbox 453 502 659 575; x_wconf 78' lang='lat' dir='ltr'><strong>custodirent,</strong></span> <span class='ocrx_word' id='word_1_11' title='bbox 681 499 873 582; x_wconf 79' lang='lat' dir='ltr'>eleuatisque</span> <span class='ocrx_word' id='word_1_12' title='bbox 895 497 1032 562; x_wconf 89' lang='lat' dir='ltr'>baneriis</span> <span class='ocrx_word' id='word_1_13' title='bbox 1053 495 1251 580; x_wconf 75' lang='lat' dir='ltr'>egredientes</span> 
     </span>
     <span class='ocr_line' id='line_1_3' title="bbox 230 608 1252 677; baseline -0.005 -3"><span class='ocrx_word' id='word_1_14' title='bbox 230 610 398 676; x_wconf 84' lang='lat' dir='ltr'>Bessorum</span> <span class='ocrx_word' id='word_1_15' title='bbox 410 620 441 676; x_wconf 92' lang='lat' dir='ltr'>et</span> <span class='ocrx_word' id='word_1_16' title='bbox 452 612 659 677; x_wconf 86' lang='lat' dir='ltr'>Cumanorum</span> <span class='ocrx_word' id='word_1_17' title='bbox 674 610 817 675; x_wconf 91' lang='lat' dir='ltr'>alborum</span> <span class='ocrx_word' id='word_1_18' title='bbox 831 621 930 675; x_wconf 89' lang='lat' dir='ltr'>terras</span> <span class='ocrx_word' id='word_1_19' title='bbox 941 609 1115 674; x_wconf 69' lang='lat' dir='ltr'>transirent.</span> <span class='ocrx_word' id='word_1_20' title='bbox 1137 608 1252 671; x_wconf 88' lang='lat' dir='ltr'>deiude</span> 
     </span>
     <span class='ocr_line' id='line_1_4' title="bbox 231 723 1252 808; baseline -0.005 -20"><span class='ocrx_word' id='word_1_21' title='bbox 231 724 423 800; x_wconf 82' lang='lat' dir='ltr'>Sosdaliam,</span> <span class='ocrx_word' id='word_1_22' title='bbox 450 726 655 801; x_wconf 84' lang='lat' dir='ltr'>Rutbeniam,</span> <span class='ocrx_word' id='word_1_23' title='bbox 682 733 714 789; x_wconf 91' lang='lat' dir='ltr'>et</span> <span class='ocrx_word' id='word_1_24' title='bbox 734 726 893 808; x_wconf 89' lang='lat' dir='ltr'>nigrorum</span> <span class='ocrx_word' id='word_1_25' title='bbox 919 723 1128 787; x_wconf 79' lang='lat' dir='ltr'><strong>comanorum</strong></span> <span class='ocrx_word' id='word_1_26' title='bbox 1154 728 1252 784; x_wconf 86' lang='lat' dir='ltr'>terras</span> 
     </span>
     <span class='ocr_line' id='line_1_5' title="bbox 231 831 1253 921; baseline -0.003 -22"><span class='ocrx_word' id='word_1_27' title='bbox 231 834 383 919; x_wconf 88' lang='lat' dir='ltr'>ingressi,</span> <span class='ocrx_word' id='word_1_28' title='bbox 406 836 531 902; x_wconf 93' lang='lat' dir='ltr'>tandem</span> <span class='ocrx_word' id='word_1_29' title='bbox 555 858 653 921; x_wconf 89' lang='lat' dir='ltr'>usque</span> <span class='ocrx_word' id='word_1_30' title='bbox 669 838 740 900; x_wconf 89' lang='lat' dir='ltr'>Tize</span> <span class='ocrx_word' id='word_1_31' title='bbox 761 838 877 900; x_wconf 86' lang='lat' dir='ltr'>dumeo</span> <span class='ocrx_word' id='word_1_32' title='bbox 898 833 994 900; x_wconf 86' lang='lat' dir='ltr'>saluis</span> <span class='ocrx_word' id='word_1_33' title='bbox 1015 834 1124 908; x_wconf 88' lang='lat' dir='ltr'>rebus,</span> <span class='ocrx_word' id='word_1_34' title='bbox 1148 831 1253 896; x_wconf 90' lang='lat' dir='ltr'>inuitis</span> 
     </span>
     <span class='ocr_line' id='line_1_6' title="bbox 232 943 1255 1031; baseline -0.005 -22"><span class='ocrx_word' id='word_1_35' title='bbox 232 947 374 1031; x_wconf 87' lang='lat' dir='ltr'>gentibus</span> <span class='ocrx_word' id='word_1_36' title='bbox 390 947 516 1030; x_wconf 85' lang='lat' dir='ltr'>pretatis</span> <span class='ocrx_word' id='word_1_37' title='bbox 528 956 748 1030; x_wconf 84' lang='lat' dir='ltr'>peruenerunt.</span> <span class='ocrx_word' id='word_1_38' title='bbox 770 967 832 1030; x_wconf 88' lang='lat' dir='ltr'>qua</span> <span class='ocrx_word' id='word_1_39' title='bbox 842 946 970 1030; x_wconf 90' lang='lat' dir='ltr'>quidem</span> <span class='ocrx_word' id='word_1_40' title='bbox 981 946 1109 1028; x_wconf 81' lang='lat' dir='ltr'>regione</span> <span class='ocrx_word' id='word_1_41' title='bbox 1121 943 1255 1007; x_wconf 87' lang='lat' dir='ltr'>circum-</span> 
     </span>
     <span class='ocr_line' id='line_1_7' title="bbox 231 1055 1254 1143; baseline -0.006 -20"><span class='ocrx_word' id='word_1_42' title='bbox 231 1068 354 1142; x_wconf 88' lang='lat' dir='ltr'>specta,</span> <span class='ocrx_word' id='word_1_43' title='bbox 376 1060 460 1124; x_wconf 92' lang='lat' dir='ltr'>omni</span> <span class='ocrx_word' id='word_1_44' title='bbox 482 1061 562 1125; x_wconf 88' lang='lat' dir='ltr'>cetui</span> <span class='ocrx_word' id='word_1_45' title='bbox 585 1061 769 1143; x_wconf 81' lang='lat' dir='ltr'>complacuit</span> <span class='ocrx_word' id='word_1_46' title='bbox 787 1078 852 1122; x_wconf 89' lang='lat' dir='ltr'>non</span> <span class='ocrx_word' id='word_1_47' title='bbox 873 1055 1019 1121; x_wconf 77' lang='lat' dir='ltr'>incedere</span> <span class='ocrx_word' id='word_1_48' title='bbox 1038 1056 1167 1120; x_wconf 87' lang='lat' dir='ltr'>ulterius</span> <span class='ocrx_word' id='word_1_49' title='bbox 1182 1074 1254 1118; x_wconf 91' lang='lat' dir='ltr'>cum</span> 
     </span>
     <span class='ocr_line' id='line_1_8' title="bbox 232 1166 1255 1235; baseline -0.003 -2"><span class='ocrx_word' id='word_1_50' title='bbox 232 1171 378 1235; x_wconf 80' lang='lat' dir='ltr'>armentis</span> <span class='ocrx_word' id='word_1_51' title='bbox 399 1180 431 1235; x_wconf 92' lang='lat' dir='ltr'>et</span> <span class='ocrx_word' id='word_1_52' title='bbox 451 1169 576 1235; x_wconf 80' lang='lat' dir='ltr'>inmitia.</span> <span class='ocrx_word' id='word_1_53' title='bbox 607 1192 678 1234; x_wconf 87' lang='lat' dir='ltr'>cum</span> <span class='ocrx_word' id='word_1_54' title='bbox 697 1172 846 1235; x_wconf 86' lang='lat' dir='ltr'>uxoribus</span> <span class='ocrx_word' id='word_1_55' title='bbox 866 1171 979 1235; x_wconf 89' lang='lat' dir='ltr'>etenim</span> <span class='ocrx_word' id='word_1_56' title='bbox 1001 1166 1209 1233; x_wconf 83' lang='lat' dir='ltr'>tabernacutis</span> <span class='ocrx_word' id='word_1_57' title='bbox 1224 1176 1255 1230; x_wconf 89' lang='lat' dir='ltr'>et</span> 
     </span>
     <span class='ocr_line' id='line_1_9' title="bbox 230 1280 1254 1367; baseline -0.003 -21"><span class='ocrx_word' id='word_1_58' title='bbox 230 1281 312 1367; x_wconf 90' lang='lat' dir='ltr'>bigis</span> <span class='ocrx_word' id='word_1_59' title='bbox 333 1280 560 1347; x_wconf 88' lang='lat' dir='ltr'>descenderant</span> <span class='ocrx_word' id='word_1_60' title='bbox 580 1286 619 1347; x_wconf 91' lang='lat' dir='ltr'>de</span> <span class='ocrx_word' id='word_1_61' title='bbox 642 1303 750 1347; x_wconf 91' lang='lat' dir='ltr'>eorum</span> <span class='ocrx_word' id='word_1_62' title='bbox 770 1290 869 1358; x_wconf 90' lang='lat' dir='ltr'>terra,</span> <span class='ocrx_word' id='word_1_63' title='bbox 899 1302 1031 1365; x_wconf 89' lang='lat' dir='ltr'>cumque</span> <span class='ocrx_word' id='word_1_64' title='bbox 1053 1302 1091 1345; x_wconf 90' lang='lat' dir='ltr'>eo</span> <span class='ocrx_word' id='word_1_65' title='bbox 1112 1290 1254 1365; x_wconf 89' lang='lat' dir='ltr'>tempore</span> 
     </span>
     <span class='ocr_line' id='line_1_10' title="bbox 231 1392 1255 1480; baseline -0.005 -21"><span class='ocrx_word' id='word_1_66' title='bbox 231 1392 437 1470; x_wconf 85' lang='lat' dir='ltr'>Pannoniam,</span> <span class='ocrx_word' id='word_1_67' title='bbox 467 1395 686 1480; x_wconf 86' lang='lat' dir='ltr'>Pamphiliam,</span> <span class='ocrx_word' id='word_1_68' title='bbox 713 1396 900 1480; x_wconf 84' lang='lat' dir='ltr'>Phrygiam,</span> <span class='ocrx_word' id='word_1_69' title='bbox 928 1393 1162 1468; x_wconf 84' lang='lat' dir='ltr'>Macedoniam,</span> <span class='ocrx_word' id='word_1_70' title='bbox 1183 1392 1255 1457; x_wconf 86' lang='lat' dir='ltr'>Dal·</span> 
     </span>
     <span class='ocr_line' id='line_1_11' title="bbox 232 1505 1254 1590; baseline -0.001 -21"><span class='ocrx_word' id='word_1_71' title='bbox 232 1507 424 1590; x_wconf 77' lang='lat' dir='ltr'>maciemque</span> <span class='ocrx_word' id='word_1_72' title='bbox 440 1509 593 1572; x_wconf 80' lang='lat' dir='ltr'>tetrarcha</span> <span class='ocrx_word' id='word_1_73' title='bbox 607 1509 764 1571; x_wconf 81' lang='lat' dir='ltr'>Macrinus</span> <span class='ocrx_word' id='word_1_74' title='bbox 784 1507 916 1571; x_wconf 80' lang='lat' dir='ltr'>nacione</span> <span class='ocrx_word' id='word_1_75' title='bbox 927 1505 1163 1589; x_wconf 87' lang='lat' dir='ltr'>Longobardus,</span> <span class='ocrx_word' id='word_1_76' title='bbox 1176 1505 1254 1568; x_wconf 87' lang='lat' dir='ltr'>urbe</span> 
     </span>
     <span class='ocr_line' id='line_1_12' title="bbox 232 1616 1254 1700; baseline -0.001 -21"><span class='ocrx_word' id='word_1_77' title='bbox 232 1617 361 1680; x_wconf 82' lang='lat' dir='ltr'>Sabaria</span> <span class='ocrx_word' id='word_1_78' title='bbox 388 1618 538 1682; x_wconf 90' lang='lat' dir='ltr'>oriundus</span> <span class='ocrx_word' id='word_1_79' title='bbox 561 1620 765 1700; x_wconf 82' lang='lat' dir='ltr'>gubernaret,</span> <span class='ocrx_word' id='word_1_80' title='bbox 794 1618 887 1681; x_wconf 86' lang='lat' dir='ltr'>armis</span> <span class='ocrx_word' id='word_1_81' title='bbox 914 1616 1032 1681; x_wconf 88' lang='lat' dir='ltr'>beilicis</span> <span class='ocrx_word' id='word_1_82' title='bbox 1061 1617 1254 1691; x_wconf 77' lang='lat' dir='ltr'>informatus,</span> 
     </span>
     <span class='ocr_line' id='line_1_13' title="bbox 233 1726 1254 1812; baseline -0.002 -21"><span class='ocrx_word' id='word_1_83' title='bbox 233 1728 339 1792; x_wconf 89' lang='lat' dir='ltr'>audito</span> <span class='ocrx_word' id='word_1_84' title='bbox 360 1729 445 1812; x_wconf 84' lang='lat' dir='ltr'>quod</span> <span class='ocrx_word' id='word_1_85' title='bbox 466 1730 549 1792; x_wconf 89' lang='lat' dir='ltr'>Huni</span> <span class='ocrx_word' id='word_1_86' title='bbox 571 1750 665 1812; x_wconf 90' lang='lat' dir='ltr'>super</span> <span class='ocrx_word' id='word_1_87' title='bbox 680 1730 785 1793; x_wconf 85' lang='lat' dir='ltr'>Tizam</span> <span class='ocrx_word' id='word_1_88' title='bbox 806 1728 1011 1802; x_wconf 89' lang='lat' dir='ltr'>resedissent,</span> <span class='ocrx_word' id='word_1_89' title='bbox 1038 1729 1128 1792; x_wconf 89' lang='lat' dir='ltr'>etde</span> <span class='ocrx_word' id='word_1_90' title='bbox 1150 1727 1200 1790; x_wconf 92' lang='lat' dir='ltr'>die</span> <span class='ocrx_word' id='word_1_91' title='bbox 1222 1726 1254 1790; x_wconf 93' lang='lat' dir='ltr'>in</span> 
     </span>
     <span class='ocr_line' id='line_1_14' title="bbox 233 1839 1255 1925; baseline -0.001 -21"><span class='ocrx_word' id='word_1_92' title='bbox 233 1841 317 1905; x_wconf 92' lang='lat' dir='ltr'>diem</span> <span class='ocrx_word' id='word_1_93' title='bbox 330 1839 505 1906; x_wconf 77' lang='lat' dir='ltr'>lacerarent</span> <span class='ocrx_word' id='word_1_94' title='bbox 519 1862 648 1925; x_wconf 88' lang='lat' dir='ltr'>regnum</span> <span class='ocrx_word' id='word_1_95' title='bbox 661 1841 738 1915; x_wconf 90' lang='lat' dir='ltr'>eius,</span> <span class='ocrx_word' id='word_1_96' title='bbox 752 1862 823 1905; x_wconf 90' lang='lat' dir='ltr'>cum</span> <span class='ocrx_word' id='word_1_97' title='bbox 839 1840 991 1924; x_wconf 86' lang='lat' dir='ltr'>aiumpois</span> <span class='ocrx_word' id='word_1_98' title='bbox 1005 1840 1093 1924; x_wconf 89' lang='lat' dir='ltr'>regni</span> <span class='ocrx_word' id='word_1_99' title='bbox 1107 1839 1155 1903; x_wconf 92' lang='lat' dir='ltr'>sui</span> <span class='ocrx_word' id='word_1_100' title='bbox 1169 1840 1255 1922; x_wconf 82' lang='lat' dir='ltr'>ipsos</span> 
     </span>
     <span class='ocr_line' id='line_1_15' title="bbox 232 1949 1255 2035; baseline 0 -20"><span class='ocrx_word' id='word_1_101' title='bbox 232 1951 362 2035; x_wconf 82' lang='lat' dir='ltr'>aggredi</span> <span class='ocrx_word' id='word_1_102' title='bbox 384 1951 598 2028; x_wconf 79' lang='lat' dir='ltr'>reformidans,</span> <span class='ocrx_word' id='word_1_103' title='bbox 620 1952 659 2016; x_wconf 92' lang='lat' dir='ltr'>ad</span> <span class='ocrx_word' id='word_1_104' title='bbox 675 1955 832 2015; x_wconf 83' lang='lat' dir='ltr'>Romanos</span> <span class='ocrx_word' id='word_1_105' title='bbox 853 1973 926 2017; x_wconf 90' lang='lat' dir='ltr'>suos</span> <span class='ocrx_word' id='word_1_106' title='bbox 942 1953 1072 2015; x_wconf 91' lang='lat' dir='ltr'>nuncios</span> <span class='ocrx_word' id='word_1_107' title='bbox 1087 1949 1255 2015; x_wconf 83' lang='lat' dir='ltr'>destinauit</span> 
     </span>
     <span class='ocr_line' id='line_1_16' title="bbox 233 2063 1255 2149; baseline -0.003 -23"><span class='ocrx_word' id='word_1_108' title='bbox 233 2071 342 2127; x_wconf 89' lang='lat' dir='ltr'>contra</span> <span class='ocrx_word' id='word_1_109' title='bbox 363 2063 471 2128; x_wconf 82' lang='lat' dir='ltr'>Hunos</span> <span class='ocrx_word' id='word_1_110' title='bbox 500 2066 652 2149; x_wconf 89' lang='lat' dir='ltr'>petiturus</span> <span class='ocrx_word' id='word_1_111' title='bbox 680 2074 805 2148; x_wconf 88' lang='lat' dir='ltr'>gentem</span> <span class='ocrx_word' id='word_1_112' title='bbox 830 2075 861 2129; x_wconf 89' lang='lat' dir='ltr'>et</span> <span class='ocrx_word' id='word_1_113' title='bbox 884 2064 1030 2129; x_wconf 81' lang='lat' dir='ltr'>auxilium</span> <span class='ocrx_word' id='word_1_114' title='bbox 1054 2063 1255 2128; x_wconf 90' lang='lat' dir='ltr'>commodari.</span> 
     </span>
     <span class='ocr_line' id='line_1_17' title="bbox 233 2175 1255 2260; baseline -0.002 -21"><span class='ocrx_word' id='word_1_115' title='bbox 233 2192 273 2239; x_wconf 83' lang='lat' dir='ltr'>ex</span> <span class='ocrx_word' id='word_1_116' title='bbox 285 2183 372 2258; x_wconf 85' lang='lat' dir='ltr'>parte</span> <span class='ocrx_word' id='word_1_117' title='bbox 387 2177 503 2240; x_wconf 91' lang='lat' dir='ltr'>etenim</span> <span class='ocrx_word' id='word_1_118' title='bbox 516 2177 726 2241; x_wconf 88' lang='lat' dir='ltr'>Romanorum</span> <span class='ocrx_word' id='word_1_119' title='bbox 741 2178 772 2240; x_wconf 90' lang='lat' dir='ltr'>in</span> <span class='ocrx_word' id='word_1_120' title='bbox 787 2177 932 2260; x_wconf 76' lang='lat' dir='ltr'>predictis</span> <span class='ocrx_word' id='word_1_121' title='bbox 951 2176 1057 2260; x_wconf 89' lang='lat' dir='ltr'>patriis</span> <span class='ocrx_word' id='word_1_122' title='bbox 1072 2175 1255 2259; x_wconf 66' lang='lat' dir='ltr'>imperabat,</span> 
     </span>
     <span class='ocr_line' id='line_1_18' title="bbox 231 2286 1259 2354; baseline 0.003 -7"><span class='ocrx_word' id='word_1_123' title='bbox 231 2286 319 2348; x_wconf 86' lang='lat' dir='ltr'>Tunc</span> <span class='ocrx_word' id='word_1_124' title='bbox 340 2287 472 2351; x_wconf 83' lang='lat' dir='ltr'>Romani</span> <span class='ocrx_word' id='word_1_125' title='bbox 493 2287 641 2353; x_wconf 79' lang='lat' dir='ltr'>Ititricum</span> <span class='ocrx_word' id='word_1_126' title='bbox 663 2290 874 2354; x_wconf 89' lang='lat' dir='ltr'>Ueronensem</span> <span class='ocrx_word' id='word_1_127' title='bbox 894 2287 1100 2352; x_wconf 77' lang='lat' dir='ltr'>bismannum</span> <span class='ocrx_word' id='word_1_128' title='bbox 1122 2287 1259 2350; x_wconf 84' lang='lat' dir='ltr'>nacione</span> 
     </span>
     <span class='ocr_line' id='line_1_19' title="bbox 230 2396 1255 2485; baseline 0.001 -24"><span class='ocrx_word' id='word_1_129' title='bbox 230 2396 283 2463; x_wconf 87' lang='lat' dir='ltr'>ilio</span> <span class='ocrx_word' id='word_1_130' title='bbox 303 2399 335 2462; x_wconf 91' lang='lat' dir='ltr'>in</span> <span class='ocrx_word' id='word_1_131' title='bbox 360 2406 500 2483; x_wconf 87' lang='lat' dir='ltr'>tempore</span> <span class='ocrx_word' id='word_1_132' title='bbox 526 2421 677 2484; x_wconf 90' lang='lat' dir='ltr'>superse</span> <span class='ocrx_word' id='word_1_133' title='bbox 698 2403 817 2485; x_wconf 79' lang='lat' dir='ltr'>Regem</span> <span class='ocrx_word' id='word_1_134' title='bbox 843 2400 1038 2484; x_wconf 82' lang='lat' dir='ltr'>prefecerant</span> <span class='ocrx_word' id='word_1_135' title='bbox 1061 2398 1255 2473; x_wconf 85' lang='lat' dir='ltr'>uoluntario,</span> 
     </span>
     <span class='ocr_line' id='line_1_20' title="bbox 232 2509 1254 2596; baseline 0.001 -24"><span class='ocrx_word' id='word_1_136' title='bbox 232 2530 326 2594; x_wconf 82' lang='lat' dir='ltr'>quem</span> <span class='ocrx_word' id='word_1_137' title='bbox 340 2520 493 2594; x_wconf 88' lang='lat' dir='ltr'>petentes,</span> <span class='ocrx_word' id='word_1_138' title='bbox 515 2523 548 2577; x_wconf 85' lang='lat' dir='ltr'>ut</span> <span class='ocrx_word' id='word_1_139' title='bbox 561 2515 699 2578; x_wconf 79' lang='lat' dir='ltr'>Macrino</span> <span class='ocrx_word' id='word_1_140' title='bbox 721 2515 892 2579; x_wconf 89' lang='lat' dir='ltr'>subsidium</span> <span class='ocrx_word' id='word_1_141' title='bbox 915 2513 1103 2596; x_wconf 85' lang='lat' dir='ltr'>importaret.</span> <span class='ocrx_word' id='word_1_142' title='bbox 1134 2509 1254 2576; x_wconf 84' lang='lat' dir='ltr'>Ditrico</span> 
     </span>
     <span class='ocr_line' id='line_1_21' title="bbox 231 2621 1255 2708; baseline 0.003 -26"><span class='ocrx_word' id='word_1_143' title='bbox 231 2640 307 2705; x_wconf 90' lang='lat' dir='ltr'>ergo</span> <span class='ocrx_word' id='word_1_144' title='bbox 329 2622 433 2687; x_wconf 90' lang='lat' dir='ltr'>animo</span> <span class='ocrx_word' id='word_1_145' title='bbox 455 2626 586 2707; x_wconf 85' lang='lat' dir='ltr'>gratanti</span> <span class='ocrx_word' id='word_1_146' title='bbox 606 2635 762 2695; x_wconf 88' lang='lat' dir='ltr'>annuente</span> <span class='ocrx_word' id='word_1_147' title='bbox 778 2646 924 2708; x_wconf 88' lang='lat' dir='ltr'>egressus</span> <span class='ocrx_word' id='word_1_148' title='bbox 944 2644 1014 2686; x_wconf 91' lang='lat' dir='ltr'>cum</span> <span class='ocrx_word' id='word_1_149' title='bbox 1037 2621 1175 2686; x_wconf 87' lang='lat' dir='ltr'>exercitu</span> <span class='ocrx_word' id='word_1_150' title='bbox 1194 2621 1255 2685; x_wconf 85' lang='lat' dir='ltr'>ita·</span> 
     </span>
     <span class='ocr_line' id='line_1_22' title="bbox 230 2728 1256 2819; baseline 0.002 -26"><span class='ocrx_word' id='word_1_151' title='bbox 230 2728 302 2806; x_wconf 91' lang='lat' dir='ltr'>lico,</span> <span class='ocrx_word' id='word_1_152' title='bbox 324 2732 508 2796; x_wconf 86' lang='lat' dir='ltr'>Germanico</span> <span class='ocrx_word' id='word_1_153' title='bbox 527 2755 563 2797; x_wconf 89' lang='lat' dir='ltr'>ac</span> <span class='ocrx_word' id='word_1_154' title='bbox 584 2737 695 2799; x_wconf 89' lang='lat' dir='ltr'>ceteris</span> <span class='ocrx_word' id='word_1_155' title='bbox 716 2736 819 2799; x_wconf 83' lang='lat' dir='ltr'>mixtis</span> <span class='ocrx_word' id='word_1_156' title='bbox 842 2736 984 2819; x_wconf 86' lang='lat' dir='ltr'>gentibus</span> <span class='ocrx_word' id='word_1_157' title='bbox 1000 2733 1169 2798; x_wconf 88' lang='lat' dir='ltr'>occidentis</span> <span class='ocrx_word' id='word_1_158' title='bbox 1183 2753 1256 2816; x_wconf 89' lang='lat' dir='ltr'>per·</span> 
     </span>
     <span class='ocr_line' id='line_1_23' title="bbox 159 2842 1256 2930; baseline 0 -24"><span class='ocrx_word' id='word_1_159' title='bbox 159 2868 162 2876; x_wconf 67' lang='lat'><strong><em>¹</em></strong></span> <span class='ocrx_word' id='word_1_160' title='bbox 231 2844 321 2907; x_wconf 90' lang='lat' dir='ltr'>uenit</span> <span class='ocrx_word' id='word_1_161' title='bbox 333 2843 365 2906; x_wconf 90' lang='lat' dir='ltr'>in</span> <span class='ocrx_word' id='word_1_162' title='bbox 379 2842 540 2920; x_wconf 86' lang='lat' dir='ltr'>Zazbolm,</span> <span class='ocrx_word' id='word_1_163' title='bbox 561 2847 612 2909; x_wconf 89' lang='lat' dir='ltr'>ubi</span> <span class='ocrx_word' id='word_1_164' title='bbox 627 2846 685 2929; x_wconf 85' lang='lat' dir='ltr'>ipsi</span> <span class='ocrx_word' id='word_1_165' title='bbox 701 2847 900 2930; x_wconf 87' lang='lat' dir='ltr'>Longobardi</span> <span class='ocrx_word' id='word_1_166' title='bbox 914 2852 1129 2910; x_wconf 85' lang='lat' dir='ltr'>conuenerunt</span> <span class='ocrx_word' id='word_1_167' title='bbox 1144 2844 1183 2908; x_wconf 84' lang='lat' dir='ltr'>ad</span> <span class='ocrx_word' id='word_1_168' title='bbox 1197 2843 1256 2907; x_wconf 86' lang='lat' dir='ltr'>Po·</span> 
     </span>
     <span class='ocr_line' id='line_1_24' title="bbox 232 2955 1255 3042; baseline -0.001 -23"><span class='ocrx_word' id='word_1_169' title='bbox 232 2955 405 3020; x_wconf 84' lang='lat' dir='ltr'>tensionem</span> <span class='ocrx_word' id='word_1_170' title='bbox 429 2957 586 3023; x_wconf 88' lang='lat' dir='ltr'>ciuitatem</span> <span class='ocrx_word' id='word_1_171' title='bbox 609 2965 802 3042; x_wconf 85' lang='lat' dir='ltr'>pertractans</span> <span class='ocrx_word' id='word_1_172' title='bbox 824 2979 894 3022; x_wconf 89' lang='lat' dir='ltr'>cum</span> <span class='ocrx_word' id='word_1_173' title='bbox 917 2957 1055 3021; x_wconf 80' lang='lat' dir='ltr'>Macrino</span> <span class='ocrx_word' id='word_1_174' title='bbox 1075 2957 1255 3020; x_wconf 86' lang='lat' dir='ltr'>consitium:</span> 
     </span>
     <span class='ocr_line' id='line_1_25' title="bbox 231 3066 1256 3145; baseline -0.001 -14"><span class='ocrx_word' id='word_1_175' title='bbox 231 3076 335 3131; x_wconf 91' lang='lat' dir='ltr'>utrum</span> <span class='ocrx_word' id='word_1_176' title='bbox 344 3066 455 3133; x_wconf 86' lang='lat' dir='ltr'>Hunos</span> <span class='ocrx_word' id='word_1_177' title='bbox 469 3069 500 3133; x_wconf 90' lang='lat' dir='ltr'>io</span> <span class='ocrx_word' id='word_1_178' title='bbox 516 3090 625 3133; x_wconf 91' lang='lat' dir='ltr'>eorum</span> <span class='ocrx_word' id='word_1_179' title='bbox 640 3072 795 3135; x_wconf 88' lang='lat' dir='ltr'>descensu</span> <span class='ocrx_word' id='word_1_180' title='bbox 810 3071 984 3134; x_wconf 86' lang='lat' dir='ltr'>Danubium</span> <span class='ocrx_word' id='word_1_181' title='bbox 1000 3071 1190 3145; x_wconf 87' lang='lat' dir='ltr'>transiendo,</span> <span class='ocrx_word' id='word_1_182' title='bbox 1205 3067 1256 3134; x_wconf 87' lang='lat' dir='ltr'>uei</span> 
     </span>
     <span class='ocr_line' id='line_1_26' title="bbox 231 3178 1256 3265; baseline 0.001 -22"><span class='ocrx_word' id='word_1_183' title='bbox 231 3180 264 3243; x_wconf 93' lang='lat' dir='ltr'>iu</span> <span class='ocrx_word' id='word_1_184' title='bbox 285 3178 345 3243; x_wconf 84' lang='lat' dir='ltr'>aiio</span> <span class='ocrx_word' id='word_1_185' title='bbox 366 3180 436 3244; x_wconf 86' lang='lat' dir='ltr'>ioco</span> <span class='ocrx_word' id='word_1_186' title='bbox 459 3189 649 3265; x_wconf 86' lang='lat' dir='ltr'>congruente</span> <span class='ocrx_word' id='word_1_187' title='bbox 671 3181 822 3245; x_wconf 88' lang='lat' dir='ltr'>inuadere</span> <span class='ocrx_word' id='word_1_188' title='bbox 838 3189 1005 3264; x_wconf 80' lang='lat' dir='ltr'>oporteret</span> <span class='ocrx_word' id='word_1_189' title='bbox 1025 3180 1136 3245; x_wconf 86' lang='lat' dir='ltr'>inistis</span> <span class='ocrx_word' id='word_1_190' title='bbox 1151 3180 1256 3264; x_wconf 87' lang='lat' dir='ltr'>itaque</span> 
     </span>
     <span class='ocr_line' id='line_1_27' title="bbox 233 3291 1258 3377; baseline 0 -23"><span class='ocrx_word' id='word_1_191' title='bbox 233 3291 368 3356; x_wconf 89' lang='lat' dir='ltr'>consitiis</span> <span class='ocrx_word' id='word_1_192' title='bbox 383 3300 415 3356; x_wconf 88' lang='lat' dir='ltr'>et</span> <span class='ocrx_word' id='word_1_193' title='bbox 427 3293 606 3358; x_wconf 86' lang='lat' dir='ltr'>tractatibus</span> <span class='ocrx_word' id='word_1_194' title='bbox 620 3295 734 3356; x_wconf 87' lang='lat' dir='ltr'>Ditrico</span> <span class='ocrx_word' id='word_1_195' title='bbox 745 3294 944 3377; x_wconf 84' lang='lat' dir='ltr'>biacriooque</span> <span class='ocrx_word' id='word_1_196' title='bbox 959 3292 1167 3357; x_wconf 87' lang='lat' dir='ltr'>residentibus</span> <span class='ocrx_word' id='word_1_197' title='bbox 1183 3309 1258 3354; x_wconf 91' lang='lat' dir='ltr'>noo·</span> 
     </span>
     <span class='ocr_line' id='line_1_28' title="bbox 230 3404 1257 3489; baseline -0.002 -21"><span class='ocrx_word' id='word_1_198' title='bbox 230 3404 271 3469; x_wconf 90' lang='lat' dir='ltr'>tis</span> <span class='ocrx_word' id='word_1_199' title='bbox 284 3405 414 3469; x_wconf 79' lang='lat' dir='ltr'>silencio</span> <span class='ocrx_word' id='word_1_200' title='bbox 428 3427 524 3489; x_wconf 89' lang='lat' dir='ltr'>super</span> <span class='ocrx_word' id='word_1_201' title='bbox 539 3413 625 3470; x_wconf 87' lang='lat' dir='ltr'>utros</span> <span class='ocrx_word' id='word_1_202' title='bbox 639 3406 722 3469; x_wconf 89' lang='lat' dir='ltr'>Huni</span> <span class='ocrx_word' id='word_1_203' title='bbox 737 3404 912 3471; x_wconf 83' lang='lat' dir='ltr'>Danubium</span> <span class='ocrx_word' id='word_1_204' title='bbox 928 3407 959 3468; x_wconf 91' lang='lat' dir='ltr'>in</span> <span class='ocrx_word' id='word_1_205' title='bbox 974 3405 1144 3468; x_wconf 88' lang='lat' dir='ltr'>Sicambria</span> <span class='ocrx_word' id='word_1_206' title='bbox 1158 3412 1257 3467; x_wconf 89' lang='lat' dir='ltr'>trous·</span> 
     </span>
     <span class='ocr_line' id='line_1_29' title="bbox 232 3512 1257 3601; baseline 0.003 -27"><span class='ocrx_word' id='word_1_207' title='bbox 232 3512 374 3590; x_wconf 89' lang='lat' dir='ltr'>inerunt,</span> <span class='ocrx_word' id='word_1_208' title='bbox 405 3516 576 3581; x_wconf 82' lang='lat' dir='ltr'>exercitum</span> <span class='ocrx_word' id='word_1_209' title='bbox 596 3517 725 3580; x_wconf 87' lang='lat' dir='ltr'>biacrini</span> <span class='ocrx_word' id='word_1_210' title='bbox 748 3524 780 3581; x_wconf 91' lang='lat' dir='ltr'>et</span> <span class='ocrx_word' id='word_1_211' title='bbox 801 3517 923 3592; x_wconf 87' lang='lat' dir='ltr'>Ditrici,</span> <span class='ocrx_word' id='word_1_212' title='bbox 945 3536 1038 3601; x_wconf 87' lang='lat' dir='ltr'>quem</span> <span class='ocrx_word' id='word_1_213' title='bbox 1062 3534 1173 3598; x_wconf 85' lang='lat' dir='ltr'>capere</span> <span class='ocrx_word' id='word_1_214' title='bbox 1196 3514 1257 3577; x_wconf 86' lang='lat' dir='ltr'>Po-</span> 
     </span>
     <span class='ocr_line' id='line_1_30' title="bbox 232 3626 1256 3711; baseline -0.002 -22"><span class='ocrx_word' id='word_1_215' title='bbox 232 3626 378 3690; x_wconf 83' lang='lat' dir='ltr'>tenciana</span> <span class='ocrx_word' id='word_1_216' title='bbox 407 3647 470 3690; x_wconf 90' lang='lat' dir='ltr'>noo</span> <span class='ocrx_word' id='word_1_217' title='bbox 491 3629 608 3711; x_wconf 89' lang='lat' dir='ltr'>potuit,</span> <span class='ocrx_word' id='word_1_218' title='bbox 635 3629 847 3703; x_wconf 66' lang='lat' dir='ltr'>intentoris,</span> <span class='ocrx_word' id='word_1_219' title='bbox 874 3629 989 3711; x_wconf 89' lang='lat' dir='ltr'>campis</span> <span class='ocrx_word' id='word_1_220' title='bbox 1011 3635 1256 3690; x_wconf 87' lang='lat' dir='ltr'>commorantem</span> 
     </span>
     <span class='ocr_line' id='line_1_31' title="bbox 232 3736 1256 3823; baseline 0.001 -23"><span class='ocrx_word' id='word_1_221' title='bbox 232 3736 400 3802; x_wconf 78' lang='lat' dir='ltr'>crudeliter</span> <span class='ocrx_word' id='word_1_222' title='bbox 424 3740 627 3803; x_wconf 86' lang='lat' dir='ltr'>trucidarunt.</span> <span class='ocrx_word' id='word_1_223' title='bbox 662 3761 720 3823; x_wconf 93' lang='lat' dir='ltr'>pro</span> <span class='ocrx_word' id='word_1_224' title='bbox 743 3760 805 3823; x_wconf 84' lang='lat' dir='ltr'>qua</span> <span class='ocrx_word' id='word_1_225' title='bbox 828 3742 911 3803; x_wconf 91' lang='lat' dir='ltr'>enim</span> <span class='ocrx_word' id='word_1_226' title='bbox 936 3739 1099 3804; x_wconf 87' lang='lat' dir='ltr'>inuusione</span> <span class='ocrx_word' id='word_1_227' title='bbox 1122 3739 1256 3802; x_wconf 87' lang='lat' dir='ltr'>Ditricus</span> 
     </span>
     <span class='ocr_line' id='line_1_32' title="bbox 233 3848 1257 3933; baseline -0.001 -20"><span class='ocrx_word' id='word_1_228' title='bbox 233 3849 396 3913; x_wconf 82' lang='lat' dir='ltr'>acerbatur</span> <span class='ocrx_word' id='word_1_229' title='bbox 419 3849 450 3911; x_wconf 92' lang='lat' dir='ltr'>io</span> <span class='ocrx_word' id='word_1_230' title='bbox 476 3869 621 3933; x_wconf 88' lang='lat' dir='ltr'>campum</span> <span class='ocrx_word' id='word_1_231' title='bbox 647 3852 891 3933; x_wconf 79' lang='lat' dir='ltr'>Tawsrnucneg</span> <span class='ocrx_word' id='word_1_232' title='bbox 917 3849 1032 3925; x_wconf 86' lang='lat' dir='ltr'>exiuit,</span> <span class='ocrx_word' id='word_1_233' title='bbox 1061 3869 1132 3912; x_wconf 91' lang='lat' dir='ltr'>cum</span> <span class='ocrx_word' id='word_1_234' title='bbox 1156 3848 1257 3912; x_wconf 85' lang='lat' dir='ltr'>Hunis</span> 
     </span>
     <span class='ocr_line' id='line_1_33' title="bbox 234 3959 1258 4044; baseline 0.003 -19"><span class='ocrx_word' id='word_1_235' title='bbox 234 3960 429 4026; x_wconf 89' lang='lat' dir='ltr'>committens</span> <span class='ocrx_word' id='word_1_236' title='bbox 446 3959 578 4044; x_wconf 89' lang='lat' dir='ltr'>prelium</span> <span class='ocrx_word' id='word_1_237' title='bbox 593 3981 663 4024; x_wconf 86' lang='lat' dir='ltr'>cum</span> <span class='ocrx_word' id='word_1_238' title='bbox 685 3982 813 4028; x_wconf 90' lang='lat' dir='ltr'>suorum</span> <span class='ocrx_word' id='word_1_239' title='bbox 827 3969 860 4025; x_wconf 90' lang='lat' dir='ltr'>et</span> <span class='ocrx_word' id='word_1_240' title='bbox 872 3960 1002 4025; x_wconf 78' lang='lat' dir='ltr'>Macrini</span> <span class='ocrx_word' id='word_1_241' title='bbox 1023 3959 1158 4024; x_wconf 81' lang='lat' dir='ltr'>maximo</span> <span class='ocrx_word' id='word_1_242' title='bbox 1176 3960 1258 4028; x_wconf 87' lang='lat' dir='ltr'>inte·</span> 
     </span>
     <span class='ocr_line' id='line_1_34' title="bbox 231 4071 1255 4157; baseline 0 -19"><span class='ocrx_word' id='word_1_243' title='bbox 231 4072 291 4138; x_wconf 91' lang='lat' dir='ltr'>ritu</span> <span class='ocrx_word' id='word_1_244' title='bbox 306 4093 343 4137; x_wconf 92' lang='lat' dir='ltr'>ac</span> <span class='ocrx_word' id='word_1_245' title='bbox 358 4073 506 4157; x_wconf 80' lang='lat' dir='ltr'>periculo.</span> <span class='ocrx_word' id='word_1_246' title='bbox 535 4073 635 4138; x_wconf 77' lang='lat' dir='ltr'>fertur</span> <span class='ocrx_word' id='word_1_247' title='bbox 649 4082 752 4140; x_wconf 88' lang='lat' dir='ltr'>tamen</span> <span class='ocrx_word' id='word_1_248' title='bbox 766 4075 875 4138; x_wconf 82' lang='lat' dir='ltr'>Hunos</span> <span class='ocrx_word' id='word_1_249' title='bbox 895 4075 928 4138; x_wconf 92' lang='lat' dir='ltr'>in</span> <span class='ocrx_word' id='word_1_250' title='bbox 946 4073 1007 4138; x_wconf 89' lang='lat' dir='ltr'>boc</span> <span class='ocrx_word' id='word_1_251' title='bbox 1025 4071 1096 4137; x_wconf 87' lang='lat' dir='ltr'>loco</span> <span class='ocrx_word' id='word_1_252' title='bbox 1110 4081 1255 4157; x_wconf 89' lang='lat' dir='ltr'>potenter</span> 
     </span>
     <span class='ocr_line' id='line_1_35' title="bbox 232 4183 1256 4264; baseline -0.005 -11"><span class='ocrx_word' id='word_1_253' title='bbox 232 4184 398 4253; x_wconf 77' lang='lat' dir='ltr'>dedicisse.</span> <span class='ocrx_word' id='word_1_254' title='bbox 428 4184 591 4252; x_wconf 81' lang='lat' dir='ltr'>Hunorum</span> <span class='ocrx_word' id='word_1_255' title='bbox 606 4194 708 4253; x_wconf 84' lang='lat' dir='ltr'>autern</span> <span class='ocrx_word' id='word_1_256' title='bbox 729 4183 890 4254; x_wconf 90' lang='lat' dir='ltr'>residuum</span> <span class='ocrx_word' id='word_1_257' title='bbox 904 4186 936 4252; x_wconf 89' lang='lat' dir='ltr'>iu</span> <span class='ocrx_word' id='word_1_258' title='bbox 949 4192 1066 4252; x_wconf 88' lang='lat' dir='ltr'>suaest</span> <span class='ocrx_word' id='word_1_259' title='bbox 1077 4204 1256 4264; x_wconf 83' lang='lat' dir='ltr'>reuersum,</span> 
     </span>
    </p>
   </div>
   <div class='ocr_carea' id='block_1_3' title="bbox 0 0 1406 4764">
    <p class='ocr_par' dir='ltr' id='par_1_3' title="bbox 0 0 1406 4764">
     <span class='ocr_line' id='line_1_36' title="bbox 0 0 1406 4764; baseline 0 0"><span class='ocrx_word' id='word_1_260' title='bbox 0 0 1406 4764; x_wconf 95' lang='lat' dir='ltr'> </span> 
     </span>
    </p>
   </div>
  </div>
 </body>
</html>
