2798 4764
178 345 218 410 to
392 364 531 411 morcui
552 364 650 410 cnara
671 363 881 411 uonnaaonrnr
913 342 991 426 (llll

179 538 252 581 nem
269 519 392 592 Temes,
406 520 495 582 uenit
509 502 635 582 obuiam
651 521 696 582 eis
713 519 804 592 Glad,
827 518 947 582 aculus
969 518 1120 601 progenie
1142 517 1207 582 Ola-

178 638 244 693 tum
267 631 447 705 descendit,
482 631 546 694 dux
574 630 657 694 illius
681 632 798 713 patrie,
834 650 906 693 cum
929 649 1043 713 magno
1065 630 1207 693 exercita

180 743 321 825 equitum
337 752 368 806 et
381 743 542 825 peditum,
565 743 721 806 adiutorio
733 743 944 805 Cumanorum
959 750 990 806 et
1001 743 1207 825 Bulgarorum

179 861 274 937 atque
285 853 461 917 Blaeorum.
477 855 575 919 altera
590 863 693 917 autem
708 855 758 917 die
773 855 847 917 dum
862 861 996 936 utraque
1012 854 1096 916 acies
1110 853 1208 917 inter-

176 968 300 1030 iacente
312 967 408 1029 tluuio
421 969 534 1030 Temos
549 967 588 1029 ad
603 967 739 1029 inuicem
751 967 928 1029 nullatenus
943 965 1076 1029 transire
1089 965 1206 1028 ualuis·

176 1086 234 1152 set,
249 1086 323 1141 tnnc
333 1079 458 1142 Zuardu
473 1079 607 1141 iniunxit
620 1078 709 1141 tratri
724 1098 782 1140 sno
793 1077 927 1151 Caduse,
945 1086 980 1140 ut
994 1096 1065 1138 cum
1078 1077 1208 1140 dimidia

85 1190 87 1193 ’
176 1198 265 1272 parte
280 1190 437 1253 exercitus
452 1190 501 1252 sui
515 1191 725 1254 descenderet
739 1189 880 1263 interius,
909 1197 941 1251 et
956 1188 1095 1271 quolibet
1109 1189 1205 1251 modo

176 1310 285 1383 posset
299 1309 510 1376 transmeare,
531 1309 686 1384 pugnaret
701 1309 810 1364 contra
824 1301 941 1363 hostes.
970 1301 1073 1364 statim
1089 1300 1207 1363 caduca

175 1413 333 1495 preceptis
358 1412 463 1475 fratris
486 1413 535 1475 sui
560 1414 729 1486 obediens,
757 1432 829 1474 cum
855 1412 1023 1474 medietate
1049 1411 1205 1474 exercitus

175 1525 333 1605 equitans,
356 1524 520 1586 descendit
537 1525 668 1587 inferius
690 1522 853 1588 celerrimo
875 1543 987 1596 cursu,
1014 1530 1046 1585 et
1062 1523 1144 1585 sicut
1157 1521 1205 1584 di·

175 1635 250 1697 uina
270 1635 374 1716 gracia
397 1644 466 1697 erat
486 1635 532 1697 eis
553 1635 679 1716 preuia,
701 1635 805 1697 leuem
829 1633 941 1695 habuit
964 1625 1154 1696 transitum(
1173 1640 1205 1696 et

176 1746 250 1808 dum
271 1766 424 1829 unapars
447 1747 604 1809 exercitus
626 1746 850 1828 Hungarorum
879 1764 951 1807 curn
974 1745 1097 1808 Cadusa
1120 1744 1204 1808 ultra

176 1865 278 1933 esset,
299 1866 332 1922 et
345 1859 474 1921 dimidia
489 1878 560 1941 pars
575 1878 647 1920 cum
661 1858 785 1920 Zuardu
807 1858 884 1919 citra
898 1865 999 1931 asset,
1026 1865 1100 1918 tunc
1114 1856 1203 1919 ilun-

176 1969 255 2051 garii
281 1971 372 2032 tubas
396 1968 524 2032 bellicas
546 1977 736 2042 sonuerunt,
769 1976 800 2030 et
824 1968 954 2030 tluuium
978 1967 1204 2030 transnatando

180 2083 295 2144 acriter
308 2102 450 2165 pugnare
467 2090 636 2164 ceperunt,
657 2090 690 2143 ct
703 2081 776 2163 quia
789 2081 941 2142 Dominus
956 2101 1012 2142 sua
1027 2081 1132 2162 gracia
1148 2097 1203 2141 an-

178 2194 343 2258 tecedebat
356 2195 539 2277 Hungaros,
561 2194 647 2256 dedit
670 2194 715 2256 eis
737 2192 901 2256 uictoriam
916 2212 1079 2275 magnam,
1101 2197 1132 2255 el
1145 2193 1205 2255 ini·

176 2305 248 2368 mici
260 2326 371 2369 eorum
383 2305 538 2368 cadebant
548 2312 621 2368 ante
632 2325 689 2368 eos
700 2305 781 2367 sicut
792 2304 943 2386 manipuli
955 2314 1025 2386 post
1036 2323 1211 2368 messores·

178 2429 211 2482 ct
225 2418 257 2480 in
273 2419 385 2482 eodem
406 2417 488 2481 bello
504 2418 620 2481 mortui
638 2426 711 2481 sunt
732 2418 794 2480 duo
814 2418 910 2480 duces
925 2415 1152 2490 Cumanorum,
1173 2425 1207 2480 at

176 2538 240 2594 tres
267 2532 391 2613 Kenezy
411 2531 633 2613 Bulgarorum,
669 2540 699 2594 et
722 2531 789 2612 ipse
813 2529 891 2594 Glad
913 2528 977 2592 dux
998 2549 1107 2591 corum
1128 2529 1204 2611 tuga

175 2643 281 2725 lapsus
307 2643 425 2716 euasit,
456 2643 512 2704 sed
535 2662 645 2704 ornnes
668 2643 823 2705 exercitus
847 2643 930 2715 eius,
951 2641 1112 2722 liquefacti
1136 2650 1204 2704 tan·

176 2773 271 2835 quam
286 2772 360 2815 cera
375 2772 393 2814 a
407 2752 488 2816 facie
503 2752 598 2833 ignis,
619 2752 651 2814 in
667 2773 722 2816 ore
742 2752 836 2834 gladii
851 2754 1006 2816 consumti
1020 2763 1102 2816 sunt.
1131 2762 1206 2816 tunc

176 2863 301 2925 Zuardu
315 2871 346 2925 et
357 2863 479 2925 Cadnsa
490 2870 584 2944 atque
594 2865 705 2946 Boyta,
720 2865 835 2946 adepta
847 2864 977 2927 uictoria
988 2864 1062 2928 hinc
1074 2865 1205 2948 egressi,

176 2980 333 3036 uenerunt
354 2992 465 3036 uersus
487 2972 567 3035 fines
581 2972 804 3055 Bulgarorum,
826 2983 858 3038 et
878 2984 978 3039 castra
1002 2976 1109 3039 metati
1132 2984 1206 3040 sunt

177 3086 264 3149 iuxta
278 3085 408 3147 lluuinm
423 3085 580 3149 Ponucea.
603 3087 668 3148 dux
682 3105 758 3149 uero
773 3087 851 3151 Glad
868 3087 944 3170 luga
957 3089 1080 3171 lapsus,
1101 3096 1137 3152 ut
1151 3109 1204 3151 su·

177 3218 235 3281 pra
248 3198 392 3272 diximus,
405 3207 534 3281 propter
548 3199 693 3262 timorem
708 3200 929 3282 Hungarorum
945 3210 1083 3264 castrum
1095 3202 1203 3266 Keuce

177 3310 336 3393 ingressus
360 3318 426 3384 est,
458 3318 490 3374 et
513 3311 612 3374 tercio
635 3311 686 3372 die
708 3312 832 3374 Znardu
856 3320 887 3375 et
908 3310 1031 3375 Cadusa
1055 3332 1115 3376 nec
1139 3328 1204 3375 non

177 3421 290 3504 Boyta,
311 3442 330 3484 a
350 3442 413 3504 quo
432 3442 531 3505 genus
546 3423 663 3485 Brucsa
684 3423 864 3496 descendit,
896 3424 1039 3488 ordinato
1063 3425 1204 3488 exercitu

178 3542 287 3596 contra
308 3545 444 3598 castrum
465 3536 572 3598 Keuee
596 3555 735 3619 pugnare
756 3544 920 3619 ceperunt.
948 3537 1017 3599 lloc
1039 3556 1110 3599 cum
1125 3536 1204 3600 Glad

179 3645 242 3708 dux
257 3665 366 3708 eorum
380 3648 527 3720 uidisset,
544 3649 647 3712 missis
662 3649 771 3730 legatis
786 3669 897 3730 pacem
913 3649 1012 3712 abeis
1026 3634 1135 3730 uetere
1152 3667 1205 3711 ce·

179 3757 241 3840 pit,
263 3765 295 3820 et
307 3766 444 3821 castrum
464 3777 522 3820 sua
534 3769 646 3839 sponte
662 3780 732 3823 eum
749 3760 881 3823 diuersis
896 3760 985 3822 donis
1001 3760 1204 3823 condonauit.

179 3868 251 3932 hine
267 3877 377 3932 euntes
392 3876 529 3932 castrum
546 3869 664 3932 Ursoua
679 3878 848 3952 ceperunt,
876 3869 1005 3952 Boytam
1020 3889 1090 3932 cum
1104 3869 1203 3931 tercia

131 4024 134 4029 -
179 3990 267 4063 parte
283 3980 455 4053 exercitus,
475 3998 512 4043 ae
534 3978 605 4043 filiis
623 3979 796 4045 incolarum
816 3981 849 4043 in
869 3980 994 4044 obsides
1011 3980 1140 4063 positia,
1160 3979 1203 4045 ad

181 4093 293 4158 ducem
306 4093 412 4175 Arpad
426 4092 621 4166 remiserunt,
636 4101 668 4155 ct
681 4093 810 4175 insuper
819 4093 938 4176 legatos
952 4113 1026 4156 suos
1040 4094 1202 4171 miserunt,

180 4214 217 4273 ut
229 4206 275 4273 ais
288 4205 451 4273 licenciam
464 4204 555 4273 daret
568 4204 601 4273 ia
613 4203 758 4272 Graciam
779 4205 875 4273 eundi
895 4213 930 4273 ut
944 4212 1041 4273 tuam
1053 4205 1202 4275 Macedo·
