2798 4764
208 341 273 410 st‘
484 361 605 409 smoms
625 362 666 408 ns
688 361 770 408 uses
791 359 959 410 morosos.

208 518 359 583 demones
375 518 414 582 ad
435 519 519 601 ipsas
540 517 714 591 uenientes,
735 518 942 580 concubuisse
963 537 1034 581 cum
1054 517 1130 600 ipsis
1148 519 1234 582 iuxta

209 632 327 695 dictum
344 630 482 694 &osium
503 629 689 693 reserentur.
720 648 759 691 ex
780 648 843 711 qua
864 629 992 711 quidem
1015 631 1233 693 coniunctione

208 741 285 804 dixit
303 741 470 823 ilungaros
493 739 654 802 oriundos.
680 738 737 802 sed
757 747 792 802 ut
814 740 881 802 eius
903 740 1040 803 assereio
1058 740 1160 822 palam
1181 740 1237 805 fiat

208 850 391 925 falsissima,
417 851 520 933 primo
539 868 600 934 per
619 857 738 916 textum
761 852 983 933 comprobatur
1002 852 1235 934 euangelicum:

209 964 296 1049 quod
316 963 443 1045 spiritus
464 982 591 1026 carnem
615 974 647 1027 et
661 983 733 1026 ossa
753 984 817 1025 non
830 961 965 1038 habent,
987 971 1019 1026 et
1032 966 1118 1046 quod
1134 972 1182 1027 est
1196 966 1235 1028 de

209 1094 303 1138 carne
319 1094 392 1138 caro
408 1082 470 1148 est,
491 1075 577 1156 quod
592 1083 697 1139 autem
712 1075 752 1138 de
766 1074 876 1156 spiritu
890 1076 1018 1159 spiritus
1033 1085 1091 1139 est.
1113 1085 1236 1141 contra-

210 1188 292 1267 rium
314 1206 441 1271 quoque
464 1186 585 1251 naturis
607 1208 713 1251 rerum
738 1188 854 1253 dixisse
875 1187 1040 1263 indicatur,
1061 1197 1095 1252 et
1114 1189 1237 1272 penitus

210 1275 395 1363 aduersatur
414 1290 556 1373 ueritati,
578 1302 613 1362 ut
634 1278 763 1380 s'p'ir‘itus'
783 1274 943 1381 generare
956 1278 1094 1381 possint,
1123 1298 1237 1383 quibus

210 1430 274 1474 non
289 1418 363 1474 suut
375 1430 529 1475 concessa
542 1409 696 1473 naturalia
710 1411 935 1485 instrumenta,
955 1430 1018 1493 que
1032 1411 1179 1475 uirtutem
1202 1432 1239 1475 ac

211 1521 348 1586 officium
365 1524 439 1585 dare
455 1525 575 1605 possint
593 1522 783 1606 generandi,
804 1522 946 1585 ualentes
961 1523 1115 1604 perficere
1131 1542 1239 1588 ueram

212 1635 346 1697 sormam
369 1634 548 1697 embrionis.
577 1636 724 1716 quocirca
744 1640 848 1717 patet,
869 1634 951 1696 sicut
966 1635 1074 1698 mundi
1090 1637 1239 1700 naciones

213 1744 289 1811 alias
304 1745 343 1809 de
359 1746 427 1810 uiro
443 1753 475 1819 et
488 1745 606 1810 semina
618 1747 785 1831 Hungaros
807 1746 960 1830 originem
982 1749 1178 1811 assumsisse.
1206 1750 1239 1813 iu

214 1877 254 1925 eo
275 1858 376 1922 eciam
395 1858 479 1923 idem
501 1859 576 1923 satis
592 1867 640 1924 est
654 1867 868 1946 transgressus
882 1859 1065 1935 ueritatem,
1085 1860 1139 1923 ubi
1154 1861 1239 1924 solos

212 1969 356 2035 sinistros
374 1967 545 2052 preliorum
567 1977 699 2033 euentus
720 1969 847 2033 uidetur
866 1971 1064 2045 meminisse,
1101 1972 1240 2054 ipsorum

212 2079 434 2164 Hungarorum
456 2080 563 2145 ieiices
583 2072 764 2164 preteriisse
785 2072 915 2145 silencio
941 2083 1135 2164 perhibetur,
1156 2085 1242 2168 quod

214 2192 278 2256 odii
292 2191 449 2256 manifesti
463 2193 626 2257 materiam
641 2195 801 2276 portendit
814 2193 989 2283 euidenter.
1011 2195 1122 2258 uolens
1134 2196 1241 2280 itaque

214 2305 379 2370 ueritatem
404 2305 536 2381 imitari,
564 2306 609 2369 sic
631 2306 835 2389 inprosperos
855 2313 888 2369 ut
909 2307 1018 2369 ieiices
1039 2307 1241 2383 interseram

214 2394 385 2499 scripturus
407 2435 534 2499 quoque
556 2424 658 2480 ortum
680 2416 801 2499 prefate
822 2414 980 2492 nacionis,
1002 2417 1055 2480 ubi
1075 2427 1106 2482 et
1120 2398 1244 2482 habitass

215 2529 335 2603 uerint,
356 2535 433 2611 quot
447 2528 547 2593 eciam
562 2548 660 2614 regna
676 2529 899 2613 occupauerint
918 2537 949 2593 et
963 2531 1111 2613 quotiens
1130 2531 1242 2595 immu-

215 2638 352 2701 tausriot
375 2656 432 2700 sua
452 2638 530 2701 loca.
561 2638 644 2702 iliius
667 2646 772 2703 tamen
794 2640 947 2704 adiutorio
969 2650 1000 2704 et
1023 2642 1128 2726 gracia
1151 2640 1243 2705 mini·

216 2755 349 2823 strante,
377 2749 431 2831 qui
452 2768 556 2811 rerum
580 2750 735 2824 omnium,
756 2770 818 2833 que
838 2750 896 2814 sub
916 2751 1016 2816 lunari
1037 2752 1153 2817 circuio
1171 2774 1242 2818 esse

216 2858 333 2922 habent
347 2867 379 2922 et
391 2858 475 2923 ultra
489 2859 554 2922 uita
568 2880 695 2944 quoque
711 2861 864 2925 fruuntur.
894 2865 1059 2928 creacione
1074 2864 1181 2929 habita
1194 2874 1243 2930 est

217 2968 295 3034 deus
315 2969 434 3054 opifex,
456 2979 580 3035 creator
600 2971 683 3035 idem
707 2991 743 3035 ac
765 2972 934 3047 redemtor,
956 2974 1007 3039 cui
1027 2977 1067 3040 sit
1085 2975 1188 3039 honor
1209 2982 1241 3041 et

218 3077 317 3166 gioria
330 3082 363 3145 in
374 3076 485 3146 secula
498 3082 699 3166 sempiterna.

570 3434 708 3480 unici?
727 3439 886 3486 ΙΙῦῑθθῦΙ.
