2798 4764
506 367 690 417 monstruni
713 368 756 414 nn
776 366 889 413 vnn.
1145 349 1207 417 ott

182 520 308 593 nuncu,
330 517 370 581 de
385 517 446 582 aiia
460 496 534 582 uitia
545 520 643 582 Nema
656 539 712 600 pro
726 517 820 592 furto,
840 515 944 582 iudico
953 518 1080 582 Nicolao
1091 519 1207 582 comita

184 632 223 695 de
239 629 359 704 Geuru,
380 630 530 713 pristaido
545 629 696 711 Gregorio
711 630 751 692 dn
766 628 892 692 ciuitate
907 628 1022 692 Geuru.
1048 629 1207 711 predictus

184 743 293 804 Budua
311 749 436 823 portato
448 739 543 815 ferro,
564 749 732 822 antequam
746 740 932 813 solueretur,
953 740 1083 822 aufugit.

266 854 343 927 (20)
363 852 421 914 Bet
434 851 517 913 fitius
530 852 641 914 Seama
665 852 704 913 de
727 849 802 912 uilia
822 851 895 925 Eel,
920 872 1019 933 gener
1040 851 1207 933 Capatani,

182 963 491 1046 inpertit-quendam
506 963 546 1024 do
560 961 636 1024 uilla
647 962 757 1034 Custa,
779 961 906 1024 nominc
918 961 1079 1035 Oiduruh,
1097 963 1206 1027 dicanr

182 1077 285 1158 ipsum
308 1093 435 1137 neruum
459 1092 550 1136 suum
574 1092 661 1145 osse,
692 1071 743 1133 iiie
769 1077 872 1134 autem
894 1072 972 1137 dixit
992 1093 1027 1136 se
1052 1093 1115 1135 non
1137 1092 1207 1138 cose

183 1206 280 1249 suum
296 1204 439 1257 seruum,
460 1185 518 1247 sed
537 1183 775 1246 tauornicorum
792 1183 886 1263 regis,
908 1192 940 1245 ot
953 1184 1041 1246 duxit
1056 1184 1208 1248 conuilla·

184 1315 243 1358 nos
264 1314 339 1357 suos
354 1313 425 1358 cnm
438 1291 679 1375 iouhagionihus
700 1291 947 1366 tauernicorum,
968 1293 1110 1368 Uiuiano,
1130 1294 1209 1357 Gre-

184 1405 274 1486 gorio
288 1412 320 1466 ot
331 1403 469 1475 Omhud,
483 1402 537 1484 qui
551 1422 623 1466 cum
639 1402 788 1465 dixerunt
801 1422 893 1465 suum
908 1424 978 1466 esne
990 1404 1208 1478 contribulam,

185 1532 320 1597 quorum
340 1532 422 1576 unus
442 1512 569 1583 nominc
589 1512 677 1574 Daba
699 1511 865 1593 specialius
887 1512 981 1587 dixit,
1002 1514 1139 1577 eundem
1154 1512 1209 1591 01,-

185 1625 290 1690 duruh
303 1643 395 1686 suum
409 1643 479 1685 esse
493 1630 671 1705 cognatum.
693 1631 725 1684 et
738 1631 860 1703 portato
876 1643 934 1705 pro
948 1623 1002 1685 ilio
1018 1623 1101 1686 ferro
1114 1625 1208 1704 Uara-

185 1737 249 1800 ‹iini
263 1735 445 1800 iustificatos
460 1740 522 1806 ent,
541 1733 645 1797 iudico
659 1734 803 1796 Maurino
818 1734 1037 1816 nicepaiatino,
1057 1735 1207 1816 pristaido

184 1846 311 1912 Nicoiao
327 1847 367 1910 de
382 1845 455 1908 uilia
470 1847 580 1926 Arpis.

265 1960 346 2034 (21)
366 1957 527 2029 Urbanus,
546 1955 714 2028 Martinus,
735 1954 865 2027 Santus,
886 1955 1012 2029 Petrus,
1033 1963 1064 2019 et
1084 1956 1136 2019 alii
1156 1974 1209 2031 0⁸.-
1263 1940 1266 1948 ’

185 2078 321 2132 strcnsos
342 2068 382 2130 de
401 2067 537 2139 Bursod,
557 2066 764 2146 imneciarunt
778 2067 950 2147 quosdam,
970 2066 1104 2129 scilicet:
1127 2069 1208 2143 Tum

184 2182 336 2251 Pousam,
356 2177 487 2249 Forkos,
507 2176 680 2249 Manciam,
701 2177 840 2240 dicentes
862 2176 931 2239 ittos
952 2196 1027 2241 suos
1049 2197 1118 2241 csse
1134 2197 1208 2259 conf·

180 2289 322 2351 tribules.
349 2287 401 2350 isti
414 2295 519 2349 autem
534 2286 765 2368 responderunt
785 2306 820 2348 ee
834 2287 917 2368 regis
932 2306 1003 2350 esso
1018 2288 1209 2363 tauornicor,

182 2408 214 2462 ot
227 2405 396 2462 tenuerunt
409 2416 535 2460 causam
549 2414 660 2460 eorum
675 2397 826 2459 tauornici
841 2398 936 2480 regis,
957 2398 1076 2462 scilicet
1087 2398 1207 2464 Forkoa

182 2509 366 2591 atMoynoIt
388 2509 427 2571 da
447 2506 521 2570 uilia
541 2507 639 2582 Tord,
666 2507 740 2569 itam
755 2506 858 2569 sixtus
882 2516 914 2571 et
933 2508 1049 2572 Hunda
1070 2510 1109 2574 de
1132 2506 1209 2585 uilia

182 2622 363 2684 Tauornuk.
384 2619 497 2703 quibus
510 2640 528 2682 a
543 2619 657 2682 comita
672 2618 789 2700 Gyula,
809 2638 867 2700 per
880 2619 1065 2702 pristaidum
1080 2622 1208 2686 nomino

182 2732 460 2813 christophorum,
494 2732 533 2793 ad
558 2729 707 2793 iudicium
732 2729 807 2792 ferri
832 2732 994 2795 candentis
1019 2732 1207 2813 Uaradinunr

182 2841 356 2913 destinatis,
376 2841 610 2922 prenominatus
624 2838 805 2923 Moynoith,
825 2842 998 2905 seeundum
1015 2844 1207 2913 sentenciam

180 2952 294 3015 iudicis
309 2960 431 3032 portato
445 2951 540 3026 ferro,
561 2952 741 3024 combuatus
755 2961 814 3014 ost.

262 3064 340 3138 (22)
362 3062 460 3124 Camh
484 3062 623 3144 impeciit
646 3063 776 3126 Paulum
805 3063 844 3126 de
869 3066 991 3127 duabus
1016 3065 1145 3138 marcis,
1177 3072 1209 3151 ut

182 3181 306 3256 portato
326 3173 412 3236 forro
427 3173 570 3236 Uaradini
593 3173 776 3236 iustificatus
797 3181 861 3246 est,
882 3174 986 3236 indice
1000 3174 1134 3237 Martino
1154 3193 1208 3239 ao-

185 3287 273 3358 mita,
294 3284 445 3366 priataido
461 3284 589 3345 domino
602 3284 725 3345 Budud.
1186 3336 1191 3349 ,

266 3395 347 3473 (23)
368 3394 483 3457 Medue
498 3395 538 3456 de
554 3392 627 3454 uilla
638 3393 699 3454 Kal
711 3393 849 3474 impeciit
858 3393 1070 3457 Alexandrum
1083 3393 1122 3456 de
1138 3392 1211 3473 uilia

185 3507 260 3578 lab,
281 3526 351 3568 cum
365 3505 464 3567 tribus
479 3502 689 3566 seruientibus
703 3504 782 3564 eius.
802 3504 876 3566 item
892 3504 1063 3586 Legorum,
1078 3502 1210 3589 Uitulum

184 3626 216 3681 ct
228 3616 391 3700 Gyroltum
415 3617 454 3678 de
479 3615 551 3677 uilia
565 3614 683 3677 Libecii
705 3635 762 3696 pro
777 3615 934 3677 occisione
956 3615 1052 3695 patris
1070 3615 1119 3677 aui
1134 3615 1210 3677 For-

183 3729 274 3803 casii,
306 3747 411 3790 coram
432 3727 523 3807 Myra
544 3725 656 3788 comite
677 3725 866 3797 Bicorienni,
898 3724 1015 3788 scilicet
1037 3724 1140 3788 iudica
1164 3726 1205 3809 ab

182 3841 308 3903 Andron
330 3857 406 3920 rege
431 3837 587 3917 delegato.
621 3856 702 3917 quos
725 3835 809 3897 idem
830 3835 925 3898 iudex
945 3855 1004 3918 per
1025 3835 1210 3917 pristatduu

183 3948 311 4011 nomina
320 3947 486 4030 ortianum
497 3947 537 4010 de
552 3946 626 4009 uitia
635 3946 714 4008 Uruz
729 3945 812 4009 misit
825 3947 867 4009 ad
880 3947 1031 4010 iudicium
1045 3946 1121 4010 sarri
1137 3965 1210 4025 can·

185 4058 287 4121 dentis
308 4059 503 4123 Uaradinum.
533 4059 590 4121 Ubi
609 4060 776 4139 impetrata
794 4058 927 4123 licencia
946 4060 1032 4142 regis
1051 4067 1084 4121 at
1095 4075 1211 4140 prono·

185 4167 292 4242 minati
310 4167 423 4237 utici·
439 4169 592 4257 pacificati
610 4177 698 4246 runt,
718 4179 752 4239 at
772 4177 881 4237 mutuo
901 4171 1079 4239 iuramento
1097 4185 1210 4253 paoem
