2798 4764
351 350 472 406 sriroms
491 359 534 405 nn
554 358 638 405 neza
660 358 759 405 ansru
780 336 1065 427 nusononmr'stlss
1160 336 1221 407 rm

192 513 308 578 Geiclre
329 513 530 579 adheserunt.
562 534 620 578 rex
643 523 746 579 autem
765 514 913 577 Salomon
935 514 1099 589 Cesarem,
1126 532 1217 578 suom

191 646 335 689 socerum
359 626 668 690 contra‘Ladislaum
689 635 721 689 et
740 625 888 690 Geichnm
918 646 976 708 per
993 627 1123 690 Nitriom
1147 622 1224 691 cum

191 740 330 802 exercitu
350 739 486 802 maximo
506 737 683 801 introducit.
712 738 766 821 qui
787 739 911 801 Uaciam
931 739 1138 821 peruenieus,
1158 727 1226 804 Le·³

192 851 282 913 distri
297 851 436 914 exercitu
450 851 622 932 speculato,
634 850 725 914 finxit
738 872 772 913 se
787 850 963 925 infirmum,
978 863 1036 933 per
1048 852 1226 915 Posonium¹

190 964 223 1024 iu
244 963 400 1025 Austriam
425 971 472 1025 cst
493 982 658 1037 reuersus,
688 962 816 1025 dimisso
839 962 878 1025 de
900 962 1026 1026 Boemis
1048 970 1079 1025 el
1097 954 1225 1026 Noricis

190 1074 358 1138 sufficienti
382 1074 498 1137 auxilio
518 1073 684 1137 Salomoni.
713 1082 786 1137 tunc
803 1074 917 1138 Cesare
935 1083 1133 1156 retrogresso
1148 1086 1225 1155 pre·'

191 1187 266 1249 lium
281 1186 315 1248 iu
329 1186 484 1250 llunorod
499 1186 580 1249 inter
593 1186 680 1269 ipsos
696 1194 744 1250 est
758 1188 969 1249 commissum.
992 1195 1023 1250 el
1037 1185 1112 1268 quid
1126 1183 1218 1249 ultra.

193 1299 339 1362 Salomon
361 1298 548 1373 deuincitur,
568 1307 774 1380 'prostrantur
795 1299 961 1363 Teutonici
982 1306 1013 1361 et
1033 1298 1152 1361 Boemi.
1172 1290 1228 1361 'ef

193 1413 265 1474 dum
281 1431 315 1473 se
330 1431 468 1493 suosque
483 1410 622 1473 deuictos
636 1404 852 1494 cognouisset,
873 1411 979 1493 fugam
1002 1410 1078 1474 iniit.
1112 1411 1219 1473 Danu·

191 1523 276 1586 bium
294 1524 326 1585 in
340 1523 497 1605 Scigetieu
518 1523 746 1605 pertransiens,
767 1523 840 1586 indo
861 1523 893 1585 in
906 1522 1083 1585 Musonium
1104 1541 1138 1585 so
1154 1521 1219 1585 ool·

192 1633 276 1717 legit.
308 1633 340 1696 in
359 1630 461 1714 prelio
486 1641 591 1696 autem
616 1632 825 1697 Munorodiuo
849 1654 913 1696 non
938 1633 1039 1695 solum
1053 1621 1226 1696 Teutonici

192 1755 245 1809 rut
267 1744 375 1806 Botmi
400 1744 598 1819 ceciderunt,
619 1747 676 1808 sed
700 1745 799 1807 eciam
824 1744 924 1808 maior
944 1765 1016 1828 pars
1039 1745 1079 1807 ‹le
1104 1742 1217 1807 milicia

191 1858 280 1940 regni
294 1856 396 1939 periit.
421 1856 569 1920 Salomon
583 1876 660 1941 ergo
675 1865 818 1922 metuens
832 1856 945 1921 iratres
960 1864 1054 1931 suos,
1065 1878 1136 1922 cum
1152 1864 1218 1922 tota

191 1965 306 2031 familia
327 1967 359 2029 in
384 1967 506 2030 Stiriam
531 1966 687 2043 imminit,
713 1969 767 2032 ubi
789 1969 822 2032 in
841 1969 986 2052 Agmund
1008 1968 1218 2044 monasterio,

191 2079 307 2143 familia
329 2098 386 2143 sua
408 2078 572 2153 derelicta,
596 2081 627 2143 in
648 2080 827 2144 Musuuium
849 2090 896 2144 est
916 2101 1080 2155 reuersus,
1106 2079 1226 2144 uolens'

192 2191 340 2273 colligere
363 2192 534 2255 exercitum
549 2192 676 2283 iterato.
706 2195 762 2257 sed
781 2214 852 2255 cum
874 2194 913 2256 de
929 2194 978 2256 die
993 2192 1027 2254 in
1040 2192 1123 2255 diem
1139 2190 1226 2254 defi·'

192 2312 295 2375 cerct,
316 2302 502 2384 illorumque
524 2323 690 2385 processus
711 2304 867 2386 reciperet
887 2303 991 2367 felicio
1007 2288 1227 2375 incrementa,

192 2413 342 2477 confusos
362 2413 456 2476 rediit
478 2414 517 2477 ad
532 2415 679 2477 Cesarem
703 2415 891 2478 adiutorium
910 2415 1073 2496 petiturus.
1102 2421 1132 2475 et
1146 2413 1218 2475 licet

192 2545 248 2607 pro
262 2524 378 2589 milicie
392 2524 554 2588 solidanda
569 2524 749 2588 affluentem
762 2526 926 2608 pecuniam
936 2524 1126 2598 tradidisset,
1135 2512 1228 2586 Teu-¹

192 2635 287 2698 tonici
309 2636 351 2698 ob
371 2636 514 2699 timorem
529 2638 749 2720 Hungarorum
773 2637 912 2719 recipere
933 2636 1111 2701 noluerunt.
1132 2636 1216 2700 unde

191 2766 248 2829 spe
263 2747 349 2809 omni
364 2748 528 2811 destitutus
544 2749 637 2812 rediit
654 2751 685 2811 in
700 2749 845 2833 Agmuncl
860 2749 899 2812 acl
913 2750 1053 2832 reginam
1069 2770 1139 2812 cum
1155 2770 1218 2834 qua

192 2858 260 2921 dies
275 2857 397 2942 aliquos
417 2859 600 2922 cohabitans
619 2860 651 2922 in
672 2868 760 2924 ueste
781 2860 956 2923 monachali
978 2861 1092 2924 deinde
1107 2860 1217 2926 Albam

192 2973 289 3034 uenit
312 2981 342 3036 et
357 2991 426 3035 cum
438 2972 602 3036 Ladislaus
615 2972 711 3037 irater
721 2974 789 3037 eius
802 2975 834 3036 in
850 2972 970 3058 porticu
981 2974 1113 3039 ecclesie
1125 2958 1229 3040 beate2

193 3082 329 3167 Uirginis
349 3084 491 3147 manibus
510 3085 644 3176 ppopriis
663 3085 854 3168 pauperibus
869 3084 1092 3151 eleemosinam
1107 3068 1229 3171 erogo-¹

194 3203 259 3269 ret,
279 3195 348 3276 ipse
361 3196 404 3258 lbi
418 3196 500 3259 inter
515 3216 570 3259 eos
585 3197 698 3258 dicitur
712 3196 881 3279 accepisse.
906 3218 999 3280 quem
1013 3218 1087 3260 mox
1101 3217 1219 3282 cogno-

194 3308 240 3369 uit
254 3306 416 3370 Ladislaus
437 3317 471 3370 ut
490 3308 635 3390 inspexit.
662 3328 809 3372 reuersus
831 3318 935 3372 autem
956 3309 1118 3372 Ladislaus
1140 3310 1221 3372 adi-

196 3419 386 3482 stribucione
405 3421 596 3485 eleemosine
617 3422 732 3504 inquiri
753 3420 827 3484 iecit
849 3421 1029 3504 diligenter,
1051 3440 1114 3483 uon
1135 3421 1221 3504 quoti

199 3530 227 3592 ei
242 3533 415 3605 nocuisset,
437 3534 492 3595 sed
507 3533 560 3595 ille
574 3533 688 3595 malum
705 3552 890 3615 presumens
905 3532 945 3594 ab
960 3532 1090 3607 eodem,
1119 3552 1222 3596 seces·

197 3640 237 3705 sit
259 3643 333 3705 inde
354 3662 467 3708 uersos
488 3664 572 3706 mare
595 3644 803 3719 Adriaticum,
832 3644 884 3706 ubi
908 3643 939 3706 in
962 3643 1086 3707 ciuitate
1107 3651 1223 3709 uocata

197 3753 290 3829 Pola,
311 3775 411 3838 usque
431 3765 563 3819 mortem
581 3756 614 3818 iu
633 3776 754 3819 summa
775 3763 973 3837 paupertate,
995 3756 1026 3817 in
1045 3755 1225 3838 penitencia

180 3865 310 3943 ‚finiens
332 3869 426 3930 uitam
447 3887 554 3942 suam,
581 3868 613 3930 in
637 3884 698 3950 qua
719 3876 750 3929 et
769 3867 849 3930 iacet
864 3867 1041 3941 tumulatus,
1061 3885 1223 3949 nunquam

198 3978 323 4042 rediens
346 3978 386 4043 ad
409 3999 540 4044 uxorem
565 3999 666 4063 usque
694 3988 836 4043 mortem.
871 3978 981 4063 regina
1004 3997 1082 4042 uero
1106 3977 1226 4061 Sophin

199 4109 278 4154 uxor
290 4091 359 4156 eius
372 4092 405 4155 in
420 4093 555 4156 maxima
568 4091 707 4156 castitate
721 4110 927 4174 perseuerans
941 4088 1062 4153 nunciis
1076 4084 1235 4185 frequen:

198 4202 283 4271 mu
302 4203 450 4272 maritum
467 4204 629 4282 uisitalrat,
649 4203 775 4271 mittens
796 4203 826 4271 ei
848 4219 1038 4291 expensare,
1057 4197 1225 4264 othehem
