2798 4764
211 345 273 441 tii
435 363 805 429 asturiensium
824 364 915 433 laets
937 343 1016 450 (11)-

213 518 398 593 mirabiliter
413 526 487 582 sunt
500 517 674 587 illuminati.
696 517 799 583 claudi
813 539 940 609 quoque
957 528 989 585 et
1002 519 1078 583 muti
1092 520 1245 607 surdique

176 696 179 703 ,
215 639 248 699 et
261 630 410 714 paralitici
424 629 518 701 uariis
531 629 735 713 languoribus
749 632 898 694 diuturno
911 640 1051 713 tempore
1066 631 1172 706 attriti,
1189 652 1246 713 per

214 741 451 817 inuocanionem
472 741 608 804 nominis
631 742 698 807 eius
718 761 738 807 a
757 741 822 805 suis
836 750 910 804 sunt
923 741 1154 805 infirmitatibus
1167 742 1247 806 libe·
1364 810 1371 824 Ι

215 853 286 939 reti.
306 853 338 919 in
352 852 419 935 ipsa
434 851 683 921 canonizarionis
697 873 754 917 sue
769 852 856 927 hora,
871 851 998 939 quidam
1012 873 1093 936 puer
1106 854 1160 937 qui
1173 853 1246 917 loeo

215 983 366 1047 manuum
381 971 413 1026 et
426 965 542 1046 pedum
559 964 701 1038 carebat,
723 965 862 1047 suscepit
884 964 1058 1028 sanitatem.
1086 965 1119 1027 in
1135 965 1247 1031 eadem

215 1074 294 1147 hora
307 1075 402 1158 sydus
417 1073 583 1158 peculiaris
598 1073 729 1158 fulgoris
743 1076 828 1139 stetit
840 1095 937 1158 supra
954 1076 986 1139 in
1002 1076 1121 1141 directo
1137 1095 1247 1143 mona·

216 1187 322 1261 nerii,
349 1187 402 1249 ubi
426 1194 570 1251 sanctum
594 1205 709 1269 corpus
734 1185 832 1268 ipsius
858 1185 997 1268 positum
1021 1195 1105 1261 erat,
1135 1194 1167 1249 et
1189 1208 1248 1270 per

218 1300 358 1383 spacium
381 1300 513 1365 duarum
536 1298 602 1364 sere
626 1297 776 1361 horarum
799 1299 965 1381 perspicue
988 1298 1137 1362 rutilanit.
1171 1298 1247 1367 item

218 1410 363 1495 leprosus
378 1411 505 1494 quidam
521 1411 560 1473 ad
574 1409 825 1493 solempnitatem
841 1409 908 1474 eius
923 1409 1065 1485 ueniens,
1088 1420 1248 1497 prouentu

220 1521 404 1585 meritorum
429 1521 497 1585 eius
520 1521 553 1583 in
575 1520 629 1584 nia
653 1520 820 1587 mundatus
844 1527 908 1595 est,
938 1520 1075 1583 curatori
1099 1539 1157 1584 suo
1179 1519 1248 1604 regi

221 1640 330 1695 sancto
346 1630 457 1695 laudes
472 1641 504 1695 et
518 1632 693 1715 graciarum
707 1631 811 1694 intulit
825 1631 974 1693 artiones.
1006 1631 1126 1693 diuersi
1147 1631 1247 1694 eciam

219 1763 280 1828 per
293 1743 532 1822 inuocationem
553 1743 689 1809 nominis
709 1743 808 1809 sancti
823 1743 906 1823 regis
920 1742 1057 1806 Ladislai
1074 1762 1175 1827 usque
1190 1743 1249 1805 ho-

221 1855 273 1950 (tie
287 1854 461 1923 liberantur
471 1855 565 1926 asnis
576 1854 818 1931 infirmitatibus,
832 1863 990 1938 prestante
1001 1855 1129 1918 domino
1141 1863 1250 1919 nostro

219 1970 294 2053 latu,
307 1969 440 2046 Christo,
460 1971 511 2037 eui
533 1978 581 2034 est
600 1968 704 2035 honor
718 1976 750 2032 et
769 1967 871 2054 gloria
889 1967 922 2031 in
941 1965 1047 2032 secula
1060 1967 1250 2034 seculorum.

222 2080 333 2145 Amen.
