2798 4764
298 334 428 423 amm
442 373 488 419 ιιι.
505 373 596 420 anons
609 372 755 419 snonrrm
769 348 976 418 rnrnuron'urr.
988 334 1102 418 iffi(
1148 334 1210 418 620

263 524 310 610 (3)
330 527 462 610 Insuper
484 518 614 609 singulis
636 523 845 588 hebdomadis
871 524 1073 588 concedimus
1095 524 1156 590 illis
1177 525 1208 588 in

182 640 232 704 die
257 637 398 702 sabbathi
423 636 556 700 liberum
582 636 685 700 lorum
709 634 932 708 annonarium,
968 655 1059 697 usum
1083 626 1210 721 qnoque

181 751 357 836 spinarum,
378 767 527 831 aquarum
547 756 578 811 et
598 767 788 830 pascuorum
810 767 867 829 pro
883 747 972 830 equis
987 746 1155 812 clitellariis
1170 724 1210 812 aa

182 860 366 926 distansiam
388 857 480 921 unius
503 865 585 921 raste
610 878 722 921 uersus
748 857 944 922 occidentem
968 857 1079 920 iisdem
1103 859 1211 922 conie-

180 973 289 1036 rimus.

262 1083 298 1146 ln
321 1082 408 1145 cuius
431 1083 477 1145 rei
500 1081 684 1145 memoriam
708 1089 742 1145 ut
764 1089 862 1145 status
884 1081 1034 1145 libertatis
1055 1082 1210 1146 dictorum

181 1193 340 1276 hospitum
360 1201 555 1266 nostrorum,
576 1212 634 1274 per
649 1213 706 1254 nos
721 1213 848 1276 quoque
863 1193 1031 1256 innouatus
1046 1200 1211 1267 elecctos,

181 1305 290 1367 firmus
309 1322 496 1386 permanere
512 1311 608 1386 queat
621 1304 654 1364 in
668 1311 875 1385 perpetuum,
896 1322 1110 1386 processuque
1131 1312 1211 1366 tem-

182 1415 268 1499 poris
290 1414 377 1478 n'ulla
397 1415 429 1476 in
448 1423 536 1496 parte
557 1415 717 1479 retractari
732 1416 852 1490 ualeat,
874 1423 1038 1497 presentes
1053 1415 1212 1480 concessi·

183 1549 252 1591 mus
276 1528 395 1591 litteras
421 1526 574 1609 dupplicis
599 1526 692 1610 sigilli
716 1528 816 1590 nostri
840 1526 1010 1590 munimine
1035 1528 1211 1617 roboratas..

182 1641 289 1703 datum
303 1658 360 1720 per
373 1658 483 1702 manus
498 1637 626 1701 discreti
640 1638 699 1700 uiri
707 1684 716 1714 ,
735 1638 873 1722 magistri
886 1637 1061 1712 Theodori,
1075 1637 1210 1704 ecclesie

180 1750 324 1814 Alliensis
343 1749 512 1832 prepositi,
533 1749 604 1813 aula
627 1757 734 1813 nostre
756 1747 1024 1825 uieecancellarii,
1052 1749 1157 1813 dilecti
1178 1756 1210 1814 et

180 1859 281 1925 tidelis
295 1861 405 1924 nostri.
427 1859 679 1923 aumacxcl.
699 1862 789 1945 regni
805 1870 909 1925 autem
925 1863 1024 1924 nostri
1037 1881 1110 1923 ann.
1123 1862 1147 1924 1.

513 2094 879 2105 m.—

513 2108 878 2120 ——n—-s

484 2289 663 2372 amatu
695 2288 753 2373 111.
786 2289 909 2373 mats

234 2477 605 2556 ABOL1T10
662 2481 1161 2560 TRIBUTORUM.

596 2653 800 2717 uccxovu.

499 2825 522 2877 Ε
540 2825 725 2892 manuscriptis
741 2827 896 2888 ruerunt.

263 3098 407 3160 Andreas
421 3096 473 3161 dei
487 3099 593 3181 gracia
607 3108 666 3163 etc.
680 3120 746 3163 rex.
774 3101 813 3163 ad
828 3101 1048 3165 uniuersorum
1063 3102 1210 3165 noticiam

183 3216 292 3272 tenore
308 3211 504 3291 presencium
519 3211 665 3274 uolumus
679 3211 859 3293 peruenire.
1140 3283 1142 3287 ,

266 3319 312 3402 (1)
334 3321 428 3396 Quod
449 3342 506 3383 nos
529 3341 586 3403 pro
608 3321 800 3384 tormacione
821 3331 918 3386 statos
940 3333 971 3386 et
990 3325 1154 3388 commodo
1174 3345 1210 3388 ao

183 3430 314 3496 utilitate
329 3432 416 3514 regni
432 3433 529 3494 nostri
545 3432 681 3506 connisi,
695 3434 809 3496 tributa
824 3435 863 3496 de
878 3454 964 3497 nouo
979 3435 1133 3510 instituta,
1148 3458 1210 3520 que

181 3542 254 3607 loco
267 3545 455 3607 inconsueto
471 3544 648 3626 exiguntur,
666 3545 811 3608 duximus
826 3546 954 3609 omnino
968 3545 1140 3623 abolenda,
1155 3569 1212 3612 uo·

182 3654 347 3739 lentesqne
369 3656 409 3719 de
431 3663 605 3730 cetero‚‘ut
627 3656 766 3719 uniuersi
788 3665 979 3721 mercatores
1000 3680 1058 3741 per
1077 3680 1211 3744 regnum

183 3777 325 3831 nostrum
352 3775 560 3840 transeuntes,
587 3765 686 3829 libere
712 3775 743 3831 et
762 3769 881 3851 absque
899 3769 1003 3852 aliqua
1026 3770 1210 3836 indecenois

183 3878 315 3941 transire
336 3876 477 3953 ualeant,
500 3885 531 3941 et
545 3877 649 3941 nullus
664 3879 783 3942 eisdem
797 3878 913 3942 inferre
932 3892 1093 3965 presumat
1112 3904 1212 3948 nocu-

186 3995 338 4052 mentum.

267 4096 312 4181 (2)
333 4101 481 4166 Pretaraa
491 4103 657 4179 tributarii,
671 4101 788 4188 ubique
799 4101 939 4170 locorum
949 4106 982 4170 in
992 4126 1091 4192 regno
1103 4115 1210 4171 nostro

186 4212 359 4291 constituti,
379 4212 530 4299 tributura
550 4215 725 4286 indebitum
746 4222 778 4284 et
795 4216 945 4285 iniustum
964 4238 1062 4305 super
1080 4219 1211 4287 eosdem
