2798 4764
207 334 272 412 Μ
408 334 584 410 xs'r'eeren
603 354 728 407 mmo
747 352 934 407 mamma
958 337 1039 425 (tet

208 508 360 581 meeum
370 509 740 596 iterpeeornm'ebtbant,
760 511 903 596 eaptines
917 512 1035 596 sepios,
1049 513 1102 596 qui
1117 532 1152 577 se
1166 512 1240 577 abs·

208 626 388 690 candebant
407 624 625 689 acclamantes.
651 644 716 687 nen
735 625 912 689 ualentibus
930 632 1035 688 autem
1050 624 1141 688 nebis
1157 625 1240 688 ulte·

187 720 275 801 'rius
289 733 380 799 famis
394 735 597 799 iustissimum
612 736 783 817 appetitum
807 743 840 798 ct
854 734 969 799 edendi
983 733 1110 798 anxiam
1123 734 1241 797 uolun-

208 855 304 911 tatem
317 847 399 910 intra
413 842 550 911 claustra
564 845 668 909 cerdis
683 845 900 909 taciturnitatis
914 838 999 908 node
1013 845 1239 928 perstringere,

208 956 384 1024 leuanimus
404 959 523 1041 capita,
544 966 576 1021 et
596 976 685 1021 mere
705 957 913 1040 serpentium,
934 957 1067 1039 pedibus
1088 965 1120 1020 et
1137 956 1240 1019 mani-

208 1071 267 1135 bns
280 1071 475 1154 reptauimus
490 1090 587 1153 super
600 1078 694 1134 terra.
718 1066 932 1133 ¹connenimus
946 1062 1073 1133 tandem'
1081 1112 1091 1143 ,
1112 1075 1144 1133 et
1157 1087 1238 1132 uoco
1344 1087 1347 1091 ’

209 1181 306 1248 debili
327 1202 364 1246 ac
382 1174 537 1248 submissa
558 1192 674 1247 mestas
689 1181 834 1265 querelas
847 1181 1026 1263 importune
1040 1179 1131 1244 famis
1144 1178 1239 1244 alter·

210 1296 308 1360 nbbm
322 1293 463 1377 cepimus
477 1313 638 1369 reserere,
652 1311 690 1357 ac
705 1292 871 1376 gemitibus
886 1300 918 1355 et
930 1291 1055 1355 dotibus
1070 1290 1237 1374 explicare,

210 1406 296 1489 qnod
310 1405 415 1489 gladie
427 1405 506 1468 mori
521 1402 650 1467 mineris
662 1403 775 1468 excidii
788 1403 913 1477 fuisset,
927 1422 1022 1485 quam
1035 1423 1090 1486 per
1100 1402 1238 1466 inediam

210 1517 412 1600 compagines
437 1517 648 1579 membrorum
677 1533 714 1578 ac
741 1515 890 1579 unionem
915 1513 1055 1596 corporis
1078 1523 1111 1578 et
1134 1514 1236 1577 anime

211 1628 397 1692 dissoluere.
426 1636 543 1691 etcum
559 1627 628 1710 pies
642 1646 805 1690 sermones
819 1624 998 1690 huiusmodi
1013 1624 1237 1700 conferremus,

210 1737 298 1802 amitt
308 1757 390 1800 unus
404 1736 512 1810 hemo,
532 1738 573 1801 ad
587 1756 683 1820 quem
697 1756 767 1799 enm
786 1756 820 1800 sa
835 1745 1014 1800 nestrorum
1029 1736 1113 1799 acies
1126 1742 1236 1799 exten·

210 1847 301 1913 deret
320 1847 499 1921 oculorum,
527 1845 633 1931 fugam
651 1846 800 1910 inibimus
819 1849 1015 1922 timorosum,
1039 1864 1099 1909 nec
1119 1845 1237 1908 auerti·

209 1978 280 2023 mus
294 1959 403 2022 ocules
416 1956 586 2042 inpendo,
607 1966 642 2023 ut
655 1958 858 2035 intueremur,
879 1959 905 2023 si
920 1956 1011 2022 nebls
1024 1956 1150 2040 preuius
1164 1976 1236 2020 esse
1270 2004 1276 2011 .

210 2078 334 2151 posset,
364 2068 415 2133 uel
436 2068 517 2132 feret
536 2069 626 2132 nobis
646 2068 839 2152 fugientibus
860 2069 1059 2152 subsequela.
1093 2069 1151 2132 sed
1171 2086 1236 2130 nen

210 2180 313 2263 opinus
327 2181 430 2264 ipsum
443 2181 582 2245 uidimus
596 2182 682 2245 uices
693 2201 854 2246 assumere
869 2180 1074 2265 precursoris,
1088 2181 1236 2244 credebat

208 2293 292 2359 enim
313 2294 397 2376 qued
416 2292 517 2372 uirtus
538 2301 647 2356 nestra
668 2293 844 2375 preualida,
873 2293 1002 2357 insidias
1024 2293 1084 2355 sibi
1103 2299 1238 2373 poneret

207 2422 265 2489 per
279 2404 453 2488 obliquum.
475 2413 596 2467 etcum
619 2405 792 2467 communis
811 2402 971 2486 inspector
984 2403 1125 2466 undaret
1144 2410 1176 2466 et
1189 2410 1237 2466 te·

207 2522 315 2590 namt,
337 2517 421 2599 qued
437 2515 562 2598 fugitiui
575 2515 793 2598 conspicerent
805 2508 991 2598 fugitiuum,
1012 2533 1236 2596 umerumque

208 2628 328 2691 delacio
351 2628 435 2709 apud
457 2626 528 2689 illos
546 2627 631 2689 nulla
652 2626 749 2701 foret,
775 2626 935 2701 stetimus,
963 2628 1155 2689 aduocantes
1177 2644 1235 2688 nes

208 2735 401 2809 adinuicem,
422 2735 551 2798 nutibus
565 2744 659 2819 atque
674 2737 782 2820 signis.
810 2746 926 2800 etcum
944 2756 1024 2800 unes
1040 2737 1130 2800 daret
1144 2736 1183 2798 de
1199 2754 1234 2798 se

208 2844 278 2927 lpse
295 2844 385 2907 alteri
408 2845 589 2921 necionem,
612 2847 741 2929 prolixis
755 2848 954 2911 sermonibus
968 2857 1062 2930 atque
1083 2846 1143 2930 pila
1157 2846 1236 2910 deli-

208 2955 350 3020 berande
365 2955 573 3032 coercuimus,
594 2959 669 3040 quid
685 2978 780 3041 egere
794 2959 992 3023 deberemus.
1020 2961 1077 3023 sed
1092 2960 1236 3043 angustia

208 3068 379 3152 geminata,
392 3067 539 3132 uidelicet
552 3068 634 3135 farne
649 3069 833 3145 execrabili,
848 3078 881 3135 et
894 3071 1006 3135 timore
1019 3073 1128 3135 mortis
1143 3072 1234 3135 anxie

207 3179 446 3261 torquebamur,
467 3179 510 3243 ita
531 3180 618 3262 qued
638 3180 756 3263 priuari
770 3182 957 3245 uidebamur
971 3183 1096 3264 penitus
1117 3182 1233 3245 lumina

208 3288 381 3350 oculorum.
410 3307 481 3350 nam
496 3291 705 3372 nequibamus
719 3306 847 3354 succum
862 3292 1033 3356 barbarum
1046 3293 1234 3358 siluestrium

209 3396 381 3481 deglutire,
401 3397 453 3461 nel
475 3399 559 3481 ipsas
580 3398 711 3475 barbas,
732 3402 778 3464 uti
799 3400 918 3465 faciunt
940 3404 1039 3468 bestie
1060 3405 1236 3467 masticare.

155 3532 159 3537 ·
209 3515 243 3570 et
264 3505 338 3571 licet
354 3529 412 3571 nos
430 3517 516 3573 tanta
538 3509 637 3572 fames
657 3519 861 3594 perurgeret,
890 3521 923 3576 et
946 3513 1102 3596 stupende
1126 3511 1234 3572 mertis

209 3617 337 3681 acidam
357 3619 550 3694 immineret,
570 3623 729 3701 prestabat
748 3618 853 3685 mmen
868 3622 961 3685 nebis'
972 3621 1099 3684 uiuendi
1117 3616 1234 3680 fiducia

208 3727 438 3805 fulcimentum,
467 3739 498 3793 et
520 3732 677 3795 euadendi
702 3753 774 3814 spes
794 3732 1008 3795 fortitudinem
1030 3729 1233 3792 ministrabat

209 3845 242 3903 et
262 3839 308 3904 sic
327 3848 465 3904 assumta
483 3840 616 3916 fiducia,
636 3842 811 3906 indumine
830 3840 1013 3915 confortati,
1033 3840 1075 3903 ad
1094 3848 1234 3902 extrema

207 3946 287 4015 allae
300 3951 503 4035 peraenimus
516 3954 699 4028 affectuose,
720 3946 982 4034 accendimurque
995 3951 1142 4014 arborem
1157 3951 1236 4014 emi·

207 4072 352 4138 ποιήσω,
387 4071 419 4127 et
435 4055 563 4126 'erran
590 4065 813 4144 conspeximus
840 4082 860 4127 a
883 4063 1020 4127 Tar-tacis
1048 4064 1235 4139 desolatam,

204 4164 620 4261 qaeu-aon'eestrexerent
634 4169 805 4247 aemende.
828 4191 854 4238 e
867 4170 969 4240 deler.
993 4183 1115 4242 terram
1135 4176 1235 4260 depe·
