2798 4764
234 317 296 381 520
429 333 578 381 nunnus
600 335 757 380 uosrrrmr
777 337 809 382 rs
829 335 937 382 cossa.
979 318 1068 383 12⁷0.

235 485 410 567 Tyniensis,
430 485 536 548 dilecti
551 495 583 550 et
602 485 703 549 fidelis
718 489 835 560 nostri,
855 484 926 550 aule
947 495 1054 550 nostre
1072 485 1261 549 cancellarii.

235 616 319 662 anno
334 597 373 659 ab
387 597 606 660 incarnacione
620 599 739 661 domini
759 598 923 662 millesimo
938 599 1155 661 ducentesimo
1170 618 1261 661 sexa-

235 708 354 790 gesimo
370 728 464 781 nouo,
485 709 617 772 ducatus
632 719 735 772 autem
750 710 849 772 nostri
863 729 946 772 anno
961 711 1072 791 primo.

550 933 915 955 *wrm

581 1111 693 1195 nors
717 1111 911 1196 Pilll'llll

233 1289 498 1367 Llnnnrns
516 1287 665 1365 nATn
676 1287 996 1364 nosnl'rlnus
1010 1291 1066 1364 IN
1079 1289 1260 1366 COSUE

655 1444 836 1506 biCCLXX.

546 1585 569 1637 ll
590 1599 654 1636 mss.
672 1584 797 1652 Stephani
813 1583 947 1650 llaprinai.

315 1844 378 1905 Nos
392 1843 481 1925 bloys
495 1843 546 1905 dei
561 1842 665 1923 gracia
686 1828 843 1923 palatinus
863 1851 895 1907 et
913 1862 1017 1906 comes
1038 1844 1261 1926 Supruniensis

233 1972 273 2020 aa
289 1955 385 2020 iudex
405 1954 633 2026 Cumanorum,
654 1953 810 2016 uniuersis
824 1954 939 2035 quibus
961 1974 1088 2036 presens
1108 1957 1260 2037 scriptum

232 2067 383 2150 patuerit,
403 2083 497 2127 omne
511 2058 638 2127 bonum.

315 2176 420 2252 Quum
435 2174 512 2238 nibil
528 2174 752 2239 memorialiter
765 2176 948 2251 retineatur,
967 2177 1028 2239 nisi
1047 2178 1106 2240 sub
1120 2179 1261 2242 testimo-

233 2289 287 2353 nio
301 2289 461 2352 literarum
476 2288 672 2361 obseruator,
693 2288 732 2351 ad
747 2289 927 2351 uniuersam
950 2289 1044 2370 igitur
1058 2296 1122 2351 tam
1136 2291 1263 2353 moder·

232 2420 346 2465 norum
360 2419 454 2484 quam
475 2398 653 2462 futurorum
679 2407 788 2462 tenore
804 2399 1004 2482 presencimn
1018 2398 1164 2462 uolumus
1179 2401 1263 2464 noti·

233 2514 313 2576 ciam
334 2512 519 2594 peruenire,
541 2512 627 2593 quod
642 2531 698 2573 nos
712 2511 889 2574 libertatem
904 2511 1063 2594 hospitum
1082 2522 1261 2575 nostrorum

233 2626 272 2688 do
296 2625 367 2686 loeo
388 2632 500 2685 uocato
523 2622 642 2684 scilicet
656 2624 775 2696 Cosue,
797 2622 916 2684 eisdem
940 2641 1120 2685 concessum
1134 2643 1261 2706 semper

230 2735 352 2797 firmam
374 2743 407 2796 et
425 2733 545 2795 illesam
565 2752 749 2816 permanare
775 2734 934 2807 uolentes,
964 2733 1130 2815 priuilegio
1152 2719 1260 2796 nostro

232 2846 377 2909 duximus
392 2864 462 2907 esse
477 2844 734 2908 confirmandam.
760 2845 954 2927 prefatorum
969 2844 996 2907 si
1011 2845 1138 2927 quidem
1153 2845 1261 2927 bospi-

230 2966 297 3022 tnm
310 2956 438 3019 libertas
451 2958 483 3018 in
498 2956 581 3020 huna
595 2958 723 3019 modum
737 2965 786 3020 est
799 2956 953 3019 ordinata.

312 3065 358 3148 (1)
379 3075 414 3130 ut
426 3069 585 3130 annuatim
599 3067 721 3149 singule
736 3067 916 3130 mansiones
941 3070 1043 3131 locum
1064 3068 1259 3131 nominatum

230 3179 451 3254 inhabitantes,
472 3179 603 3242 tercium
622 3179 761 3241 medium
783 3179 906 3261 pondus
928 3180 1017 3241 nobis
1032 3180 1157 3242 soluere
1172 3187 1260 3242 tene·

231 3299 332 3364 antur,
353 3300 384 3353 et
397 3290 509 3352 maiori
523 3289 597 3352 uilla
612 3309 709 3350 unum
725 3289 889 3351 denarium
904 3297 1082 3352 currentem
1097 3309 1155 3370 pro
1167 3287 1258 3351 irisa-

312 3510 358 3592 (2)
380 3520 524 3594 preterca
546 3512 647 3574 eciam
666 3512 760 3574 iidem
779 3511 920 3597 hospites
941 3512 1039 3574 semel
1055 3512 1085 3573 in
1101 3530 1184 3573 anno
1200 3531 1258 3572 nos

230 3631 377 3685 tenentur
392 3624 568 3706 srrscipere,
589 3631 621 3686 et
635 3625 674 3685 ad
690 3632 829 3686 nostram
844 3623 1009 3706 coquinam
1032 3643 1128 3685 unum
1142 3624 1257 3685 bouem

229 3740 356 3795 tenuem
371 3743 425 3796 aut
439 3754 570 3816 porcum
585 3735 721 3807 bonum,
742 3734 852 3797 decem
868 3733 1007 3815 gallinas,
1030 3734 1109 3796 duos
1129 3753 1259 3797 anseres

229 3843 305 3907 dare
322 3852 497 3908 teneantur.

310 3955 355 4038 (3)
376 3958 486 4019 uinum
500 3955 600 4020 eciam
615 3957 640 4020 si
655 3978 714 4039 pro
728 3955 791 4020 leui
806 3957 876 4019 loro
886 3956 1054 4039 contigerit
1067 3977 1260 4040 comparare,

228 4066 338 4129 (lacem
354 4064 498 4140 cubulos,
518 4068 545 4130 si
560 4076 664 4130 autom
678 4087 736 4150 pro
756 4068 886 4142 cariori,
907 4067 1047 4151 quinque
1062 4069 1193 4132 cubulos
1210 4076 1259 4132 te-

227 4185 342 4242 nentur
356 4175 592 4253 administraro,
613 4183 646 4241 et
658 4197 756 4261 panos
769 4179 802 4243 in
816 4176 1021 4245 aufficienoia.
