2798 4764
410 374 546 423 trosssu
568 374 667 422 essm
688 376 896 426 euronotus
916 358 996 446 (sat.
1176 362 1217 430 ts

189 528 251 593 «lux
264 516 373 611 Arpstl
387 527 534 612 migrauit
549 529 587 593 de
601 528 663 593 boc
677 530 795 606 seculo,
823 534 877 617 qui
890 534 1060 600 honorilice
1075 534 1215 619 sepultus

189 649 236 705 est
248 660 347 724 supra
361 649 454 723 caput
467 641 560 704 unius
576 643 665 725 parui
679 644 833 721 fluminis,
853 646 908 729 qui
922 648 1082 713 descendit
1103 670 1159 733 per
1171 649 1216 713 al-

188 772 262 815 uum
284 750 444 835 lapideum
466 752 499 814 in
517 752 676 815 ciuitatem
697 753 801 817 Atbile
824 754 925 838 regis,
953 756 1008 819 ubi
1028 757 1126 820 eciam
1144 765 1218 842 post

187 863 429 929 conuersionem
443 864 664 949 Huugarorum
679 865 823 929 edificata
844 875 893 930 est
913 866 1064 943 ecclesia,
1084 889 1144 954 que
1158 889 1215 935 uo·

188 984 274 1041 catur
291 975 373 1049 alba,
395 976 454 1038 sub
468 975 589 1039 bonore
606 976 698 1040 beate
713 978 809 1041 blarie
829 976 968 1062 uirginis.

266 1194 334 1280 [53]
357 1197 400 1260 Dc
420 1200 591 1261 mecanicae
612 1200 697 1263 lutto
719 1200 810 1265 dudo.
853 1203 893 1265 Et
913 1203 1065 1267 successit
1084 1202 1113 1266 ei
1131 1201 1213 1269 filius

190 1332 260 1376 suus
280 1310 387 1384 Zulta,
415 1310 524 1373 similis
544 1312 624 1393 patri
646 1312 800 1387 moribus,
829 1313 986 1377 dissimilis
1008 1323 1129 1379 natura.
1156 1314 1214 1380 luit

195 1422 272 1486 euim
283 1422 349 1486 tlux
362 1421 453 1485 Zulta
465 1442 577 1506 parum
600 1423 706 1487 blesus
722 1432 753 1488 et
768 1425 936 1500 candidus,
957 1426 1068 1511 capillo
1083 1426 1214 1492 molliet

197 1532 280 1607 buo,
304 1542 426 1598 statura
439 1534 602 1608 mediocri,
624 1533 688 1597 dux
702 1534 881 1611 bellicosus,
910 1537 1014 1601 animo
1028 1537 1128 1614 sortis,
1155 1540 1212 1604 sed

193 1646 351 1711 inciuibus
362 1645 510 1720 clemens,
533 1665 612 1710 uoce
627 1648 733 1721 suani,
747 1648 804 1711 sed
816 1648 948 1731 cupidus
963 1650 1101 1733 imperii,
1116 1672 1211 1735 quem

189 1776 295 1822 omnes
309 1758 458 1842 primates
473 1768 504 1822 et
518 1757 631 1821 milites
645 1758 807 1842 ilungarie
827 1760 907 1822 miro
921 1761 1015 1823 modo
1031 1734 1210 1845 diligebant.

187 1870 347 1933 transactis
361 1870 548 1953 quibusdam
563 1870 768 1952 temporibus,
790 1870 852 1934 dur
863 1871 950 1935 Zulta
965 1884 1133 1938 comesset
1147 1882 1210 1940 tre·

189 1982 286 2046 lecim
301 2002 474 2055 annorum,
495 2001 604 2044 omnes
620 1982 766 2066 primates
780 1984 868 2066 regni
883 1985 946 2059 sui,
962 1986 1119 2048 communi
1134 2007 1210 2050 con-

187 2092 251 2157 cilio
272 2100 305 2157 et
322 2094 393 2176 peri
413 2092 592 2167 uoluntate,
613 2094 767 2177 quosdam
786 2101 924 2157 rectores
944 2096 1033 2179 regui
1054 2096 1208 2162 subduco

186 2206 402 2290 prefecerunt,
422 2206 475 2289 qui
501 2205 714 2269 moderamine
738 2206 814 2270 iuris
837 2207 1090 2281 consuetudinis,
1119 2206 1209 2272 dissi·

186 2318 330 2383 leucium
351 2317 421 2380 lites
443 2319 728 2400 contencionesque
743 2317 893 2399 sopirent.
922 2318 999 2381 alios
1015 2325 1118 2381 autem
1134 2338 1209 2382 cou-

185 2430 349 2494 stitueruut
371 2429 517 2493 ductores
540 2430 712 2501 exercitus,
741 2448 812 2489 cunr
836 2427 947 2510 quibus
969 2428 1095 2491 diuersa
1112 2448 1211 2512 regna

184 2549 355 2615 uastarent,
385 2561 517 2624 quorum
542 2541 668 2603 uomina
691 2540 752 2603 bec
776 2539 881 2602 luere:
909 2539 986 2603 Lelu
1010 2539 1092 2603 lilius
1111 2542 1210 2616 Tosu,

185 2652 318 2729 Bulsuu,
340 2654 389 2717 uir
403 2654 580 2736 sauguinis,
601 2650 682 2716 lilius
696 2652 816 2737 Bogat,
837 2652 959 2716 Botond
979 2652 1061 2716 lilius
1076 2651 1209 2737 Culpuu,

186 2774 273 2830 eraut
296 2767 379 2829 enim
400 2766 450 2829 isti
472 2766 529 2829 uiri
549 2766 688 2829 bellicosi
710 2775 743 2830 et
762 2764 859 2829 l'ortes
877 2765 910 2827 in
931 2764 1053 2840 auimo,
1074 2786 1208 2849 quorum

185 2897 257 2943 curs
278 2876 364 2941 nulla
383 2877 441 2941 luit
459 2877 534 2952 alia,
561 2879 621 2941 nisi
636 2878 762 2941 domino
776 2899 833 2941 suo
847 2878 1013 2961 subiugare
1030 2886 1155 2961 gentes,
1177 2886 1209 2944 et

185 2990 347 3055 deuastare
362 3010 459 3075 regna
473 2991 617 3054 aliorum.
638 2992 692 3075 qui
707 2997 836 3073 accepta
850 2988 981 3053 licencia
997 3010 1016 3052 a
1029 2991 1109 3054 duce
1120 2989 1208 3054 Zulta

185 3122 254 3167 eum
266 3104 405 3168 exercitu
420 3104 452 3165 in
467 3102 655 3166 Carintbiam
669 3103 714 3166 ire
729 3103 955 3175 decreuerunt,
976 3111 1007 3166 et
1021 3121 1076 3185 per
1090 3102 1206 3165 Forum

184 3212 250 3278 lulli
270 3214 303 3277 in
316 3212 487 3277 marchiam
502 3214 688 3277 Lombardie
709 3220 881 3287 uenerunt,
910 3213 962 3276 ubi
976 3212 1133 3277 ciuitatem
1148 3212 1206 3275 Pa-

185 3326 275 3391 tluam
290 3327 419 3391 cedibus
435 3335 466 3389 et
479 3326 642 3400 incendiis,
663 3335 695 3389 et
708 3325 812 3410 gladio
828 3334 860 3389 et
872 3325 988 3409 rapinis
1003 3326 1121 3408 magnis
1135 3346 1206 3390 cru-

185 3439 558 3504 tleliterdeuastauerunt.
579 3459 618 3502 ex
630 3437 703 3501 bino
714 3437 866 3502 intrantes
878 3436 1098 3501 Lomburdiam
1109 3437 1207 3502 multa

184 3550 384 3617 malefacere
399 3558 558 3636 ceperunt,
577 3570 709 3635 quorum
724 3549 878 3614 uioleucie
896 3568 931 3612 ae
945 3548 1083 3613 belluino
1097 3549 1206 3627 furori,

183 3686 251 3731 eum
265 3676 349 3731 terre
365 3664 466 3729 incole
480 3666 512 3728 in
528 3685 624 3728 uuum
639 3683 751 3748 agmen
763 3660 940 3746 conglobati
954 3662 1100 3727 resistere
1112 3683 1205 3727 cona-

181 3788 298 3854 rentur,
326 3789 401 3843 tunc
425 3776 661 3842 innumerabilis
686 3776 848 3839 multitudo
873 3775 1122 3840 Lombardorum
1146 3795 1204 3860 per

180 3888 347 3975 ilungaros
361 3889 472 3954 ictibus
487 3891 668 3973 sagittarum
681 3887 782 3972 periit,
797 3886 1032 3971 quamplurimis
1047 3886 1202 3970 episcopis

181 4011 213 4069 et
225 4003 389 4069 comitibus
404 4002 573 4067 trucidatis.
603 4009 677 4066 tunc
692 4001 878 4075 Lutuardus,
899 3998 1065 4083 episcopus
1079 3996 1203 4062 Uercel-

179 4112 275 4182 lensis
296 4114 442 4191 ecclesie,
463 4114 513 4179 uir
527 4114 806 4188 nominatissimus,
829 4110 931 4176 Caroli
951 4110 1079 4176 minoris
1101 4128 1203 4196 quou-

180 4228 254 4297 tlm
273 4228 469 4317 imperatoris
488 4225 741 4295 bmibanssimus
766 4225 883 4293 amicus
905 4220 1161 4395 acblideltssimus
1182 4238 1203 4289 a
