2798 4764
174 325 237 394 ata
276 339 476 394 morsurus.
490 344 580 391 arcas
594 343 744 392 rraaaras
758 342 1013 389 soaronrssrmr.
1035 323 1126 388 tm.

176 502 251 584 ipsis
276 501 405 564 decimis
429 499 495 562 uini
520 519 559 563 eo
580 499 675 562 modo
698 497 929 581 persoluautur,
957 497 1038 560 sicut
1057 503 1202 577 tempore

177 614 335 677 uindemie
347 613 380 674 in
396 612 540 676 torculari
555 620 691 674 mustum
706 621 916 692 comparatur.

259 727 336 801 (10)
359 724 405 786 ad
426 725 486 786 hec
504 731 618 787 terram
632 724 877 786 uduornicorum
893 731 1072 785 nostrorum
1095 720 1127 782 in
1141 729 1206 783 ter-

176 838 283 901 ritorio
298 838 452 900 dictorum
467 835 583 898 ciuium
598 835 857 916 Suprunieusium
873 835 1085 906 adiacentem,
1108 853 1204 915 quam

177 949 251 1011 olim
266 947 340 1010 Bela
359 967 438 1009 auus
458 955 566 1008 noster
587 953 617 1008 et
631 945 807 1027 Stephanus
826 953 915 1026 pater
929 953 1046 1017 noster,
1068 945 1206 1006 serenis·

177 1059 248 1122 simi
261 1078 353 1141 reges
368 1057 526 1139 ilungarie
541 1057 587 1120 eis
602 1055 811 1128 contulerant,
825 1056 900 1136 ipsis
916 1056 1037 1117 ciuibus
1053 1053 1206 1137 relinqui·

179 1190 259 1243 mus,
272 1170 355 1231 iuxta
370 1167 598 1231 continenciam
612 1166 785 1230 litterarum
800 1186 909 1249 regum
925 1166 1136 1250 predictorum
1150 1184 1206 1248 pa·

180 1279 268 1345 cilice
282 1278 516 1362 possidendam.

263 1393 340 1466 (ll)
363 1391 459 1453 Porro
480 1390 520 1452 ad
541 1389 794 1453 melioracionem
817 1390 892 1452 dicti
914 1391 1007 1452 castri
1026 1389 1125 1452 nostri
1148 1390 1207 1451 Su-

180 1522 278 1586 prou,
299 1501 572 1565 animaduersione
594 1501 699 1563 debita
720 1500 884 1584 inuigilare
904 1502 1082 1581 cupientes,
1103 1501 1208 1562 consi·

182 1613 391 1694 derautesque
406 1614 519 1674 damna
536 1612 735 1684 eorumdem,
756 1631 818 1693 que
833 1620 904 1693 post
919 1619 1060 1673 nostrum
1077 1611 1210 1674 descen-

182 1745 252 1786 sum
272 1732 345 1787 suot
367 1725 523 1804 perpessi,
544 1723 721 1805 sagittarios
740 1731 863 1786 nostros
882 1725 921 1785 de
936 1722 1008 1785 uilla
1025 1724 1108 1784 Luer
1129 1742 1209 1805 quo-

183 1855 252 1899 rnm
274 1835 473 1896 medietatem
489 1835 562 1896 Bela
584 1855 640 1896 rex
662 1854 739 1896 auus
755 1843 862 1898 noster
877 1843 909 1897 et
922 1835 1098 1916 Stephanus
1118 1844 1210 1916 pater

183 1954 291 2008 noster
315 1947 347 2007 in
371 1944 509 2025 ipsorum
534 1945 650 2007 ciuium
675 1965 839 2008 numerum
862 1954 893 2008 et
918 1946 1210 2028 augmentacionem

181 2055 420 2130 transtulerant,
450 2057 542 2119 simul
567 2076 638 2118 curn
664 2057 723 2119 alia
746 2057 912 2119 medietate
932 2057 963 2117 in
984 2057 1075 2118 terris
1098 2076 1210 2119 eorum

184 2169 398 2232 concessimus
414 2169 453 2231 ad
469 2168 747 2229 conseruacionem
763 2167 854 2229 castri
875 2177 906 2230 et
919 2171 1210 2250 augmentacionem

184 2282 299 2345 ciuium
318 2281 546 2363 predictorum,
570 2280 714 2343 uolentes
736 2290 769 2342 ut
789 2280 884 2341 iidem
907 2281 1057 2363 sagittarii
1077 2282 1131 2343 illa
1153 2302 1211 2364 per

186 2394 291 2456 omnia
308 2393 469 2475 ‘gaudeant
490 2393 649 2466 libertate,
683 2413 745 2474 qua
772 2391 845 2454 dicti
872 2393 957 2454 ciues
978 2393 1211 2475 Suprunieusea

185 2501 387 2587 gratulantur,
413 2504 495 2567 sicut
519 2503 551 2565 id
574 2504 696 2584 plenius
715 2503 747 2564 in
772 2503 832 2565 alio
855 2513 963 2566 nostro
983 2506 1149 2588 priuilegio
1172 2526 1212 2569 ex

185 2616 259 2677 iude
275 2615 418 2676 coniecto
433 2615 622 2677 continetur.

271 2726 307 2786 Ut
321 2726 414 2808 igilur
429 2726 609 2787 huiusmodi
624 2726 775 2789 libertatis
790 2729 887 2792 series
906 2738 936 2791 et
955 2731 1141 2793 collusiones
1157 2752 1215 2814 per

189 2835 366 2898 carissimus
382 2838 598 2918 progenitores
613 2847 736 2900 nostros
751 2839 886 2902 illustres
906 2861 997 2923 reges
1018 2842 1099 2906 lacte
1115 2855 1145 2908 et
1160 2845 1216 2906 de-

189 2967 274 3009 mum
302 2968 360 3028 per
380 2966 438 3008 nos
454 2946 636 3010 confirmate
656 2960 808 3031 perpetuo
824 2952 938 3014 robore
953 2952 1136 3028 fulciantur,
1157 2973 1217 3017 nec

190 3060 309 3142 possint
323 3060 386 3120 ullo
401 3080 538 3142 unquam
553 3069 693 3140 tempore
709 3062 739 3123 in
754 3063 873 3125 irritum
888 3067 1064 3139 retractari,
1086 3088 1218 3148 presen-

190 3183 237 3236 tes
255 3172 375 3235 eisdem
396 3172 516 3234 ciuibus
531 3173 744 3235 concessimus
760 3176 887 3249 litteras,
908 3178 1039 3259 duplicis
1054 3179 1144 3261 sigilli
1160 3199 1218 3242 no·

189 3284 244 3346 stri
259 3285 430 3346 munimine
445 3284 616 3346 roboratas.
639 3285 744 3348 datum
760 3306 816 3367 per
830 3306 940 3350 munus
955 3289 1143 3351 uenerabilis
1158 3290 1220 3353 uiri

190 3396 329 3479 magistri
341 3397 471 3468 Thome,
485 3395 576 3458 electi
588 3397 720 3459 ecclesie
732 3397 885 3471 albensis,
899 3400 970 3461 aule
982 3409 1086 3463 nostre
1098 3401 1133 3461 V.
1145 3422 1220 3464 can·

191 3506 320 3578 cellarii,
341 3506 444 3569 dilecti
460 3515 491 3568 et
504 3506 604 3569 fidelis
625 3508 732 3570 nostri.
762 3529 845 3572 anno
860 3511 978 3573 domini
992 3511 1221 3575 mcccxxvii

191 3617 280 3699 regni
305 3625 409 3680 autem
431 3617 530 3680 nostri
551 3629 650 3680 sexto.
