2798 4764
218 294 363 349 tentem
381 296 428 345 su.
447 292 539 345 suess
567 292 772 345 cossrrrcrso
801 294 841 345 nc
862 292 1005 348 cestris.
1055 278 1145 349 tm.
1186 276 1247 350 stt

303 452 348 533 (ὅ)
371 454 411 517 Et
433 453 506 535 quis
526 454 653 535 copiosu
677 453 842 517 multitudo
856 454 1064 521 Cumanorum
1086 458 1249 541 copiosum

218 574 304 630 terre
324 567 463 647 specium
485 566 641 648 cupiebat,
666 567 840 636 statuimus,
861 576 895 629 ut
917 566 966 636 hi,
991 567 1134 650 quicum
1154 588 1251 650 genc-

220 678 346 741 melone
361 696 418 739 sus
440 676 521 740 inter
536 677 712 739 Danubium
733 687 766 741 ct
781 677 919 750 Tisiam,
940 686 993 740 eut
1012 679 1099 741 iustu
1119 680 1249 743 fluuium

218 788 318 860 Kriss,
347 787 399 850 uel
420 787 502 850 iuter
528 788 655 851 llumins
677 789 784 850 Morus
809 798 841 851 st
865 789 947 863 liris,
975 799 1028 853 unt
1051 810 1091 853 ex
1114 801 1248 873 utreque

220 909 308 983 perte
323 899 459 963 llnminis
474 900 634 974 eiusdem,
657 901 708 963 uel
723 900 804 965 inter
818 902 946 965 llumiun
958 904 1075 984 Tymus
1088 913 1120 966 ct
1131 904 1247 977 biuros,

218 1017 273 1074 sut
286 1010 369 1073 circs
384 1010 496 1073 eudem
511 1010 749 1085 descernleruut,
772 1020 803 1074 et
818 1031 881 1075 nou
896 1013 983 1087 alias,
1004 1016 1060 1077 sen
1076 1035 1173 1097 super
1186 1015 1249 1077 eis·

220 1122 292 1185 tlem
306 1122 486 1184 fluminibus
501 1142 557 1185 seu
579 1122 672 1195 locis,
693 1122 761 1185 siue
776 1124 884 1198 terris,
906 1145 1002 1206 super
1016 1126 1129 1207 quibus
1146 1126 1251 1208 primi-

219 1242 270 1296 tus
284 1233 455 1316 quamlibet
465 1234 708 1315 generacionem
719 1254 790 1298 cum
804 1236 869 1297 suis
884 1237 1093 1300 tabernuculis
1104 1238 1250 1301 domiuus

220 1345 295 1408 Belu
309 1366 365 1408 rex
381 1365 459 1407 ursus
475 1354 582 1409 noster
595 1346 725 1409 illustris
740 1368 796 1410 rex
810 1348 986 1429 liungsrie,
1008 1349 1122 1431 inclyte
1144 1369 1250 1411 recor-

221 1457 373 1530 dacionis,
395 1458 588 1520 descendere
614 1457 748 1531 lecerat,
769 1459 811 1521 ibi
836 1468 868 1522 et
893 1480 976 1523 nunc
999 1440 1193 1525 descendunt
1217 1469 1249 1525 et

221 1570 380 1633 resideant
400 1570 495 1631 modo
518 1570 688 1651 promisso,
711 1578 858 1651 tusiqunm
882 1572 1003 1635 nobiles
1025 1574 1113 1654 regni
1139 1574 1251 1647 nostri,

221 1681 414 1743 conterendo
435 1690 467 1743 et
487 1681 592 1744 dendo
616 1680 662 1742 eis
682 1680 725 1743 ibi
748 1690 847 1744 terras
868 1693 1047 1746 nostrorum
1063 1684 1251 1747 uduornico-

221 1814 290 1857 rum
306 1794 507 1875 reginulium,
530 1802 562 1856 et
576 1793 652 1855 ulios
667 1802 767 1857 terres
782 1795 1106 1869 condicionuriorum,
1127 1804 1181 1859 eut
1193 1796 1253 1859 ho·

220 1904 338 1967 minum
364 1905 533 1977 nobilium,
561 1905 630 1967 sinc
663 1904 779 1967 bercde
808 1905 1050 1978 decedeucium,
1080 1906 1252 1987 quamlibet

220 2017 342 2080 illarum
356 2037 426 2079 cum
443 2015 642 2097 pertinenciis
655 2026 686 2080 et
703 2016 887 2078 utilitatibus
900 2018 975 2089 suis,
985 2017 1082 2097 syluis
1092 2016 1250 2091 uidelicet,

221 2127 343 2201 ferretis,
365 2129 540 2210 piscaturis,
562 2147 640 2209 quas
655 2146 765 2189 eorum
781 2127 954 2191 descensus
968 2128 1173 2201 concluserit,
1186 2148 1249 2210 qne

220 2249 326 2303 nostre
341 2239 505 2303 collacioni
522 2241 560 2302 de
576 2239 643 2301 iure
659 2239 885 2320 dignoscuntur
900 2238 1068 2319 pertinere,
1084 2257 1250 2301 remensu-

220 2352 302 2416 tibus
316 2352 438 2415 iuribus
454 2361 486 2415 et
500 2350 752 2432 possessionibus
775 2350 1034 2412 monasteriorum
1057 2359 1089 2413 et
1102 2349 1250 2413 ecclesis·

220 2484 290 2529 rum
303 2484 429 2546 semper
444 2464 549 2526 saluis.

301 2574 349 2657 (o)
372 2577 522 2639 ltedimus
537 2578 665 2656 insuper
679 2582 711 2637 ct
721 2574 910 2637 contulimus
921 2575 1041 2637 eisdem
1055 2594 1172 2640 uscnss
1185 2582 1249 2639 ter-

219 2708 271 2751 res
286 2689 436 2751 nobilium
456 2696 489 2751 et
509 2686 733 2768 iobbspiouum
748 2687 857 2761 cusiri,
880 2687 972 2762 tales,
993 2708 1055 2770 que
1069 2707 1087 2750 u
1103 2696 1245 2771 tempore

220 2803 420 2865 Tartaromm
437 2820 534 2864 uscue
550 2801 754 2881 perstiterunt
768 2810 799 2863 ct
821 2800 986 2864 fructuosis
999 2800 1183 2865 utilitatibus
1196 2818 1249 2865 cs·

218 2922 303 2987 rent,
332 2913 478 2978 uidelicet
501 2910 665 2994 piscaturis
685 2922 716 2977 et
743 2913 841 2996 syluis
861 2913 1041 2988 lucretiuis,
1063 2912 1106 2976 its
1125 2922 1248 2987 temen,

220 3025 307 3106 qrsod
331 3026 441 3089 iisdem
468 3025 634 3099 nobilibus,
662 3034 694 3088 et
719 3025 969 3106 iobbepponibus
992 3034 1165 3088 castrorum
1189 3040 1247 3085 nes

220 3158 279 3218 pro
293 3138 404 3200 talibus
420 3139 527 3199 uacuis
550 3137 640 3199 terris
660 3136 800 3217 ipsorum
822 3144 877 3199 eut
890 3136 1005 3197 iustum
1021 3133 1163 3215 precium
1175 3150 1249 3215 per·

220 3250 390 3321 noluemus,
411 3259 464 3312 uut
486 3247 702 3309 concambium
723 3247 908 3327 erpriuslens
929 3244 1141 3307 conteremus.
1168 3262 1248 3325 ques

222 3380 332 3424 omncs
354 3361 449 3424 iidem
472 3359 592 3423 domini
614 3368 646 3421 et
667 3358 790 3420 nobiles
812 3359 852 3420 de
867 3357 1024 3429 Comanis,
1047 3357 1087 3419 dc
1108 3355 1249 3438 quelibet

221 3472 431 3555 generacione
452 3473 579 3554 ipsimet
597 3472 678 3535 inter
692 3490 727 3533 se
742 3470 899 3542 diuident,
920 3487 979 3550 pro
995 3468 1089 3530 modo
1103 3474 1136 3531 et
1148 3467 1250 3551 qusti-

221 3592 284 3648 tete
298 3583 479 3657 cuiuslibet,
499 3582 568 3645 sine
583 3590 676 3644 stetu.

302 3693 348 3776 (7)
370 3693 463 3758 ‘isles
477 3714 555 3757 uero
570 3713 687 3756 uacuas
701 3703 800 3757 terres
815 3693 965 3755 nobilium
981 3702 1012 3756 et
1026 3693 1248 3777 iobbsgturuu

221 3816 412 3880 castrorum,
432 3828 495 3890 quse
516 3807 684 3869 fructuosis
708 3806 814 3888 uigent
833 3805 1016 3869 utilitatibus
1036 3812 1069 3869 ct
1088 3806 1250 3871 mutent

220 3920 384 4002 piscaturis
403 3919 553 3983 uidelicet
572 3929 605 3982 et
623 3919 720 4002 syluis
742 3917 893 3991 indensis,
913 3918 1180 4000 quemadmodum
1200 3924 1251 3979 est

222 4031 422 4113 premissum,
436 4039 469 4093 et
480 4030 580 4094 eciam
595 4039 696 4093 terres
711 4026 800 4103 tales,
813 4047 909 4112 super
921 4031 1036 4113 quibus
1049 4028 1146 4093 iite-
1158 4024 1249 4091 nobi-

219 4141 269 4208 les
286 4149 320 4208 st
338 4142 541 4226 iobbeplones
555 4143 648 4208 csstri
669 4140 825 4207 domicilia
838 4150 892 4205 eut
906 4141 1050 4225 populos,
1070 4156 1129 4203 ssu
1141 4135 1250 4203 utttn
