2798 4764
396 364 571 413 mauunmr
592 349 1002 439 manumulierum.
1151 334 1214 424 fis?
1237 318 1240 326 Ι

263 629 312 713 (b)
335 631 488 709 Quomodo
506 653 563 696 reo·
580 635 653 697 Belo
675 637 876 700 introduxerit
897 658 992 719 reqern
1015 639 1213 706 &monum
1334 695 1342 702 .

181 749 215 808 in
231 745 434 825 Hunqariom.
469 745 568 827 Igitur
583 765 665 808 anno
679 746 847 811 MCCXLH
865 749 904 811 ab
918 751 1140 815 incarnacione
1154 754 1212 818 du-

181 857 258 918 mini
273 857 318 918 sic
333 855 457 930 euenit,
479 865 513 920 ut
527 857 653 919 Kutben
670 857 880 921 Cumanorum
901 881 958 922 rex
973 862 1013 923 ad
1029 862 1146 924 dictum
1160 884 1212 928 ru·

183 978 253 1053 gem
268 966 415 1032 solennes
430 970 562 1031 nuncios
575 969 783 1034 destinauerit
796 991 942 1035 asserens
957 992 990 1035 se
1005 973 1110 1036 multis
1122 975 1210 1039 annis

182 1099 253 1143 cum
275 1080 414 1142 Tartaris
439 1082 651 1163 pugnauisse,
684 1101 721 1143 ao
746 1082 917 1147 obtinuisse
942 1084 1064 1147 duabus
1088 1085 1211 1151 uicibus

181 1192 348 1256 uictoriam
363 1199 472 1254 eontra
494 1210 568 1266 eos,
590 1193 688 1255 tercia
703 1212 782 1257 ueru
795 1195 884 1269 uice,
905 1215 975 1258 cum
990 1195 1140 1260 existeret
1152 1198 1211 1258 ina·

182 1312 319 1386 paratus,
341 1312 456 1366 terram
470 1321 560 1366 suam
575 1304 678 1367 subito
694 1305 888 1380 intrauerint,
902 1309 946 1369 ita
959 1316 994 1370 ut
1006 1309 1075 1390 ipso
1090 1307 1209 1371 babere

183 1415 357 1479 exercitum
378 1423 579 1498 nequeunte,
605 1435 677 1478 cnm
693 1417 768 1480 dare
782 1426 870 1499 terga
885 1419 1060 1501 oportuerit
1073 1416 1210 1484 Tartorls

182 1518 363 1591 sceleratis:
384 1530 418 1591 et'
436 1528 481 1589 sio
500 1546 644 1611 magnam
660 1537 780 1609 onmem
793 1537 878 1593 terre
893 1531 1007 1612 ipsius,
1028 1531 1210 1596 bominibus

182 1641 367 1713 interemtis,
388 1639 543 1703 hostiliter
558 1642 785 1716 destruxerint,
806 1644 1051 1725 propterquod,
1072 1645 1098 1705 si
1113 1624 1211 1710 uellet

181 1751 283 1832 ipsum
297 1751 475 1833 suscipere,
498 1770 533 1813 au
547 1751 579 1813 iu
594 1751 738 1815 libertate
750 1761 875 1827 tenere,
896 1772 931 1815 se
946 1761 979 1816 ct
992 1773 1066 1816 suos
1080 1758 1224 1837 paratus¹

182 1872 266 1927 esset
284 1865 312 1926 ci
337 1864 492 1937 subdere,
524 1882 560 1926 ao
582 1882 655 1926 curn
677 1865 919 1948 consanguineis
942 1864 1156 1948 fratribusque
1176 1872 1210 1930 et

182 1975 289 2038 amicis
303 1976 386 2049 suis,
408 1975 567 2057 rebusque
581 1975 716 2038 elbonis
731 1975 898 2038 mobilibus
913 1977 1058 2040 omnibus
1072 1978 1105 2038 in
1119 1976 1210 2040 flun-
1268 1981 1278 2008 ⁸

182 2089 300 2172 gatiam
315 2089 452 2162 intrare,
473 2097 504 2150 ct
518 2087 620 2169 ipsum
636 2086 668 2149 in
681 2086 745 2149 tide
761 2087 914 2150 catholica
927 2087 1051 2150 imitari.
1071 2107 1136 2169 quo
1152 2091 1209 2153 ad·

181 2199 246 2263 dito
270 2218 327 2262 rex
351 2198 489 2280 repletus
513 2206 562 2260 cst
586 2198 701 2280 gaudio
726 2216 840 2280 magno
866 2197 975 2272 ualde,
1000 2208 1068 2261 tum
1087 2217 1145 2279 pro
1166 2218 1208 2263 eo

182 2311 265 2393 quod
279 2309 350 2373 talis
364 2311 520 2392 princeps,
543 2311 572 2372 ei
588 2311 678 2393 quasi
694 2328 751 2389 par
763 2309 925 2382 hactenns,
945 2309 1015 2371 cius
1032 2327 1066 2371 se
1080 2307 1209 2373 uolebat

180 2422 337 2485 subiicere
347 2421 474 2494 dicioni,
488 2429 555 2484 tum
567 2421 641 2502 quia
657 2427 779 2503 poterat
792 2421 831 2482 ad
846 2421 993 2482 effectum
1008 2420 1124 2482 ducere
1134 2438 1213 2501 pros

181 2542 349 2615 concepta,
377 2532 601 2595 lucrifaciendo
621 2540 668 2594 tot
688 2531 808 2595 animan
827 2531 898 2594 Iesu
913 2530 1038 2595 Christo
1060 2531 1150 2594 etsie
1169 2531 1210 2596 li·

182 2645 328 2707 cenciatis
350 2644 488 2717 nunciis,
509 2663 573 2705 non
595 2643 730 2705 minimis
752 2644 936 2706 muneribus
958 2643 1136 2719 honoratis,
1166 2642 1208 2709 {tl

182 2755 300 2819 dictum
321 2755 447 2819 Kutben
469 2775 577 2838 regem
601 2756 773 2818 transmisit
791 2774 864 2818 suos
885 2755 1027 2830 nuncios,
1049 2762 1080 2817 et
1093 2756 1207 2820 iratres

181 2866 398 2930 Predioatores
411 2887 482 2929 cum
497 2866 616 2964 eisdem
630 2868 783 2930 mandans
798 2869 886 2950 quod
899 2869 1003 2950 ipsum
1018 2875 1051 2931 et
1062 2884 1137 2932 suos
1151 2884 1209 2950 pa·

181 2989 266 3044 ratus
281 2981 538 3061 esset'recipere,
559 2989 592 3043 et
612 2979 708 3061 petita
725 2981 919 3054 concedere,
938 2981 1026 3042 iuxta
1039 3000 1095 3042 suc
1109 2980 1209 3044 bene

181 3089 328 3173 placitum
349 3090 529 3153 uoluntatis.
560 3091 636 3173 quid
652 3091 762 3174 plural
789 3092 912 3155 nunciis
927 3092 1000 3154 bino
1012 3091 1086 3153 iude
1099 3089 1208 3171 septu

181 3203 342 3266 destinatis
358 3203 517 3283 predictus
532 3203 657 3265 Kutben
681 3222 754 3266 eum
775 3205 839 3266 suis
853 3204 914 3266 iter
928 3202 1059 3284 arripuit
1070 3202 1104 3262 in
1117 3200 1212 3262 tta-²1

181 3315 301 3396 goriam
321 3315 479 3378 ueniendi.
507 3335 563 3377 rex
577 3334 655 3398 uero
670 3314 703 3376 in
718 3323 881 3397 potentatu
901 3312 1036 3377 mirabili
1050 3329 1151 3392 usque
1165 3302 1212 3373 ad

182 3424 349 3489 confinium
364 3434 448 3489 terre
463 3445 520 3489 suo
535 3426 647 3489 obuius
661 3428 691 3489 ei
704 3426 774 3500 fnit,
788 3432 834 3488 tot
845 3424 959 3487 eximin
969 3431 1002 3486 et
1014 3430 1060 3485 tot
1070 3414 1208 3485 bonores

181 3536 210 3601 ei
225 3541 257 3598 et
270 3536 335 3599 suis
349 3536 481 3611 iaciens,
496 3547 532 3600 ut
545 3537 584 3600 ab
597 3537 709 3601 incolis
724 3544 808 3600 terre
822 3536 915 3609 illius,
930 3553 949 3597 a
962 3543 1104 3615 tempore
1118 3533 1208 3597 emm

181 3667 243 3711 non
267 3648 394 3712 extabat
417 3649 585 3723 memoria,
616 3649 734 3711 factum
757 3666 821 3710 non
844 3646 940 3709 tuerit
963 3663 1068 3727 usqne
1093 3642 1208 3711 uisui

179 3760 306 3823 undem
327 3778 399 3824 oum
417 3770 548 3843 propter
569 3761 798 3824 multitudinem
819 3759 852 3822 in
873 3758 946 3821 loeo
959 3759 1124 3823 commode
1139 3776 1210 3831 a&

179 3874 241 3936 rari
261 3893 325 3937 nun
348 3882 480 3956 possent
498 3891 557 3956 pro
577 3892 618 3937 eo
639 3873 725 3956 quod
748 3880 817 3936 erat
834 3890 912 3955 gens
933 3873 1013 3935 dura
1032 3879 1065 3935 et
1077 3880 1214 3954 aspum

178 3984 271 4047 subdi
292 3986 417 4059 nescia,
436 4005 477 4048 ne
493 3986 690 4049 offenderent
702 3985 881 4068 ilungaros,
901 3984 955 4048 uel
968 3976 1212 4047 ouenuomnur

179 4097 219 4160 ab
230 4098 316 4183 ipsis,
330 4097 425 4162 dabat
434 4097 481 4162 eis
492 4098 533 4161 de
544 4096 739 4182 principibus
752 4096 818 4160 suis
832 4114 940 4171 unum,
952 4093 1007 4180 qui
1017 4114 1074 4158 eos
1088 4092 1213 4161 emuna

919 4206 960 4273 l'l
1198 4210 1201 4215 '
