2798 4764
237 316 300 400 ilfl
359 316 513 416 monam
531 352 561 400 s.
573 350 665 403 neers
684 352 835 400 nrnrnms
856 352 1008 401 saxosum.
1051 335 1141 402 till.

320 502 389 588 (tt)
410 508 436 571 si
451 527 527 571 uero
542 528 671 572 manum
690 507 741 572 uel
764 509 877 590 pedem
899 508 1027 572 alterius
1042 509 1184 591 quisquis
1199 529 1266 572 am·

237 618 408 700 putauerit,
431 621 541 683 eadem
558 640 637 703 pena
653 620 810 704 punietur.

320 728 392 811 (15)
413 730 558 796 uolumus
573 733 672 796 eciem
688 741 721 796 ut
736 752 845 796 causas
866 733 939 796 furti
962 742 993 795 et
1007 734 1176 796 effusiones
1192 754 1264 797 san·

238 842 341 925 guinis
358 843 440 906 inter
460 845 545 929 ipsos
567 846 708 929 hospites
730 854 870 920 exortas,
891 845 951 927 ipsi
973 866 1029 908 uos
1053 846 1264 909 discutiamus.

237 953 294 1016 sed
316 954 377 1018 due
399 963 503 1038 partes
523 955 709 1019 iudiciorum
734 957 823 1018 nobis
846 957 1038 1038 pertineant,
1068 957 1162 1018 tercia
1187 977 1263 1019 uero

237 1081 310 1145 pars
324 1065 415 1128 cedat
427 1066 460 1129 iu
473 1067 520 1129 ius
535 1068 633 1131 uillici
647 1069 707 1131 loci
721 1068 814 1132 illius.
970 1136 972 1141 ,

318 1174 357 1240 Ut
376 1185 480 1241 autem
504 1179 563 1243 bec
586 1179 713 1244 libertas
740 1181 897 1263 hospitum
922 1188 1102 1243 nostrorum
1124 1201 1180 1263 per
1202 1203 1262 1245 nos

235 1302 387 1352 concessa
399 1289 432 1351 in
444 1300 606 1372 posterum
620 1292 709 1356 illesa
722 1300 905 1374 permaneat
920 1301 950 1355 et
961 1292 1159 1367 inconcussa,
1168 1293 1263 1376 sigilli

236 1400 336 1462 nostri
356 1401 527 1465 munimine
549 1405 761 1467 concessimus
782 1406 971 1468 roboratam.
1007 1405 1111 1466 datum
1138 1406 1169 1466 in
1194 1403 1263 1486 lgol

236 1526 319 1576 enno
333 1512 453 1577 domiui
466 1512 632 1579 millesimo
647 1516 862 1581 ducentesimo
877 1517 1120 1599 septuagesimo.

581 1767 917 1787 &m

544 1958 745 2045 Sl'lPllllll
768 1960 809 2045 V.
834 1958 956 2044 llldll

258 2120 540 2230 'turnultus
566 2122 825 2199 SAXONUM
858 2124 929 2198 nn
955 2122 1220 2200 SCEPUSlO.

649 2266 844 2331 dcclxxi.

550 2395 575 2447 ll
591 2393 740 2445 membrana
758 2393 942 2459 protograpbe.

646 2534 851 2548 ἡ

315 2643 491 2724 Stephanus
515 2640 565 2704 dei
589 2642 694 2724 gracia
716 2641 891 2724 Hungarie,
916 2640 1089 2715 Dalmacie,
1116 2641 1263 2717 Groneia,

232 2753 341 2828 Reme,
362 2753 483 2827 Seruio,
505 2751 642 2827 Gallicis,
664 2753 862 2827 Lodomerie,
882 2753 1031 2816 Cumania
1053 2754 1262 2838 Bulgarieque

233 2887 299 2930 rex.
339 2865 483 2929 omuibus
507 2874 568 2929 tam
593 2865 790 2947 presentibus
813 2884 907 2947 quam
929 2865 1054 2938 suturis,
1083 2874 1261 2946 presentem

232 2976 379 3062 paginam
398 2974 584 3059 inspecturis
602 2975 733 3040 salutem
756 2974 787 3036 iu
810 2974 950 3037 omnium
974 2974 1140 3038 saluatore.
1173 2977 1260 3058 regie

230 3085 428 3151 sublimitatis
447 3085 656 3163 immensitas,
677 3087 766 3148 cuius
782 3094 829 3149 est
841 3085 874 3147 iu
893 3085 1107 3149 subiectorum
1127 3086 1261 3168 opulen-

233 3201 281 3265 cia
303 3208 334 3263 et
355 3200 462 3282 populi
483 3198 681 3262 multitudine
705 3198 849 3281 gloriari,
873 3198 953 3261 solet
974 3219 1104 3261 suorum
1126 3199 1260 3260 sormam

230 3310 382 3375 libertatis
401 3310 614 3384 subditorum,
636 3319 667 3374 et
680 3309 876 3372 solucionum
892 3328 928 3370 ac
943 3309 1150 3372 seruiciorum
1166 3310 1260 3371 meri-

232 3433 298 3488 tum
313 3423 381 3487 siue
396 3423 523 3485 modum
539 3421 782 3486 misericorditer
795 3421 970 3495 moderari,
986 3430 1020 3483 ut
1034 3421 1158 3503 populis
1173 3429 1261 3485 certa

231 3535 302 3617 lege
316 3532 502 3607 fruentibus,
516 3554 626 3595 eorum
640 3552 790 3595 numerus
802 3541 962 3615 augeatur.
984 3532 1120 3594 Proinde
1135 3532 1174 3593 ad
1190 3531 1261 3593 uni-

232 3663 398 3710 uersorum
414 3643 562 3706 noticiam
576 3644 686 3707 barum
701 3645 784 3708 serie
799 3643 946 3708 uolumus
963 3644 1149 3726 peruenire:
1173 3645 1259 3726 quod

232 3777 303 3819 curn
324 3775 382 3837 per
398 3755 562 3818 transitum
585 3755 701 3818 domini
725 3756 814 3830 Bele,
835 3755 963 3818 illustris
986 3757 1067 3838 regis
1089 3755 1259 3836 llungarie,

229 3867 326 3950 patris
342 3867 440 3929 nostri
452 3867 644 3943 charissimi,
665 3869 764 3932 felicis
778 3868 1020 3941 recordacionis,
1042 3869 1081 3930 ad
1096 3888 1154 3930 nos
1169 3867 1259 3950 regni

230 3978 478 4065 gubernaculum
492 3977 675 4045 deuenisset
690 3982 758 4046 iure
778 3981 986 4054 successorio,
1008 4001 1064 4044 seu
1079 3981 1188 4044 ordine
1204 4001 1259 4063 ge-

230 4093 349 4166 niture,
369 4090 486 4175 placuit
507 4092 598 4155 nobis
618 4095 700 4159 inter
720 4106 825 4160 cetera
846 4093 1021 4158 libertatem
1043 4093 1183 4158 bdelium
1202 4113 1260 4156 uo·

230 4210 367 4271 snorum
393 4202 555 4290 hospitum
575 4206 736 4273 Saxonum
748 4194 798 4273 ¹de
817 4207 935 4293 Scepus
960 4206 1132 4292 graciosius
1153 4205 1256 4271 reior-
